Poker Hand #HD1599607116: Hold'em No Limit ($0.02/$0.05) - 2024/01/21 21:05:41
Table 'NLHBlue34' 6-max Seat #6 is the button
Seat 1: 22e51b44 ($5.21 in chips)
Seat 2: cfff5347 ($6.27 in chips)
Seat 3: Hero ($5 in chips)
Seat 5: dce97d94 ($1.01 in chips)
Seat 6: 864d058 ($4.8 in chips)
22e51b44: posts small blind $0.02
cfff5347: posts big blind $0.05
*** HOLE CARDS ***
Dealt to 22e51b44 
Dealt to cfff5347 
Dealt to Hero [Jh 7d]
Dealt to dce97d94 
Dealt to 864d058 
Hero: folds
dce97d94: folds
864d058: raises $0.08 to $0.13
22e51b44: folds
cfff5347: folds
Uncalled bet ($0.08) returned to 864d058
*** SHOWDOWN ***
864d058 collected $0.12 from pot
*** SUMMARY ***
Total pot $0.12 | Rake $0 | Jackpot $0 | Bingo $0 | Fortune $0 | Tax $0
Seat 1: 22e51b44 (small blind) folded before Flop
Seat 2: cfff5347 (big blind) folded before Flop
Seat 3: Hero folded before Flop (didn't bet)
Seat 5: dce97d94 folded before Flop (didn't bet)
Seat 6: 864d058 (button) collected ($0.12)


Poker Hand #HD1599607106: Hold'em No Limit ($0.02/$0.05) - 2024/01/21 21:05:31
Table 'NLHBlue34' 6-max Seat #5 is the button
Seat 1: 22e51b44 ($5.19 in chips)
Seat 2: cfff5347 ($6.27 in chips)
Seat 3: Hero ($5 in chips)
Seat 5: dce97d94 ($1.01 in chips)
Seat 6: 864d058 ($4.82 in chips)
864d058: posts small blind $0.02
22e51b44: posts big blind $0.05
*** HOLE CARDS ***
Dealt to 22e51b44 
Dealt to cfff5347 
Dealt to Hero [Kc 6h]
Dealt to dce97d94 
Dealt to 864d058 
cfff5347: folds
Hero: folds
dce97d94: folds
864d058: folds
Uncalled bet ($0.03) returned to 22e51b44
*** SHOWDOWN ***
22e51b44 collected $0.04 from pot
*** SUMMARY ***
Total pot $0.04 | Rake $0 | Jackpot $0 | Bingo $0 | Fortune $0 | Tax $0
Seat 1: 22e51b44 (big blind) collected ($0.04)
Seat 2: cfff5347 folded before Flop (didn't bet)
Seat 3: Hero folded before Flop (didn't bet)
Seat 5: dce97d94 (button) folded before Flop (didn't bet)
Seat 6: 864d058 (small blind) folded before Flop


Poker Hand #HD1599606988: Hold'em No Limit ($0.02/$0.05) - 2024/01/21 21:04:38
Table 'NLHBlue34' 6-max Seat #4 is the button
Seat 1: 22e51b44 ($5.19 in chips)
Seat 2: cfff5347 ($5.98 in chips)
Seat 3: Hero ($5 in chips)
Seat 4: cabf07c ($4.3 in chips)
Seat 5: dce97d94 ($1.14 in chips)
Seat 6: 864d058 ($5 in chips)
dce97d94: posts small blind $0.02
864d058: posts big blind $0.05
*** HOLE CARDS ***
Dealt to 22e51b44 
Dealt to cfff5347 
Dealt to Hero [5c Th]
Dealt to cabf07c 
Dealt to dce97d94 
Dealt to 864d058 
22e51b44: folds
cfff5347: raises $0.08 to $0.13
Hero: folds
cabf07c: folds
dce97d94: calls $0.11
864d058: calls $0.08
*** FLOP *** [Kc Ks 7h]
dce97d94: checks
864d058: checks
cfff5347: bets $0.05
dce97d94: folds
864d058: calls $0.05
*** TURN *** [Kc Ks 7h] [Qd]
864d058: checks
cfff5347: bets $0.13
864d058: folds
Uncalled bet ($0.13) returned to cfff5347
*** SHOWDOWN ***
cfff5347 collected $0.47 from pot
*** SUMMARY ***
Total pot $0.49 | Rake $0.02 | Jackpot $0 | Bingo $0 | Fortune $0 | Tax $0
Board [Kc Ks 7h Qd]
Seat 1: 22e51b44 folded before Flop (didn't bet)
Seat 2: cfff5347 won ($0.47)
Seat 3: Hero folded before Flop (didn't bet)
Seat 4: cabf07c (button) folded before Flop (didn't bet)
Seat 5: dce97d94 (small blind) folded on the Flop
Seat 6: 864d058 (big blind) folded on the Turn


Poker Hand #HD1599606943: Hold'em No Limit ($0.02/$0.05) - 2024/01/21 21:04:10
Table 'NLHBlue34' 6-max Seat #3 is the button
Seat 1: 22e51b44 ($5.19 in chips)
Seat 2: cfff5347 ($5.98 in chips)
Seat 3: Hero ($5 in chips)
Seat 4: cabf07c ($4.45 in chips)
Seat 5: dce97d94 ($1 in chips)
cabf07c: posts small blind $0.02
dce97d94: posts big blind $0.05
*** HOLE CARDS ***
Dealt to 22e51b44 
Dealt to cfff5347 
Dealt to Hero [9d 2h]
Dealt to cabf07c 
Dealt to dce97d94 
22e51b44: folds
cfff5347: folds
Hero: folds
cabf07c: calls $0.03
dce97d94: raises $0.1 to $0.15
cabf07c: calls $0.1
*** FLOP *** [6d 8c 2c]
cabf07c: checks
dce97d94: bets $0.23
cabf07c: folds
Uncalled bet ($0.23) returned to dce97d94
*** SHOWDOWN ***
dce97d94 collected $0.29 from pot
*** SUMMARY ***
Total pot $0.3 | Rake $0.01 | Jackpot $0 | Bingo $0 | Fortune $0 | Tax $0
Board [6d 8c 2c]
Seat 1: 22e51b44 folded before Flop (didn't bet)
Seat 2: cfff5347 folded before Flop (didn't bet)
Seat 3: Hero (button) folded before Flop (didn't bet)
Seat 4: cabf07c (small blind) folded on the Flop
Seat 5: dce97d94 (big blind) won ($0.29)


Poker Hand #HD1599606856: Hold'em No Limit ($0.02/$0.05) - 2024/01/21 21:03:30
Table 'NLHBlue34' 6-max Seat #2 is the button
Seat 1: 22e51b44 ($5.19 in chips)
Seat 2: cfff5347 ($5.84 in chips)
Seat 3: Hero ($5 in chips)
Seat 4: cabf07c ($4.58 in chips)
Hero: posts small blind $0.02
cabf07c: posts big blind $0.05
*** HOLE CARDS ***
Dealt to 22e51b44 
Dealt to cfff5347 
Dealt to Hero [6h Ac]
Dealt to cabf07c 
22e51b44: folds
cfff5347: raises $0.08 to $0.13
Hero: folds
cabf07c: calls $0.08
*** FLOP *** [Ks Tc 9h]
cabf07c: checks
cfff5347: checks
*** TURN *** [Ks Tc 9h] [9d]
cabf07c: checks
cfff5347: checks
*** RIVER *** [Ks Tc 9h 9d] [3c]
cabf07c: checks
cfff5347: checks
cabf07c: shows [2h Qd] (Pair of Nines)
cfff5347: shows [Td Qh] (Pair of Tens and Pair of Nines)
*** SHOWDOWN ***
cfff5347 collected $0.27 from pot
*** SUMMARY ***
Total pot $0.28 | Rake $0.01 | Jackpot $0 | Bingo $0 | Fortune $0 | Tax $0
Board [Ks Tc 9h 9d 3c]
Seat 1: 22e51b44 folded before Flop (didn't bet)
Seat 2: cfff5347 (button) showed [Td Qh] and won ($0.27) with Pair of Tens and Pair of Nines
Seat 3: Hero (small blind) folded before Flop
Seat 4: cabf07c (big blind) showed [2h Qd] and lost with Pair of Nines


Poker Hand #HD1599606822: Hold'em No Limit ($0.02/$0.05) - 2024/01/21 21:03:13
Table 'NLHBlue34' 6-max Seat #1 is the button
Seat 1: 22e51b44 ($5.19 in chips)
Seat 2: cfff5347 ($5.86 in chips)
Seat 3: Hero ($5 in chips)
Seat 4: cabf07c ($4.51 in chips)
cfff5347: posts small blind $0.02
Hero: posts big blind $0.05
*** HOLE CARDS ***
Dealt to 22e51b44 
Dealt to cfff5347 
Dealt to Hero [Ad 2s]
Dealt to cabf07c 
cabf07c: raises $0.4 to $0.45
22e51b44: folds
cfff5347: folds
Hero: folds
Uncalled bet ($0.4) returned to cabf07c
*** SHOWDOWN ***
cabf07c collected $0.12 from pot
*** SUMMARY ***
Total pot $0.12 | Rake $0 | Jackpot $0 | Bingo $0 | Fortune $0 | Tax $0
Seat 1: 22e51b44 (button) folded before Flop (didn't bet)
Seat 2: cfff5347 (small blind) folded before Flop
Seat 3: Hero (big blind) folded before Flop
Seat 4: cabf07c collected ($0.12)


Poker Hand #HD1599606759: Hold'em No Limit ($0.02/$0.05) - 2024/01/21 21:02:39
Table 'NLHBlue34' 6-max Seat #4 is the button
Seat 1: 22e51b44 ($5.21 in chips)
Seat 2: cfff5347 ($5.91 in chips)
Seat 3: Hero ($5 in chips)
Seat 4: cabf07c ($4.44 in chips)
22e51b44: posts small blind $0.02
cfff5347: posts big blind $0.05
*** HOLE CARDS ***
Dealt to 22e51b44 
Dealt to cfff5347 
Dealt to Hero [8h 9c]
Dealt to cabf07c 
Hero: folds
cabf07c: calls $0.05
22e51b44: folds
cfff5347: checks
*** FLOP *** [7h 3h Jh]
cfff5347: checks
cabf07c: bets $0.12
cfff5347: folds
Uncalled bet ($0.12) returned to cabf07c
*** SHOWDOWN ***
cabf07c collected $0.12 from pot
*** SUMMARY ***
Total pot $0.12 | Rake $0 | Jackpot $0 | Bingo $0 | Fortune $0 | Tax $0
Board [7h 3h Jh]
Seat 1: 22e51b44 (small blind) folded before Flop
Seat 2: cfff5347 (big blind) folded on the Flop
Seat 3: Hero folded before Flop (didn't bet)
Seat 4: cabf07c (button) won ($0.12)


Poker Hand #HD1599606629: Hold'em No Limit ($0.02/$0.05) - 2024/01/21 21:01:37
Table 'NLHBlue34' 6-max Seat #3 is the button
Seat 1: 22e51b44 ($4.31 in chips)
Seat 2: cfff5347 ($5.91 in chips)
Seat 3: Hero ($5 in chips)
Seat 4: cabf07c ($4.74 in chips)
cabf07c: posts small blind $0.02
22e51b44: posts big blind $0.05
*** HOLE CARDS ***
Dealt to 22e51b44 
Dealt to cfff5347 
Dealt to Hero [Kd Jd]
Dealt to cabf07c 
cfff5347: folds
Hero: raises $0.07 to $0.12
cabf07c: calls $0.1
22e51b44: calls $0.07
*** FLOP *** [Jh 5h Ad]
cabf07c: checks
22e51b44: bets $0.18
Hero: calls $0.18
cabf07c: calls $0.18
*** TURN *** [Jh 5h Ad] [9d]
cabf07c: checks
22e51b44: bets $0.45
Hero: calls $0.45
cabf07c: folds
*** RIVER *** [Jh 5h Ad 9d] [7s]
22e51b44: checks
Hero: checks
22e51b44: shows [Qh Ac] (Pair of Aces)
Hero: shows [Kd Jd] (Pair of Jacks)
*** SHOWDOWN ***
22e51b44 collected $1.65 from pot
*** SUMMARY ***
Total pot $1.8 | Rake $0.1 | Jackpot $0.05 | Bingo $0 | Fortune $0 | Tax $0
Board [Jh 5h Ad 9d 7s]
Seat 1: 22e51b44 (big blind) showed [Qh Ac] and won ($1.65) with Pair of Aces
Seat 2: cfff5347 folded before Flop (didn't bet)
Seat 3: Hero (button) showed [Kd Jd] and lost with Pair of Jacks
Seat 4: cabf07c (small blind) folded on the Turn


Poker Hand #HD1599606584: Hold'em No Limit ($0.02/$0.05) - 2024/01/21 21:01:15
Table 'NLHBlue34' 6-max Seat #2 is the button
Seat 1: 22e51b44 ($4.31 in chips)
Seat 2: cfff5347 ($5.91 in chips)
Seat 3: Hero ($5 in chips)
Seat 4: cabf07c ($4.72 in chips)
Hero: posts small blind $0.02
cabf07c: posts big blind $0.05
*** HOLE CARDS ***
Dealt to 22e51b44 
Dealt to cfff5347 
Dealt to Hero [4h 8s]
Dealt to cabf07c 
22e51b44: folds
cfff5347: folds
Hero: folds
Uncalled bet ($0.03) returned to cabf07c
*** SHOWDOWN ***
cabf07c collected $0.04 from pot
*** SUMMARY ***
Total pot $0.04 | Rake $0 | Jackpot $0 | Bingo $0 | Fortune $0 | Tax $0
Seat 1: 22e51b44 folded before Flop (didn't bet)
Seat 2: cfff5347 (button) folded before Flop (didn't bet)
Seat 3: Hero (small blind) folded before Flop
Seat 4: cabf07c (big blind) collected ($0.04)


Poker Hand #HD1599606512: Hold'em No Limit ($0.02/$0.05) - 2024/01/21 21:00:45
Table 'NLHBlue34' 6-max Seat #1 is the button
Seat 1: 22e51b44 ($4.48 in chips)
Seat 2: cfff5347 ($5.93 in chips)
Seat 3: Hero ($5 in chips)
Seat 4: cabf07c ($4.5 in chips)
cfff5347: posts small blind $0.02
Hero: posts big blind $0.05
*** HOLE CARDS ***
Dealt to 22e51b44 
Dealt to cfff5347 
Dealt to Hero [Jc Td]
Dealt to cabf07c 
cabf07c: raises $0.12 to $0.17
22e51b44: calls $0.17
cfff5347: folds
Hero: folds
*** FLOP *** [9d 4h 4c]
cabf07c: bets $0.41
22e51b44: folds
Uncalled bet ($0.41) returned to cabf07c
cabf07c: shows [3h Ah] (Pair of Fours)
*** SHOWDOWN ***
cabf07c collected $0.39 from pot
*** SUMMARY ***
Total pot $0.41 | Rake $0.02 | Jackpot $0 | Bingo $0 | Fortune $0 | Tax $0
Board [9d 4h 4c]
Seat 1: 22e51b44 (button) folded on the Flop
Seat 2: cfff5347 (small blind) folded before Flop
Seat 3: Hero (big blind) folded before Flop
Seat 4: cabf07c showed [3h Ah] and won ($0.39)


Poker Hand #HD1599606482: Hold'em No Limit ($0.02/$0.05) - 2024/01/21 21:00:32
Table 'NLHBlue34' 6-max Seat #4 is the button
Seat 1: 22e51b44 ($4.5 in chips)
Seat 2: cfff5347 ($5.98 in chips)
Seat 3: Hero ($5 in chips)
Seat 4: cabf07c ($4.43 in chips)
22e51b44: posts small blind $0.02
cfff5347: posts big blind $0.05
*** HOLE CARDS ***
Dealt to 22e51b44 
Dealt to cfff5347 
Dealt to Hero [Qs 4c]
Dealt to cabf07c 
Hero: folds
cabf07c: raises $0.12 to $0.17
22e51b44: folds
cfff5347: folds
Uncalled bet ($0.12) returned to cabf07c
*** SHOWDOWN ***
cabf07c collected $0.12 from pot
*** SUMMARY ***
Total pot $0.12 | Rake $0 | Jackpot $0 | Bingo $0 | Fortune $0 | Tax $0
Seat 1: 22e51b44 (small blind) folded before Flop
Seat 2: cfff5347 (big blind) folded before Flop
Seat 3: Hero folded before Flop (didn't bet)
Seat 4: cabf07c (button) collected ($0.12)


Poker Hand #HD1599606424: Hold'em No Limit ($0.02/$0.05) - 2024/01/21 21:00:04
Table 'NLHBlue34' 6-max Seat #3 is the button
Seat 1: 22e51b44 ($4.55 in chips)
Seat 2: cfff5347 ($5.98 in chips)
Seat 3: Hero ($5 in chips)
Seat 4: cabf07c ($4.38 in chips)
cabf07c: posts small blind $0.02
22e51b44: posts big blind $0.05
*** HOLE CARDS ***
Dealt to 22e51b44 
Dealt to cfff5347 
Dealt to Hero [Qh 9c]
Dealt to cabf07c 
cfff5347: folds
Hero: folds
cabf07c: raises $0.1 to $0.15
22e51b44: folds
Uncalled bet ($0.1) returned to cabf07c
*** SHOWDOWN ***
cabf07c collected $0.1 from pot
*** SUMMARY ***
Total pot $0.1 | Rake $0 | Jackpot $0 | Bingo $0 | Fortune $0 | Tax $0
Seat 1: 22e51b44 (big blind) folded before Flop
Seat 2: cfff5347 folded before Flop (didn't bet)
Seat 3: Hero (button) folded before Flop (didn't bet)
Seat 4: cabf07c (small blind) collected ($0.1)


Poker Hand #HD1599606365: Hold'em No Limit ($0.02/$0.05) - 2024/01/21 20:59:33
Table 'NLHBlue34' 6-max Seat #2 is the button
Seat 1: 22e51b44 ($4.55 in chips)
Seat 2: cfff5347 ($5.98 in chips)
Seat 3: Hero ($5 in chips)
Seat 4: cabf07c ($4.25 in chips)
Hero: posts small blind $0.02
cabf07c: posts big blind $0.05
*** HOLE CARDS ***
Dealt to 22e51b44 
Dealt to cfff5347 
Dealt to Hero [4h Ac]
Dealt to cabf07c 
22e51b44: folds
cfff5347: folds
Hero: raises $0.09 to $0.14
cabf07c: calls $0.09
*** FLOP *** [9d 7c 8h]
Hero: checks
cabf07c: bets $0.28
Hero: folds
Uncalled bet ($0.28) returned to cabf07c
cabf07c: shows [6d]
*** SHOWDOWN ***
cabf07c collected $0.27 from pot
*** SUMMARY ***
Total pot $0.28 | Rake $0.01 | Jackpot $0 | Bingo $0 | Fortune $0 | Tax $0
Board [9d 7c 8h]
Seat 1: 22e51b44 folded before Flop (didn't bet)
Seat 2: cfff5347 (button) folded before Flop (didn't bet)
Seat 3: Hero (small blind) folded on the Flop
Seat 4: cabf07c (big blind) showed [6d] and won ($0.27)


Poker Hand #HD1599606232: Hold'em No Limit ($0.02/$0.05) - 2024/01/21 20:58:27
Table 'NLHBlue34' 6-max Seat #1 is the button
Seat 1: 22e51b44 ($4.55 in chips)
Seat 2: cfff5347 ($6 in chips)
Seat 3: Hero ($5 in chips)
Seat 4: cabf07c ($4.07 in chips)
cfff5347: posts small blind $0.02
Hero: posts big blind $0.05
*** HOLE CARDS ***
Dealt to 22e51b44 
Dealt to cfff5347 
Dealt to Hero [5h Td]
Dealt to cabf07c 
cabf07c: calls $0.05
22e51b44: folds
cfff5347: folds
Hero: checks
*** FLOP *** [4d Qh Jd]
Hero: checks
cabf07c: checks
*** TURN *** [4d Qh Jd] [9d]
Hero: checks
cabf07c: bets $0.12
Hero: calls $0.12
*** RIVER *** [4d Qh Jd 9d] [Qc]
Hero: checks
cabf07c: checks
Hero: shows [5h Td] (Pair of Queens)
cabf07c: shows [Js Tc] (Pair of Queens and Pair of Jacks)
*** SHOWDOWN ***
cabf07c collected $0.35 from pot
*** SUMMARY ***
Total pot $0.36 | Rake $0.01 | Jackpot $0 | Bingo $0 | Fortune $0 | Tax $0
Board [4d Qh Jd 9d Qc]
Seat 1: 22e51b44 (button) folded before Flop (didn't bet)
Seat 2: cfff5347 (small blind) folded before Flop
Seat 3: Hero (big blind) showed [5h Td] and lost with Pair of Queens
Seat 4: cabf07c showed [Js Tc] and won ($0.35) with Pair of Queens and Pair of Jacks


Poker Hand #HD1599606217: Hold'em No Limit ($0.02/$0.05) - 2024/01/21 20:58:17
Table 'NLHBlue34' 6-max Seat #4 is the button
Seat 1: 22e51b44 ($4.57 in chips)
Seat 2: cfff5347 ($5.98 in chips)
Seat 3: Hero ($5 in chips)
Seat 4: cabf07c ($4.07 in chips)
22e51b44: posts small blind $0.02
cfff5347: posts big blind $0.05
*** HOLE CARDS ***
Dealt to 22e51b44 
Dealt to cfff5347 
Dealt to Hero [Kc 4s]
Dealt to cabf07c 
Hero: folds
cabf07c: folds
22e51b44: folds
Uncalled bet ($0.03) returned to cfff5347
*** SHOWDOWN ***
cfff5347 collected $0.04 from pot
*** SUMMARY ***
Total pot $0.04 | Rake $0 | Jackpot $0 | Bingo $0 | Fortune $0 | Tax $0
Seat 1: 22e51b44 (small blind) folded before Flop
Seat 2: cfff5347 (big blind) collected ($0.04)
Seat 3: Hero folded before Flop (didn't bet)
Seat 4: cabf07c (button) folded before Flop (didn't bet)


Poker Hand #HD1599606127: Hold'em No Limit ($0.02/$0.05) - 2024/01/21 20:57:31
Table 'NLHBlue34' 6-max Seat #3 is the button
Seat 1: 22e51b44 ($4.33 in chips)
Seat 2: cfff5347 ($6.11 in chips)
Seat 3: Hero ($5 in chips)
Seat 4: cabf07c ($4.2 in chips)
cabf07c: posts small blind $0.02
22e51b44: posts big blind $0.05
*** HOLE CARDS ***
Dealt to 22e51b44 
Dealt to cfff5347 
Dealt to Hero [Ks 7c]
Dealt to cabf07c 
cfff5347: raises $0.08 to $0.13
Hero: folds
cabf07c: calls $0.11
22e51b44: calls $0.08
*** FLOP *** [2s 3s 9s]
cabf07c: checks
22e51b44: checks
cfff5347: checks
*** TURN *** [2s 3s 9s] [Qh]
cabf07c: checks
22e51b44: bets $0.3
cfff5347: folds
cabf07c: folds
Uncalled bet ($0.3) returned to 22e51b44
*** SHOWDOWN ***
22e51b44 collected $0.37 from pot
*** SUMMARY ***
Total pot $0.39 | Rake $0.02 | Jackpot $0 | Bingo $0 | Fortune $0 | Tax $0
Board [2s 3s 9s Qh]
Seat 1: 22e51b44 (big blind) won ($0.37)
Seat 2: cfff5347 folded on the Turn
Seat 3: Hero (button) folded before Flop (didn't bet)
Seat 4: cabf07c (small blind) folded on the Turn


Poker Hand #HD1599606043: Hold'em No Limit ($0.02/$0.05) - 2024/01/21 20:56:58
Table 'NLHBlue34' 6-max Seat #2 is the button
Seat 1: 22e51b44 ($4.43 in chips)
Seat 2: cfff5347 ($6.11 in chips)
Seat 3: Hero ($5.02 in chips)
Seat 4: cabf07c ($4.09 in chips)
Hero: posts small blind $0.02
cabf07c: posts big blind $0.05
*** HOLE CARDS ***
Dealt to 22e51b44 
Dealt to cfff5347 
Dealt to Hero [Kh 3h]
Dealt to cabf07c 
22e51b44: raises $0.05 to $0.1
cfff5347: folds
Hero: folds
cabf07c: raises $0.5 to $0.6
22e51b44: folds
Uncalled bet ($0.5) returned to cabf07c
*** SHOWDOWN ***
cabf07c collected $0.21 from pot
*** SUMMARY ***
Total pot $0.22 | Rake $0.01 | Jackpot $0 | Bingo $0 | Fortune $0 | Tax $0
Seat 1: 22e51b44 folded before Flop
Seat 2: cfff5347 (button) folded before Flop (didn't bet)
Seat 3: Hero (small blind) folded before Flop
Seat 4: cabf07c (big blind) collected ($0.21)


Poker Hand #HD1599606008: Hold'em No Limit ($0.02/$0.05) - 2024/01/21 20:56:44
Table 'NLHBlue34' 6-max Seat #1 is the button
Seat 1: 22e51b44 ($4.43 in chips)
Seat 2: cfff5347 ($6.13 in chips)
Seat 3: Hero ($5 in chips)
Seat 4: cabf07c ($4.09 in chips)
cfff5347: posts small blind $0.02
Hero: posts big blind $0.05
*** HOLE CARDS ***
Dealt to 22e51b44 
Dealt to cfff5347 
Dealt to Hero [3h 6c]
Dealt to cabf07c 
cabf07c: folds
22e51b44: folds
cfff5347: folds
Uncalled bet ($0.03) returned to Hero
*** SHOWDOWN ***
Hero collected $0.04 from pot
*** SUMMARY ***
Total pot $0.04 | Rake $0 | Jackpot $0 | Bingo $0 | Fortune $0 | Tax $0
Seat 1: 22e51b44 (button) folded before Flop (didn't bet)
Seat 2: cfff5347 (small blind) folded before Flop
Seat 3: Hero (big blind) collected ($0.04)
Seat 4: cabf07c folded before Flop (didn't bet)


Poker Hand #HD1599605899: Hold'em No Limit ($0.02/$0.05) - 2024/01/21 20:55:49
Table 'NLHBlue34' 6-max Seat #4 is the button
Seat 1: 22e51b44 ($4.48 in chips)
Seat 2: cfff5347 ($6.13 in chips)
Seat 3: Hero ($5 in chips)
Seat 4: cabf07c ($3.75 in chips)
Seat 6: 434a05cf ($20.24 in chips)
434a05cf: posts small blind $0.02
22e51b44: posts big blind $0.05
*** HOLE CARDS ***
Dealt to 22e51b44 
Dealt to cfff5347 
Dealt to Hero [Td Ts]
Dealt to cabf07c 
Dealt to 434a05cf 
cfff5347: folds
Hero: raises $0.07 to $0.12
cabf07c: calls $0.12
434a05cf: folds
22e51b44: folds
*** FLOP *** [5d Jc Qc]
Hero: bets $0.18
cabf07c: calls $0.18
*** TURN *** [5d Jc Qc] [5h]
Hero: checks
cabf07c: checks
*** RIVER *** [5d Jc Qc 5h] [Js]
Hero: checks
cabf07c: checks
Hero: shows [Td Ts] (Pair of Jacks and Pair of Tens)
cabf07c: shows [Qd Ks] (Pair of Queens and Pair of Jacks)
*** SHOWDOWN ***
cabf07c collected $0.64 from pot
*** SUMMARY ***
Total pot $0.67 | Rake $0.03 | Jackpot $0 | Bingo $0 | Fortune $0 | Tax $0
Board [5d Jc Qc 5h Js]
Seat 1: 22e51b44 (big blind) folded before Flop
Seat 2: cfff5347 folded before Flop (didn't bet)
Seat 3: Hero showed [Td Ts] and lost with Pair of Jacks and Pair of Tens
Seat 4: cabf07c (button) showed [Qd Ks] and won ($0.64) with Pair of Queens and Pair of Jacks
Seat 6: 434a05cf (small blind) folded before Flop


Poker Hand #HD1599605853: Hold'em No Limit ($0.02/$0.05) - 2024/01/21 20:55:27
Table 'NLHBlue34' 6-max Seat #3 is the button
Seat 1: 22e51b44 ($4.48 in chips)
Seat 2: cfff5347 ($6.13 in chips)
Seat 3: Hero ($5 in chips)
Seat 4: cabf07c ($3.7 in chips)
Seat 6: 434a05cf ($20.29 in chips)
cabf07c: posts small blind $0.02
434a05cf: posts big blind $0.05
*** HOLE CARDS ***
Dealt to 22e51b44 
Dealt to cfff5347 
Dealt to Hero [Tc 4c]
Dealt to cabf07c 
Dealt to 434a05cf 
22e51b44: folds
cfff5347: folds
Hero: folds
cabf07c: raises $0.15 to $0.2
434a05cf: folds
Uncalled bet ($0.15) returned to cabf07c
*** SHOWDOWN ***
cabf07c collected $0.1 from pot
*** SUMMARY ***
Total pot $0.1 | Rake $0 | Jackpot $0 | Bingo $0 | Fortune $0 | Tax $0
Seat 1: 22e51b44 folded before Flop (didn't bet)
Seat 2: cfff5347 folded before Flop (didn't bet)
Seat 3: Hero (button) folded before Flop (didn't bet)
Seat 4: cabf07c (small blind) collected ($0.1)
Seat 6: 434a05cf (big blind) folded before Flop


Poker Hand #HD1599605819: Hold'em No Limit ($0.02/$0.05) - 2024/01/21 20:55:09
Table 'NLHBlue34' 6-max Seat #2 is the button
Seat 1: 22e51b44 ($4.48 in chips)
Seat 2: cfff5347 ($6.13 in chips)
Seat 3: Hero ($5 in chips)
Seat 4: cabf07c ($3.68 in chips)
Seat 6: 434a05cf ($20.29 in chips)
Hero: posts small blind $0.02
cabf07c: posts big blind $0.05
*** HOLE CARDS ***
Dealt to 22e51b44 
Dealt to cfff5347 
Dealt to Hero [8h Jc]
Dealt to cabf07c 
Dealt to 434a05cf 
434a05cf: folds
22e51b44: folds
cfff5347: folds
Hero: folds
Uncalled bet ($0.03) returned to cabf07c
*** SHOWDOWN ***
cabf07c collected $0.04 from pot
*** SUMMARY ***
Total pot $0.04 | Rake $0 | Jackpot $0 | Bingo $0 | Fortune $0 | Tax $0
Seat 1: 22e51b44 folded before Flop (didn't bet)
Seat 2: cfff5347 (button) folded before Flop (didn't bet)
Seat 3: Hero (small blind) folded before Flop
Seat 4: cabf07c (big blind) collected ($0.04)
Seat 6: 434a05cf folded before Flop (didn't bet)


Poker Hand #HD1599605762: Hold'em No Limit ($0.02/$0.05) - 2024/01/21 20:54:44
Table 'NLHBlue34' 6-max Seat #1 is the button
Seat 1: 22e51b44 ($4.48 in chips)
Seat 2: cfff5347 ($6.15 in chips)
Seat 3: Hero ($5 in chips)
Seat 4: cabf07c ($3.68 in chips)
Seat 6: 434a05cf ($20.22 in chips)
cfff5347: posts small blind $0.02
Hero: posts big blind $0.05
*** HOLE CARDS ***
Dealt to 22e51b44 
Dealt to cfff5347 
Dealt to Hero [6s 3s]
Dealt to cabf07c 
Dealt to 434a05cf 
cabf07c: folds
434a05cf: raises $0.05 to $0.1
22e51b44: folds
cfff5347: folds
Hero: folds
Uncalled bet ($0.05) returned to 434a05cf
*** SHOWDOWN ***
434a05cf collected $0.12 from pot
*** SUMMARY ***
Total pot $0.12 | Rake $0 | Jackpot $0 | Bingo $0 | Fortune $0 | Tax $0
Seat 1: 22e51b44 (button) folded before Flop (didn't bet)
Seat 2: cfff5347 (small blind) folded before Flop
Seat 3: Hero (big blind) folded before Flop
Seat 4: cabf07c folded before Flop (didn't bet)
Seat 6: 434a05cf collected ($0.12)


Poker Hand #HD1599605683: Hold'em No Limit ($0.02/$0.05) - 2024/01/21 20:54:04
Table 'NLHBlue34' 6-max Seat #6 is the button
Seat 1: 22e51b44 ($4.5 in chips)
Seat 2: cfff5347 ($6.45 in chips)
Seat 3: Hero ($5 in chips)
Seat 4: cabf07c ($3.39 in chips)
Seat 6: 434a05cf ($20.22 in chips)
22e51b44: posts small blind $0.02
cfff5347: posts big blind $0.05
*** HOLE CARDS ***
Dealt to 22e51b44 
Dealt to cfff5347 
Dealt to Hero [Qc 7h]
Dealt to cabf07c 
Dealt to 434a05cf 
Hero: folds
cabf07c: raises $0.25 to $0.3
434a05cf: folds
22e51b44: folds
cfff5347: calls $0.25
*** FLOP *** [6d 4c Qs]
cfff5347: checks
cabf07c: bets $0.21
cfff5347: folds
Uncalled bet ($0.21) returned to cabf07c
*** SHOWDOWN ***
cabf07c collected $0.59 from pot
*** SUMMARY ***
Total pot $0.62 | Rake $0.03 | Jackpot $0 | Bingo $0 | Fortune $0 | Tax $0
Board [6d 4c Qs]
Seat 1: 22e51b44 (small blind) folded before Flop
Seat 2: cfff5347 (big blind) folded on the Flop
Seat 3: Hero folded before Flop (didn't bet)
Seat 4: cabf07c won ($0.59)
Seat 6: 434a05cf (button) folded before Flop (didn't bet)


Poker Hand #HD1599535630: Hold'em No Limit ($0.02/$0.05) - 2024/01/21 20:53:41
Table 'NLHBlue34' 6-max Seat #4 is the button
Seat 1: 22e51b44 ($4.55 in chips)
Seat 2: cfff5347 ($6.38 in chips)
Seat 3: Hero ($5 in chips)
Seat 4: cabf07c ($3.39 in chips)
Seat 6: 434a05cf ($20.24 in chips)
434a05cf: posts small blind $0.02
22e51b44: posts big blind $0.05
*** HOLE CARDS ***
Dealt to 22e51b44 
Dealt to cfff5347 
Dealt to Hero [As 6s]
Dealt to cabf07c 
Dealt to 434a05cf 
cfff5347: raises $0.15 to $0.2
Hero: folds
cabf07c: folds
434a05cf: folds
22e51b44: folds
Uncalled bet ($0.15) returned to cfff5347
*** SHOWDOWN ***
cfff5347 collected $0.12 from pot
*** SUMMARY ***
Total pot $0.12 | Rake $0 | Jackpot $0 | Bingo $0 | Fortune $0 | Tax $0
Seat 1: 22e51b44 (big blind) folded before Flop
Seat 2: cfff5347 collected ($0.12)
Seat 3: Hero folded before Flop (didn't bet)
Seat 4: cabf07c (button) folded before Flop (didn't bet)
Seat 6: 434a05cf (small blind) folded before Flop


Poker Hand #HD1599535497: Hold'em No Limit ($0.02/$0.05) - 2024/01/21 20:52:31
Table 'NLHBlue34' 6-max Seat #3 is the button
Seat 1: 22e51b44 ($4.55 in chips)
Seat 2: cfff5347 ($6.38 in chips)
Seat 3: Hero ($5 in chips)
Seat 4: cabf07c ($4.66 in chips)
Seat 6: 434a05cf ($19.14 in chips)
cabf07c: posts small blind $0.02
434a05cf: posts big blind $0.05
*** HOLE CARDS ***
Dealt to 22e51b44 
Dealt to cfff5347 
Dealt to Hero [8c Ts]
Dealt to cabf07c 
Dealt to 434a05cf 
22e51b44: folds
cfff5347: folds
Hero: folds
cabf07c: calls $0.03
434a05cf: raises $0.1 to $0.15
cabf07c: calls $0.1
*** FLOP *** [Ks 4d 9h]
cabf07c: checks
434a05cf: bets $0.12
cabf07c: calls $0.12
*** TURN *** [Ks 4d 9h] [Qh]
cabf07c: checks
434a05cf: checks
*** RIVER *** [Ks 4d 9h Qh] [Kh]
cabf07c: bets $0.5
434a05cf: raises $0.5 to $1
cabf07c: calls $0.5
434a05cf: shows [7h Ah] (Ace High Flush)
cabf07c: shows [Kc 7s] (Three Kings)
*** SHOWDOWN ***
434a05cf collected $2.37 from pot
*** SUMMARY ***
Total pot $2.54 | Rake $0.12 | Jackpot $0.05 | Bingo $0 | Fortune $0 | Tax $0
Board [Ks 4d 9h Qh Kh]
Seat 1: 22e51b44 folded before Flop (didn't bet)
Seat 2: cfff5347 folded before Flop (didn't bet)
Seat 3: Hero (button) folded before Flop (didn't bet)
Seat 4: cabf07c (small blind) showed [Kc 7s] and lost with Three Kings
Seat 6: 434a05cf (big blind) showed [7h Ah] and won ($2.37) with Ace High Flush


Poker Hand #HD1599535413: Hold'em No Limit ($0.02/$0.05) - 2024/01/21 20:51:51
Table 'NLHBlue34' 6-max Seat #2 is the button
Seat 1: 22e51b44 ($4.55 in chips)
Seat 2: cfff5347 ($6.38 in chips)
Seat 3: Hero ($5 in chips)
Seat 4: cabf07c ($4.55 in chips)
Seat 6: 434a05cf ($19.14 in chips)
Hero: posts small blind $0.02
cabf07c: posts big blind $0.05
*** HOLE CARDS ***
Dealt to 22e51b44 
Dealt to cfff5347 
Dealt to Hero [Kd Jc]
Dealt to cabf07c 
Dealt to 434a05cf 
434a05cf: folds
22e51b44: folds
cfff5347: folds
Hero: raises $0.07 to $0.12
cabf07c: calls $0.07
*** FLOP *** [9h 3s Ad]
Hero: checks
cabf07c: bets $0.18
Hero: folds
Uncalled bet ($0.18) returned to cabf07c
cabf07c: shows [Js 5c] (Ace-High)
*** SHOWDOWN ***
cabf07c collected $0.23 from pot
*** SUMMARY ***
Total pot $0.24 | Rake $0.01 | Jackpot $0 | Bingo $0 | Fortune $0 | Tax $0
Board [9h 3s Ad]
Seat 1: 22e51b44 folded before Flop (didn't bet)
Seat 2: cfff5347 (button) folded before Flop (didn't bet)
Seat 3: Hero (small blind) folded on the Flop
Seat 4: cabf07c (big blind) showed [Js 5c] and won ($0.23)
Seat 6: 434a05cf folded before Flop (didn't bet)


Poker Hand #HD1599535366: Hold'em No Limit ($0.02/$0.05) - 2024/01/21 20:51:23
Table 'NLHBlue34' 6-max Seat #1 is the button
Seat 1: 22e51b44 ($4.55 in chips)
Seat 2: cfff5347 ($6.33 in chips)
Seat 3: Hero ($5 in chips)
Seat 4: cabf07c ($4.55 in chips)
Seat 6: 434a05cf ($19.14 in chips)
cfff5347: posts small blind $0.02
Hero: posts big blind $0.05
*** HOLE CARDS ***
Dealt to 22e51b44 
Dealt to cfff5347 
Dealt to Hero [5s 2c]
Dealt to cabf07c 
Dealt to 434a05cf 
cabf07c: folds
434a05cf: folds
22e51b44: folds
cfff5347: raises $0.1 to $0.15
Hero: folds
Uncalled bet ($0.1) returned to cfff5347
*** SHOWDOWN ***
cfff5347 collected $0.1 from pot
*** SUMMARY ***
Total pot $0.1 | Rake $0 | Jackpot $0 | Bingo $0 | Fortune $0 | Tax $0
Seat 1: 22e51b44 (button) folded before Flop (didn't bet)
Seat 2: cfff5347 (small blind) collected ($0.1)
Seat 3: Hero (big blind) folded before Flop
Seat 4: cabf07c folded before Flop (didn't bet)
Seat 6: 434a05cf folded before Flop (didn't bet)


Poker Hand #HD1599535253: Hold'em No Limit ($0.02/$0.05) - 2024/01/21 20:50:24
Table 'NLHBlue34' 6-max Seat #6 is the button
Seat 1: 22e51b44 ($4.6 in chips)
Seat 2: cfff5347 ($6.38 in chips)
Seat 3: Hero ($5 in chips)
Seat 4: cabf07c ($4.45 in chips)
Seat 6: 434a05cf ($19.14 in chips)
22e51b44: posts small blind $0.02
cfff5347: posts big blind $0.05
cabf07c: posts big blind $0.05
*** HOLE CARDS ***
Dealt to 22e51b44 
Dealt to cfff5347 
Dealt to Hero [3d Qh]
Dealt to cabf07c 
Dealt to 434a05cf 
Hero: folds
cabf07c: checks
434a05cf: folds
22e51b44: calls $0.03
cfff5347: checks
*** FLOP *** [Kh Jh Js]
22e51b44: checks
cfff5347: checks
cabf07c: bets $0.15
22e51b44: folds
cfff5347: folds
Uncalled bet ($0.15) returned to cabf07c
*** SHOWDOWN ***
cabf07c collected $0.15 from pot
*** SUMMARY ***
Total pot $0.15 | Rake $0 | Jackpot $0 | Bingo $0 | Fortune $0 | Tax $0
Board [Kh Jh Js]
Seat 1: 22e51b44 (small blind) folded on the Flop
Seat 2: cfff5347 (big blind) folded on the Flop
Seat 3: Hero folded before Flop (didn't bet)
Seat 4: cabf07c won ($0.15)
Seat 6: 434a05cf (button) folded before Flop (didn't bet)


Poker Hand #HD1599535153: Hold'em No Limit ($0.02/$0.05) - 2024/01/21 20:49:42
Table 'NLHBlue34' 6-max Seat #3 is the button
Seat 1: 22e51b44 ($4.45 in chips)
Seat 2: cfff5347 ($6.53 in chips)
Seat 3: Hero ($5 in chips)
Seat 6: 434a05cf ($19.16 in chips)
434a05cf: posts small blind $0.02
22e51b44: posts big blind $0.05
*** HOLE CARDS ***
Dealt to 22e51b44 
Dealt to cfff5347 
Dealt to Hero [As 2c]
Dealt to 434a05cf 
cfff5347: raises $0.1 to $0.15
Hero: folds
434a05cf: folds
22e51b44: calls $0.1
*** FLOP *** [Qd 3h 4d]
22e51b44: bets $0.24
cfff5347: folds
Uncalled bet ($0.24) returned to 22e51b44
*** SHOWDOWN ***
22e51b44 collected $0.3 from pot
*** SUMMARY ***
Total pot $0.32 | Rake $0.02 | Jackpot $0 | Bingo $0 | Fortune $0 | Tax $0
Board [Qd 3h 4d]
Seat 1: 22e51b44 (big blind) won ($0.3)
Seat 2: cfff5347 folded on the Flop
Seat 3: Hero (button) folded before Flop (didn't bet)
Seat 6: 434a05cf (small blind) folded before Flop


Poker Hand #HD1599535048: Hold'em No Limit ($0.02/$0.05) - 2024/01/21 20:48:53
Table 'NLHBlue34' 6-max Seat #2 is the button
Seat 1: 22e51b44 ($4.45 in chips)
Seat 2: cfff5347 ($6.63 in chips)
Seat 3: Hero ($5 in chips)
Seat 6: 434a05cf ($17.03 in chips)
Hero: posts small blind $0.02
434a05cf: posts big blind $0.05
*** HOLE CARDS ***
Dealt to 22e51b44 
Dealt to cfff5347 
Dealt to Hero [Qh Kh]
Dealt to 434a05cf 
22e51b44: folds
cfff5347: raises $0.05 to $0.1
Hero: raises $0.36 to $0.46
434a05cf: raises $0.91 to $1.37
cfff5347: folds
Hero: calls $0.91
*** FLOP *** [Th 4s Ah]
Hero: checks
434a05cf: checks
*** TURN *** [Th 4s Ah] [4d]
Hero: bets $0.94
434a05cf: calls $0.94
*** RIVER *** [Th 4s Ah 4d] [Ts]
Hero: checks
434a05cf: checks
Hero: shows [Qh Kh] (Pair of Tens and Pair of Fours)
434a05cf: shows [Kc Kd] (Pair of Kings and Pair of Tens)
*** SHOWDOWN ***
434a05cf collected $4.44 from pot
*** SUMMARY ***
Total pot $4.72 | Rake $0.23 | Jackpot $0.05 | Bingo $0 | Fortune $0 | Tax $0
Board [Th 4s Ah 4d Ts]
Seat 1: 22e51b44 folded before Flop (didn't bet)
Seat 2: cfff5347 (button) folded before Flop
Seat 3: Hero (small blind) showed [Qh Kh] and lost with Pair of Tens and Pair of Fours
Seat 6: 434a05cf (big blind) showed [Kc Kd] and won ($4.44) with Pair of Kings and Pair of Tens


Poker Hand #HD1599534922: Hold'em No Limit ($0.02/$0.05) - 2024/01/21 20:47:46
Table 'NLHBlue34' 6-max Seat #1 is the button
Seat 1: 22e51b44 ($4.45 in chips)
Seat 2: cfff5347 ($5.76 in chips)
Seat 3: Hero ($5 in chips)
Seat 4: cf0714f8 ($0.96 in chips)
Seat 6: 434a05cf ($17.03 in chips)
cfff5347: posts small blind $0.02
Hero: posts big blind $0.05
*** HOLE CARDS ***
Dealt to 22e51b44 
Dealt to cfff5347 
Dealt to Hero [7d 3c]
Dealt to cf0714f8 
Dealt to 434a05cf 
cf0714f8: raises $0.1 to $0.15
434a05cf: folds
22e51b44: folds
cfff5347: calls $0.13
Hero: folds
*** FLOP *** [3h 4s Qd]
cfff5347: checks
cf0714f8: bets $0.18
cfff5347: calls $0.18
*** TURN *** [3h 4s Qd] [8c]
cfff5347: checks
cf0714f8: bets $0.36
cfff5347: calls $0.36
*** RIVER *** [3h 4s Qd 8c] [7c]
cfff5347: checks
cf0714f8: bets $0.27 and is all-in
cfff5347: calls $0.27
cf0714f8: shows [Th Ts] (Pair of Tens)
cfff5347: shows [Jc Js] (Pair of Jacks)
*** SHOWDOWN ***
cfff5347 collected $1.83 from pot
*** SUMMARY ***
Total pot $1.97 | Rake $0.09 | Jackpot $0.05 | Bingo $0 | Fortune $0 | Tax $0
Board [3h 4s Qd 8c 7c]
Seat 1: 22e51b44 (button) folded before Flop (didn't bet)
Seat 2: cfff5347 (small blind) showed [Jc Js] and won ($1.83) with Pair of Jacks
Seat 3: Hero (big blind) folded before Flop
Seat 4: cf0714f8 showed [Th Ts] and lost with Pair of Tens
Seat 6: 434a05cf folded before Flop (didn't bet)


Poker Hand #HD1599534801: Hold'em No Limit ($0.02/$0.05) - 2024/01/21 20:46:45
Table 'NLHBlue34' 6-max Seat #6 is the button
Seat 1: 22e51b44 ($4.47 in chips)
Seat 2: cfff5347 ($5.81 in chips)
Seat 3: Hero ($5.18 in chips)
Seat 4: cf0714f8 ($0.96 in chips)
Seat 6: 434a05cf ($12.33 in chips)
22e51b44: posts small blind $0.02
cfff5347: posts big blind $0.05
*** HOLE CARDS ***
Dealt to 22e51b44 
Dealt to cfff5347 
Dealt to Hero [Qh Ah]
Dealt to cf0714f8 
Dealt to 434a05cf 
Hero: raises $0.07 to $0.12
cf0714f8: folds
434a05cf: raises $0.37 to $0.49
22e51b44: folds
cfff5347: folds
Hero: calls $0.37
*** FLOP *** [7d 8h Qd]
Hero: checks
434a05cf: bets $0.53
Hero: calls $0.53
*** TURN *** [7d 8h Qd] [7h]
Hero: checks
434a05cf: bets $11.31 and is all-in
Hero: calls $4.16 and is all-in
Uncalled bet ($7.15) returned to 434a05cf
434a05cf: shows [Kc Kd] (Pair of Kings and Pair of Sevens)
Hero: shows [Qh Ah] (Pair of Queens and Pair of Sevens)
*** FIRST RIVER *** [7d 8h Qd 7h] [6s]
*** SECOND RIVER *** [7d 8h Qd 7h] [2c]
*** FIRST SHOWDOWN ***
434a05cf collected $4.94 from pot
*** SECOND SHOWDOWN ***
434a05cf collected $4.94 from pot
*** SUMMARY ***
Total pot $10.43 | Rake $0.5 | Jackpot $0.05 | Bingo $0 | Fortune $0 | Tax $0
Hand was run two times
FIRST Board [7d 8h Qd 7h 6s]
SECOND Board [2c]
Seat 1: 22e51b44 (small blind) folded before Flop
Seat 2: cfff5347 (big blind) folded before Flop
Seat 3: Hero showed [Qh Ah] and lost with Pair of Queens and Pair of Sevens, and lost
Seat 4: cf0714f8 folded before Flop (didn't bet)
Seat 6: 434a05cf (button) showed [Kc Kd] and won ($4.94) with Pair of Kings and Pair of Sevens, and won ($4.94)


Poker Hand #HD1599534764: Hold'em No Limit ($0.02/$0.05) - 2024/01/21 20:46:27
Table 'NLHBlue34' 6-max Seat #4 is the button
Seat 1: 22e51b44 ($4.45 in chips)
Seat 2: cfff5347 ($5.81 in chips)
Seat 3: Hero ($5.18 in chips)
Seat 4: cf0714f8 ($0.96 in chips)
Seat 6: 434a05cf ($12.35 in chips)
434a05cf: posts small blind $0.02
22e51b44: posts big blind $0.05
*** HOLE CARDS ***
Dealt to 22e51b44 
Dealt to cfff5347 
Dealt to Hero [6h Ks]
Dealt to cf0714f8 
Dealt to 434a05cf 
cfff5347: folds
Hero: folds
cf0714f8: folds
434a05cf: folds
Uncalled bet ($0.03) returned to 22e51b44
*** SHOWDOWN ***
22e51b44 collected $0.04 from pot
*** SUMMARY ***
Total pot $0.04 | Rake $0 | Jackpot $0 | Bingo $0 | Fortune $0 | Tax $0
Seat 1: 22e51b44 (big blind) collected ($0.04)
Seat 2: cfff5347 folded before Flop (didn't bet)
Seat 3: Hero folded before Flop (didn't bet)
Seat 4: cf0714f8 (button) folded before Flop (didn't bet)
Seat 6: 434a05cf (small blind) folded before Flop


Poker Hand #HD1599534655: Hold'em No Limit ($0.02/$0.05) - 2024/01/21 20:45:34
Table 'NLHBlue34' 6-max Seat #3 is the button
Seat 1: 22e51b44 ($4.45 in chips)
Seat 2: cfff5347 ($5.81 in chips)
Seat 3: Hero ($5.18 in chips)
Seat 4: cf0714f8 ($1.06 in chips)
Seat 6: 434a05cf ($12.26 in chips)
cf0714f8: posts small blind $0.02
434a05cf: posts big blind $0.05
*** HOLE CARDS ***
Dealt to 22e51b44 
Dealt to cfff5347 
Dealt to Hero [7s 2d]
Dealt to cf0714f8 
Dealt to 434a05cf 
22e51b44: folds
cfff5347: folds
Hero: folds
cf0714f8: raises $0.05 to $0.1
434a05cf: calls $0.05
*** FLOP *** [Qh 4d Qc]
cf0714f8: checks
434a05cf: checks
*** TURN *** [Qh 4d Qc] [As]
cf0714f8: checks
434a05cf: bets $0.1
cf0714f8: folds
Uncalled bet ($0.1) returned to 434a05cf
*** SHOWDOWN ***
434a05cf collected $0.19 from pot
*** SUMMARY ***
Total pot $0.2 | Rake $0.01 | Jackpot $0 | Bingo $0 | Fortune $0 | Tax $0
Board [Qh 4d Qc As]
Seat 1: 22e51b44 folded before Flop (didn't bet)
Seat 2: cfff5347 folded before Flop (didn't bet)
Seat 3: Hero (button) folded before Flop (didn't bet)
Seat 4: cf0714f8 (small blind) folded on the Turn
Seat 6: 434a05cf (big blind) won ($0.19)


Poker Hand #HD1599534611: Hold'em No Limit ($0.02/$0.05) - 2024/01/21 20:45:10
Table 'NLHBlue34' 6-max Seat #2 is the button
Seat 1: 22e51b44 ($4.45 in chips)
Seat 2: cfff5347 ($5.94 in chips)
Seat 3: Hero ($5.01 in chips)
Seat 4: cf0714f8 ($1.11 in chips)
Seat 6: 434a05cf ($12.26 in chips)
Hero: posts small blind $0.02
cf0714f8: posts big blind $0.05
*** HOLE CARDS ***
Dealt to 22e51b44 
Dealt to cfff5347 
Dealt to Hero [Td Tc]
Dealt to cf0714f8 
Dealt to 434a05cf 
434a05cf: folds
22e51b44: folds
cfff5347: raises $0.08 to $0.13
Hero: raises $0.41 to $0.54
cf0714f8: folds
cfff5347: folds
Uncalled bet ($0.41) returned to Hero
*** SHOWDOWN ***
Hero collected $0.3 from pot
*** SUMMARY ***
Total pot $0.31 | Rake $0.01 | Jackpot $0 | Bingo $0 | Fortune $0 | Tax $0
Seat 1: 22e51b44 folded before Flop (didn't bet)
Seat 2: cfff5347 (button) folded before Flop
Seat 3: Hero (small blind) collected ($0.3)
Seat 4: cf0714f8 (big blind) folded before Flop
Seat 6: 434a05cf folded before Flop (didn't bet)


Poker Hand #HD1599534574: Hold'em No Limit ($0.02/$0.05) - 2024/01/21 20:44:50
Table 'NLHBlue34' 6-max Seat #1 is the button
Seat 1: 22e51b44 ($4.38 in chips)
Seat 2: cfff5347 ($5.96 in chips)
Seat 3: Hero ($5.06 in chips)
Seat 4: cf0714f8 ($1.11 in chips)
Seat 6: 434a05cf ($12.26 in chips)
cfff5347: posts small blind $0.02
Hero: posts big blind $0.05
*** HOLE CARDS ***
Dealt to 22e51b44 
Dealt to cfff5347 
Dealt to Hero [6c Kd]
Dealt to cf0714f8 
Dealt to 434a05cf 
cf0714f8: folds
434a05cf: folds
22e51b44: raises $0.05 to $0.1
cfff5347: folds
Hero: folds
Uncalled bet ($0.05) returned to 22e51b44
*** SHOWDOWN ***
22e51b44 collected $0.12 from pot
*** SUMMARY ***
Total pot $0.12 | Rake $0 | Jackpot $0 | Bingo $0 | Fortune $0 | Tax $0
Seat 1: 22e51b44 (button) collected ($0.12)
Seat 2: cfff5347 (small blind) folded before Flop
Seat 3: Hero (big blind) folded before Flop
Seat 4: cf0714f8 folded before Flop (didn't bet)
Seat 6: 434a05cf folded before Flop (didn't bet)


Poker Hand #HD1599534470: Hold'em No Limit ($0.02/$0.05) - 2024/01/21 20:44:00
Table 'NLHBlue34' 6-max Seat #6 is the button
Seat 1: 22e51b44 ($4.4 in chips)
Seat 2: cfff5347 ($6.06 in chips)
Seat 3: Hero ($5.06 in chips)
Seat 4: cf0714f8 ($1 in chips)
Seat 6: 434a05cf ($12.26 in chips)
22e51b44: posts small blind $0.02
cfff5347: posts big blind $0.05
cf0714f8: posts big blind $0.05
*** HOLE CARDS ***
Dealt to 22e51b44 
Dealt to cfff5347 
Dealt to Hero [3d Th]
Dealt to cf0714f8 
Dealt to 434a05cf 
Hero: folds
cf0714f8: checks
434a05cf: folds
22e51b44: folds
cfff5347: checks
*** FLOP *** [Kc 6s 9s]
cfff5347: checks
cf0714f8: bets $0.05
cfff5347: calls $0.05
*** TURN *** [Kc 6s 9s] [Qh]
cfff5347: checks
cf0714f8: bets $0.1
cfff5347: folds
Uncalled bet ($0.1) returned to cf0714f8
*** SHOWDOWN ***
cf0714f8 collected $0.21 from pot
*** SUMMARY ***
Total pot $0.22 | Rake $0.01 | Jackpot $0 | Bingo $0 | Fortune $0 | Tax $0
Board [Kc 6s 9s Qh]
Seat 1: 22e51b44 (small blind) folded before Flop
Seat 2: cfff5347 (big blind) folded on the Turn
Seat 3: Hero folded before Flop (didn't bet)
Seat 4: cf0714f8 won ($0.21)
Seat 6: 434a05cf (button) folded before Flop (didn't bet)


Poker Hand #HD1599534447: Hold'em No Limit ($0.02/$0.05) - 2024/01/21 20:43:47
Table 'NLHBlue34' 6-max Seat #3 is the button
Seat 1: 22e51b44 ($4.38 in chips)
Seat 2: cfff5347 ($6.06 in chips)
Seat 3: Hero ($5.06 in chips)
Seat 6: 434a05cf ($12.28 in chips)
434a05cf: posts small blind $0.02
22e51b44: posts big blind $0.05
*** HOLE CARDS ***
Dealt to 22e51b44 
Dealt to cfff5347 
Dealt to Hero [9d 6c]
Dealt to 434a05cf 
cfff5347: folds
Hero: folds
434a05cf: folds
Uncalled bet ($0.03) returned to 22e51b44
*** SHOWDOWN ***
22e51b44 collected $0.04 from pot
*** SUMMARY ***
Total pot $0.04 | Rake $0 | Jackpot $0 | Bingo $0 | Fortune $0 | Tax $0
Seat 1: 22e51b44 (big blind) collected ($0.04)
Seat 2: cfff5347 folded before Flop (didn't bet)
Seat 3: Hero (button) folded before Flop (didn't bet)
Seat 6: 434a05cf (small blind) folded before Flop


Poker Hand #HD1599534413: Hold'em No Limit ($0.02/$0.05) - 2024/01/21 20:43:34
Table 'NLHBlue34' 6-max Seat #2 is the button
Seat 1: 22e51b44 ($4.38 in chips)
Seat 2: cfff5347 ($5.99 in chips)
Seat 3: Hero ($5.08 in chips)
Seat 6: 434a05cf ($12.33 in chips)
Hero: posts small blind $0.02
434a05cf: posts big blind $0.05
*** HOLE CARDS ***
Dealt to 22e51b44 
Dealt to cfff5347 
Dealt to Hero [6d 3s]
Dealt to 434a05cf 
22e51b44: folds
cfff5347: raises $0.05 to $0.1
Hero: folds
434a05cf: folds
Uncalled bet ($0.05) returned to cfff5347
*** SHOWDOWN ***
cfff5347 collected $0.12 from pot
*** SUMMARY ***
Total pot $0.12 | Rake $0 | Jackpot $0 | Bingo $0 | Fortune $0 | Tax $0
Seat 1: 22e51b44 folded before Flop (didn't bet)
Seat 2: cfff5347 (button) collected ($0.12)
Seat 3: Hero (small blind) folded before Flop
Seat 6: 434a05cf (big blind) folded before Flop


Poker Hand #HD1599534378: Hold'em No Limit ($0.02/$0.05) - 2024/01/21 20:43:17
Table 'NLHBlue34' 6-max Seat #1 is the button
Seat 1: 22e51b44 ($4.31 in chips)
Seat 2: cfff5347 ($6.01 in chips)
Seat 3: Hero ($5.13 in chips)
Seat 4: d01f3ed8 ($7.43 in chips)
Seat 6: 434a05cf ($12.33 in chips)
cfff5347: posts small blind $0.02
Hero: posts big blind $0.05
*** HOLE CARDS ***
Dealt to 22e51b44 
Dealt to cfff5347 
Dealt to Hero [Kd 7h]
Dealt to d01f3ed8 
Dealt to 434a05cf 
d01f3ed8: folds
434a05cf: folds
22e51b44: raises $0.1 to $0.15
cfff5347: folds
Hero: folds
Uncalled bet ($0.1) returned to 22e51b44
*** SHOWDOWN ***
22e51b44 collected $0.12 from pot
*** SUMMARY ***
Total pot $0.12 | Rake $0 | Jackpot $0 | Bingo $0 | Fortune $0 | Tax $0
Seat 1: 22e51b44 (button) collected ($0.12)
Seat 2: cfff5347 (small blind) folded before Flop
Seat 3: Hero (big blind) folded before Flop
Seat 4: d01f3ed8 folded before Flop (didn't bet)
Seat 6: 434a05cf folded before Flop (didn't bet)


Poker Hand #HD1599534336: Hold'em No Limit ($0.02/$0.05) - 2024/01/21 20:42:56
Table 'NLHBlue34' 6-max Seat #6 is the button
Seat 1: 22e51b44 ($4.33 in chips)
Seat 2: cfff5347 ($6.06 in chips)
Seat 3: Hero ($5.13 in chips)
Seat 4: d01f3ed8 ($7.36 in chips)
Seat 6: 434a05cf ($12.33 in chips)
22e51b44: posts small blind $0.02
cfff5347: posts big blind $0.05
*** HOLE CARDS ***
Dealt to 22e51b44 
Dealt to cfff5347 
Dealt to Hero [Qs 7c]
Dealt to d01f3ed8 
Dealt to 434a05cf 
Hero: folds
d01f3ed8: raises $0.06 to $0.11
434a05cf: folds
22e51b44: folds
cfff5347: folds
Uncalled bet ($0.06) returned to d01f3ed8
*** SHOWDOWN ***
d01f3ed8 collected $0.12 from pot
*** SUMMARY ***
Total pot $0.12 | Rake $0 | Jackpot $0 | Bingo $0 | Fortune $0 | Tax $0
Seat 1: 22e51b44 (small blind) folded before Flop
Seat 2: cfff5347 (big blind) folded before Flop
Seat 3: Hero folded before Flop (didn't bet)
Seat 4: d01f3ed8 collected ($0.12)
Seat 6: 434a05cf (button) folded before Flop (didn't bet)


Poker Hand #HD1599534289: Hold'em No Limit ($0.02/$0.05) - 2024/01/21 20:42:33
Table 'NLHBlue34' 6-max Seat #4 is the button
Seat 1: 22e51b44 ($4.38 in chips)
Seat 2: cfff5347 ($6.06 in chips)
Seat 3: Hero ($5.13 in chips)
Seat 4: d01f3ed8 ($7.47 in chips)
Seat 6: 434a05cf ($12.18 in chips)
434a05cf: posts small blind $0.02
22e51b44: posts big blind $0.05
*** HOLE CARDS ***
Dealt to 22e51b44 
Dealt to cfff5347 
Dealt to Hero [5c Qd]
Dealt to d01f3ed8 
Dealt to 434a05cf 
cfff5347: folds
Hero: folds
d01f3ed8: raises $0.06 to $0.11
434a05cf: raises $0.31 to $0.42
22e51b44: folds
d01f3ed8: folds
Uncalled bet ($0.31) returned to 434a05cf
*** SHOWDOWN ***
434a05cf collected $0.26 from pot
*** SUMMARY ***
Total pot $0.27 | Rake $0.01 | Jackpot $0 | Bingo $0 | Fortune $0 | Tax $0
Seat 1: 22e51b44 (big blind) folded before Flop
Seat 2: cfff5347 folded before Flop (didn't bet)
Seat 3: Hero folded before Flop (didn't bet)
Seat 4: d01f3ed8 (button) folded before Flop
Seat 6: 434a05cf (small blind) collected ($0.26)


Poker Hand #HD1599534115: Hold'em No Limit ($0.02/$0.05) - 2024/01/21 20:41:07
Table 'NLHBlue34' 6-max Seat #3 is the button
Seat 1: 22e51b44 ($4.38 in chips)
Seat 2: cfff5347 ($6.06 in chips)
Seat 3: Hero ($5.13 in chips)
Seat 4: d01f3ed8 ($4.3 in chips)
Seat 5: f7896b23 ($3.57 in chips)
Seat 6: 434a05cf ($12.18 in chips)
d01f3ed8: posts small blind $0.02
f7896b23: posts big blind $0.05
*** HOLE CARDS ***
Dealt to 22e51b44 
Dealt to cfff5347 
Dealt to Hero [6c 8s]
Dealt to d01f3ed8 
Dealt to f7896b23 
Dealt to 434a05cf 
434a05cf: folds
22e51b44: folds
cfff5347: folds
Hero: folds
d01f3ed8: calls $0.03
f7896b23: checks
*** FLOP *** [3h 6d Ad]
d01f3ed8: checks
f7896b23: bets $0.05
d01f3ed8: raises $0.05 to $0.1
f7896b23: raises $0.23 to $0.33
d01f3ed8: calls $0.23
*** TURN *** [3h 6d Ad] [4s]
d01f3ed8: checks
f7896b23: bets $0.76
d01f3ed8: raises $3.16 to $3.92 and is all-in
f7896b23: calls $2.43 and is all-in
Uncalled bet ($0.73) returned to d01f3ed8
d01f3ed8: shows [Tc Td] (Pair of Tens)
f7896b23: shows [3c Th] (Pair of Treys)
*** RIVER *** [3h 6d Ad 4s] [Jc]
*** SHOWDOWN ***
d01f3ed8 collected $6.74 from pot
*** SUMMARY ***
Total pot $7.14 | Rake $0.35 | Jackpot $0.05 | Bingo $0 | Fortune $0 | Tax $0
Board [3h 6d Ad 4s Jc]
Seat 1: 22e51b44 folded before Flop (didn't bet)
Seat 2: cfff5347 folded before Flop (didn't bet)
Seat 3: Hero (button) folded before Flop (didn't bet)
Seat 4: d01f3ed8 (small blind) showed [Tc Td] and won ($6.74) with Pair of Tens
Seat 5: f7896b23 (big blind) showed [3c Th] and lost with Pair of Treys
Seat 6: 434a05cf folded before Flop (didn't bet)


Poker Hand #HD1599533977: Hold'em No Limit ($0.02/$0.05) - 2024/01/21 20:39:54
Table 'NLHBlue34' 6-max Seat #2 is the button
Seat 1: 22e51b44 ($4.38 in chips)
Seat 2: cfff5347 ($6.12 in chips)
Seat 3: Hero ($5.15 in chips)
Seat 4: d01f3ed8 ($4.35 in chips)
Seat 5: f7896b23 ($3.57 in chips)
Seat 6: 434a05cf ($12.18 in chips)
Hero: posts small blind $0.02
d01f3ed8: posts big blind $0.05
*** HOLE CARDS ***
Dealt to 22e51b44 
Dealt to cfff5347 
Dealt to Hero [7d 6h]
Dealt to d01f3ed8 
Dealt to f7896b23 
Dealt to 434a05cf 
f7896b23: folds
434a05cf: folds
22e51b44: folds
cfff5347: raises $0.08 to $0.13
Hero: folds
d01f3ed8: calls $0.08
*** FLOP *** [8h 8c 7s]
d01f3ed8: checks
cfff5347: bets $0.23
d01f3ed8: calls $0.23
*** TURN *** [8h 8c 7s] [9s]
d01f3ed8: checks
cfff5347: checks
*** RIVER *** [8h 8c 7s 9s] [7c]
d01f3ed8: checks
cfff5347: bets $0.6
d01f3ed8: calls $0.6
cfff5347: shows [6d Ad] (Pair of Eights and Pair of Sevens)
d01f3ed8: shows [As Qc] (Pair of Eights and Pair of Sevens)
*** SHOWDOWN ***
d01f3ed8 collected $0.91 from pot
cfff5347 collected $0.9 from pot
*** SUMMARY ***
Total pot $1.94 | Rake $0.08 | Jackpot $0.05 | Bingo $0 | Fortune $0 | Tax $0
Board [8h 8c 7s 9s 7c]
Seat 1: 22e51b44 folded before Flop (didn't bet)
Seat 2: cfff5347 (button) showed [6d Ad] and won ($0.9) with Pair of Eights and Pair of Sevens
Seat 3: Hero (small blind) folded before Flop
Seat 4: d01f3ed8 (big blind) showed [As Qc] and won ($0.91) with Pair of Eights and Pair of Sevens
Seat 5: f7896b23 folded before Flop (didn't bet)
Seat 6: 434a05cf folded before Flop (didn't bet)


Poker Hand #HD1599533846: Hold'em No Limit ($0.02/$0.05) - 2024/01/21 20:38:50
Table 'NLHBlue34' 6-max Seat #1 is the button
Seat 1: 22e51b44 ($4.48 in chips)
Seat 2: cfff5347 ($6.73 in chips)
Seat 3: Hero ($5 in chips)
Seat 4: d01f3ed8 ($4.35 in chips)
Seat 5: f7896b23 ($3.42 in chips)
Seat 6: 434a05cf ($12.18 in chips)
cfff5347: posts small blind $0.02
Hero: posts big blind $0.05
*** HOLE CARDS ***
Dealt to 22e51b44 
Dealt to cfff5347 
Dealt to Hero [Ad Ah]
Dealt to d01f3ed8 
Dealt to f7896b23 
Dealt to 434a05cf 
d01f3ed8: folds
f7896b23: raises $0.05 to $0.1
434a05cf: folds
22e51b44: calls $0.1
cfff5347: raises $0.51 to $0.61
Hero: raises $0.79 to $1.4
f7896b23: raises $2.02 to $3.42 and is all-in
22e51b44: folds
cfff5347: folds
Hero: calls $2.02
f7896b23: shows [3h 3c]
Hero: shows [Ad Ah]
*** FIRST FLOP *** [7c 3s 5c]
*** FIRST TURN *** [7c 3s 5c] [8c]
*** FIRST RIVER *** [7c 3s 5c 8c] [4d]
*** SECOND FLOP *** [Jh 2c 9d]
*** SECOND TURN *** [Jh 2c 9d] [5d]
*** SECOND RIVER *** [Jh 2c 9d 5d] [Th]
*** FIRST SHOWDOWN ***
f7896b23 collected $3.57 from pot
*** SECOND SHOWDOWN ***
Hero collected $3.57 from pot
*** SUMMARY ***
Total pot $7.55 | Rake $0.36 | Jackpot $0.05 | Bingo $0 | Fortune $0 | Tax $0
Hand was run two times
FIRST Board [7c 3s 5c 8c 4d]
SECOND Board [Jh 2c 9d 5d Th]
Seat 1: 22e51b44 (button) folded before Flop
Seat 2: cfff5347 (small blind) folded before Flop
Seat 3: Hero (big blind) showed [Ad Ah] and lost with Pair of Aces, and won ($3.57) with Pair of Aces
Seat 4: d01f3ed8 folded before Flop (didn't bet)
Seat 5: f7896b23 showed [3h 3c] and won ($3.57) with Three Treys, and lost with Pair of Treys
Seat 6: 434a05cf folded before Flop (didn't bet)


