Poker Hand #HD1173076900: Hold'em No Limit  ($0.02/$0.05) - 2023/03/23 21:24:24
Table 'NLHBlue103' 6-max Seat #3 is the button
Seat 1: d10163cf ($5.14 in chips)
Seat 2: 71cb254a ($4.88 in chips)
Seat 3: b6e02351 ($4.52 in chips)
Seat 4: 911ecc54 ($4.76 in chips)
Seat 5: Hero ($5.38 in chips)
Seat 6: 669f167 ($5.39 in chips)
911ecc54: posts small blind $0.02
Hero: posts big blind $0.05
*** HOLE CARDS ***
Dealt to d10163cf 
Dealt to 71cb254a 
Dealt to b6e02351 
Dealt to 911ecc54 
Dealt to Hero [6s 3c]
Dealt to 669f167 
669f167: folds
d10163cf: raises $0.08 to $0.13
71cb254a: calls $0.13
b6e02351: folds
911ecc54: folds
Hero: folds
*** FLOP *** [Kh 6d 8d]
d10163cf: bets $0.19
71cb254a: folds
Uncalled bet ($0.19) returned to d10163cf
*** SHOWDOWN ***
d10163cf collected $0.32 from pot
*** SUMMARY ***
Total pot $0.33 | Rake $0.01 | Jackpot $0 | Bingo $0 | Fortune $0
Board [Kh 6d 8d]
Seat 1: d10163cf won ($0.32)
Seat 2: 71cb254a folded on the Flop
Seat 3: b6e02351 (button) folded before Flop (didn't bet)
Seat 4: 911ecc54 (small blind) folded before Flop
Seat 5: Hero (big blind) folded before Flop
Seat 6: 669f167 folded before Flop (didn't bet)


Poker Hand #HD1173076861: Hold'em No Limit  ($0.02/$0.05) - 2023/03/23 21:24:07
Table 'NLHBlue103' 6-max Seat #2 is the button
Seat 1: d10163cf ($5.14 in chips)
Seat 2: 71cb254a ($4.88 in chips)
Seat 3: b6e02351 ($4.54 in chips)
Seat 4: 911ecc54 ($4.74 in chips)
Seat 5: Hero ($5.38 in chips)
Seat 6: 669f167 ($5.39 in chips)
b6e02351: posts small blind $0.02
911ecc54: posts big blind $0.05
*** HOLE CARDS ***
Dealt to d10163cf 
Dealt to 71cb254a 
Dealt to b6e02351 
Dealt to 911ecc54 
Dealt to Hero [4h Kc]
Dealt to 669f167 
Hero: folds
669f167: folds
d10163cf: folds
71cb254a: folds
b6e02351: folds
Uncalled bet ($0.03) returned to 911ecc54
*** SHOWDOWN ***
911ecc54 collected $0.04 from pot
*** SUMMARY ***
Total pot $0.04 | Rake $0 | Jackpot $0 | Bingo $0 | Fortune $0
Seat 1: d10163cf folded before Flop (didn't bet)
Seat 2: 71cb254a (button) folded before Flop (didn't bet)
Seat 3: b6e02351 (small blind) folded before Flop
Seat 4: 911ecc54 (big blind) collected ($0.04)
Seat 5: Hero folded before Flop (didn't bet)
Seat 6: 669f167 folded before Flop (didn't bet)


Poker Hand #HD1173076761: Hold'em No Limit  ($0.02/$0.05) - 2023/03/23 21:23:21
Table 'NLHBlue103' 6-max Seat #1 is the button
Seat 1: d10163cf ($5.14 in chips)
Seat 2: 71cb254a ($5 in chips)
Seat 3: b6e02351 ($4.59 in chips)
Seat 4: 911ecc54 ($4.74 in chips)
Seat 5: Hero ($5.22 in chips)
Seat 6: 669f167 ($5.39 in chips)
71cb254a: posts small blind $0.02
b6e02351: posts big blind $0.05
*** HOLE CARDS ***
Dealt to d10163cf 
Dealt to 71cb254a 
Dealt to b6e02351 
Dealt to 911ecc54 
Dealt to Hero [3h 3d]
Dealt to 669f167 
911ecc54: folds
Hero: raises $0.07 to $0.12
669f167: folds
d10163cf: folds
71cb254a: calls $0.1
b6e02351: folds
*** FLOP *** [Tc 7c Jd]
71cb254a: checks
Hero: checks
*** TURN *** [Tc 7c Jd] [7h]
71cb254a: checks
Hero: checks
*** RIVER *** [Tc 7c Jd 7h] [Ks]
71cb254a: checks
Hero: checks
71cb254a: shows [As 5s] (Pair of Sevens)
Hero: shows [3h 3d] (Pair of Sevens and Pair of Treys)
*** SHOWDOWN ***
Hero collected $0.28 from pot
*** SUMMARY ***
Total pot $0.29 | Rake $0.01 | Jackpot $0 | Bingo $0 | Fortune $0
Board [Tc 7c Jd 7h Ks]
Seat 1: d10163cf (button) folded before Flop (didn't bet)
Seat 2: 71cb254a (small blind) showed [As 5s] and lost with Pair of Sevens
Seat 3: b6e02351 (big blind) folded before Flop
Seat 4: 911ecc54 folded before Flop (didn't bet)
Seat 5: Hero showed [3h 3d] and won ($0.28) with Pair of Sevens and Pair of Treys
Seat 6: 669f167 folded before Flop (didn't bet)


Poker Hand #HD1173076638: Hold'em No Limit  ($0.02/$0.05) - 2023/03/23 21:22:26
Table 'NLHBlue103' 6-max Seat #6 is the button
Seat 1: d10163cf ($5 in chips)
Seat 2: 71cb254a ($5.15 in chips)
Seat 3: b6e02351 ($4.59 in chips)
Seat 4: 911ecc54 ($4.74 in chips)
Seat 5: Hero ($5.22 in chips)
Seat 6: 669f167 ($5.39 in chips)
d10163cf: posts small blind $0.02
71cb254a: posts big blind $0.05
*** HOLE CARDS ***
Dealt to d10163cf 
Dealt to 71cb254a 
Dealt to b6e02351 
Dealt to 911ecc54 
Dealt to Hero [7d Ac]
Dealt to 669f167 
b6e02351: folds
911ecc54: folds
Hero: folds
669f167: folds
d10163cf: raises $0.1 to $0.15
71cb254a: calls $0.1
*** FLOP *** [2s 3s Ad]
d10163cf: checks
71cb254a: checks
*** TURN *** [2s 3s Ad] [6c]
d10163cf: checks
71cb254a: checks
*** RIVER *** [2s 3s Ad 6c] [4d]
d10163cf: checks
71cb254a: checks
d10163cf: shows [Kc Td] (Ace-High)
71cb254a: shows [7c Qc] (Ace-High)
*** SHOWDOWN ***
d10163cf collected $0.29 from pot
*** SUMMARY ***
Total pot $0.3 | Rake $0.01 | Jackpot $0 | Bingo $0 | Fortune $0
Board [2s 3s Ad 6c 4d]
Seat 1: d10163cf (small blind) showed [Kc Td] and won ($0.29) with Ace-High
Seat 2: 71cb254a (big blind) showed [7c Qc] and lost with Ace-High
Seat 3: b6e02351 folded before Flop (didn't bet)
Seat 4: 911ecc54 folded before Flop (didn't bet)
Seat 5: Hero folded before Flop (didn't bet)
Seat 6: 669f167 (button) folded before Flop (didn't bet)


Poker Hand #HD1173076581: Hold'em No Limit  ($0.02/$0.05) - 2023/03/23 21:22:03
Table 'NLHBlue103' 6-max Seat #5 is the button
Seat 1: d10163cf ($5.01 in chips)
Seat 2: 71cb254a ($5.15 in chips)
Seat 3: b6e02351 ($4.52 in chips)
Seat 4: 911ecc54 ($4.74 in chips)
Seat 5: Hero ($5.22 in chips)
Seat 6: 669f167 ($5.41 in chips)
669f167: posts small blind $0.02
d10163cf: posts big blind $0.05
*** HOLE CARDS ***
Dealt to d10163cf 
Dealt to 71cb254a 
Dealt to b6e02351 
Dealt to 911ecc54 
Dealt to Hero [Ts 6s]
Dealt to 669f167 
71cb254a: folds
b6e02351: raises $0.06 to $0.11
911ecc54: folds
Hero: folds
669f167: folds
d10163cf: folds
Uncalled bet ($0.06) returned to b6e02351
*** SHOWDOWN ***
b6e02351 collected $0.12 from pot
*** SUMMARY ***
Total pot $0.12 | Rake $0 | Jackpot $0 | Bingo $0 | Fortune $0
Seat 1: d10163cf (big blind) folded before Flop
Seat 2: 71cb254a folded before Flop (didn't bet)
Seat 3: b6e02351 collected ($0.12)
Seat 4: 911ecc54 folded before Flop (didn't bet)
Seat 5: Hero (button) folded before Flop (didn't bet)
Seat 6: 669f167 (small blind) folded before Flop


Poker Hand #HD1173076551: Hold'em No Limit  ($0.02/$0.05) - 2023/03/23 21:21:52
Table 'NLHBlue103' 6-max Seat #4 is the button
Seat 1: d10163cf ($5.01 in chips)
Seat 2: 71cb254a ($5.15 in chips)
Seat 4: 911ecc54 ($4.74 in chips)
Seat 5: Hero ($5.24 in chips)
Seat 6: 669f167 ($5.39 in chips)
Hero: posts small blind $0.02
669f167: posts big blind $0.05
*** HOLE CARDS ***
Dealt to d10163cf 
Dealt to 71cb254a 
Dealt to 911ecc54 
Dealt to Hero [8c 5d]
Dealt to 669f167 
d10163cf: folds
71cb254a: folds
911ecc54: folds
Hero: folds
Uncalled bet ($0.03) returned to 669f167
*** SHOWDOWN ***
669f167 collected $0.04 from pot
*** SUMMARY ***
Total pot $0.04 | Rake $0 | Jackpot $0 | Bingo $0 | Fortune $0
Seat 1: d10163cf folded before Flop (didn't bet)
Seat 2: 71cb254a folded before Flop (didn't bet)
Seat 4: 911ecc54 (button) folded before Flop (didn't bet)
Seat 5: Hero (small blind) folded before Flop
Seat 6: 669f167 (big blind) collected ($0.04)


Poker Hand #HD1173076491: Hold'em No Limit  ($0.02/$0.05) - 2023/03/23 21:21:24
Table 'NLHBlue103' 6-max Seat #2 is the button
Seat 1: d10163cf ($5.01 in chips)
Seat 2: 71cb254a ($5.15 in chips)
Seat 3: b6e02351 ($4.54 in chips)
Seat 4: 911ecc54 ($4.72 in chips)
Seat 5: Hero ($5.24 in chips)
Seat 6: 669f167 ($5.39 in chips)
b6e02351: posts small blind $0.02
911ecc54: posts big blind $0.05
*** HOLE CARDS ***
Dealt to d10163cf 
Dealt to 71cb254a 
Dealt to b6e02351 
Dealt to 911ecc54 
Dealt to Hero [8c 4h]
Dealt to 669f167 
Hero: folds
669f167: folds
d10163cf: folds
71cb254a: folds
b6e02351: folds
Uncalled bet ($0.03) returned to 911ecc54
*** SHOWDOWN ***
911ecc54 collected $0.04 from pot
*** SUMMARY ***
Total pot $0.04 | Rake $0 | Jackpot $0 | Bingo $0 | Fortune $0
Seat 1: d10163cf folded before Flop (didn't bet)
Seat 2: 71cb254a (button) folded before Flop (didn't bet)
Seat 3: b6e02351 (small blind) folded before Flop
Seat 4: 911ecc54 (big blind) collected ($0.04)
Seat 5: Hero folded before Flop (didn't bet)
Seat 6: 669f167 folded before Flop (didn't bet)


Poker Hand #HD1173076414: Hold'em No Limit  ($0.02/$0.05) - 2023/03/23 21:20:51
Table 'NLHBlue103' 6-max Seat #1 is the button
Seat 1: d10163cf ($5.01 in chips)
Seat 2: 71cb254a ($5 in chips)
Seat 3: b6e02351 ($4.59 in chips)
Seat 4: 911ecc54 ($4.72 in chips)
Seat 5: Hero ($5.24 in chips)
Seat 6: 669f167 ($5.5 in chips)
71cb254a: posts small blind $0.02
b6e02351: posts big blind $0.05
*** HOLE CARDS ***
Dealt to d10163cf 
Dealt to 71cb254a 
Dealt to b6e02351 
Dealt to 911ecc54 
Dealt to Hero [Td 6h]
Dealt to 669f167 
911ecc54: folds
Hero: folds
669f167: raises $0.06 to $0.11
d10163cf: folds
71cb254a: raises $0.27 to $0.38
b6e02351: folds
669f167: folds
Uncalled bet ($0.27) returned to 71cb254a
*** SHOWDOWN ***
71cb254a collected $0.26 from pot
*** SUMMARY ***
Total pot $0.27 | Rake $0.01 | Jackpot $0 | Bingo $0 | Fortune $0
Seat 1: d10163cf (button) folded before Flop (didn't bet)
Seat 2: 71cb254a (small blind) collected ($0.26)
Seat 3: b6e02351 (big blind) folded before Flop
Seat 4: 911ecc54 folded before Flop (didn't bet)
Seat 5: Hero folded before Flop (didn't bet)
Seat 6: 669f167 folded before Flop


Poker Hand #HD1173076286: Hold'em No Limit  ($0.02/$0.05) - 2023/03/23 21:19:55
Table 'NLHBlue103' 6-max Seat #6 is the button
Seat 1: d10163cf ($5.03 in chips)
Seat 2: 71cb254a ($5.31 in chips)
Seat 3: b6e02351 ($4.59 in chips)
Seat 4: 911ecc54 ($4.42 in chips)
Seat 5: Hero ($5.24 in chips)
Seat 6: 669f167 ($5.5 in chips)
d10163cf: posts small blind $0.02
71cb254a: posts big blind $0.05
*** HOLE CARDS ***
Dealt to d10163cf 
Dealt to 71cb254a 
Dealt to b6e02351 
Dealt to 911ecc54 
Dealt to Hero [2c 2s]
Dealt to 669f167 
b6e02351: folds
911ecc54: raises $0.05 to $0.1
Hero: folds
669f167: folds
d10163cf: folds
71cb254a: calls $0.05
*** FLOP *** [4s Qc 5c]
71cb254a: checks
911ecc54: checks
*** TURN *** [4s Qc 5c] [5d]
71cb254a: bets $0.05
911ecc54: raises $0.16 to $0.21
71cb254a: calls $0.16
*** RIVER *** [4s Qc 5c 5d] [Kc]
71cb254a: checks
911ecc54: bets $0.48
71cb254a: folds
Uncalled bet ($0.48) returned to 911ecc54
*** SHOWDOWN ***
911ecc54 collected $0.61 from pot
*** SUMMARY ***
Total pot $0.64 | Rake $0.03 | Jackpot $0 | Bingo $0 | Fortune $0
Board [4s Qc 5c 5d Kc]
Seat 1: d10163cf (small blind) folded before Flop
Seat 2: 71cb254a (big blind) folded on the River
Seat 3: b6e02351 folded before Flop (didn't bet)
Seat 4: 911ecc54 won ($0.61)
Seat 5: Hero folded before Flop (didn't bet)
Seat 6: 669f167 (button) folded before Flop (didn't bet)


Poker Hand #HD1173076259: Hold'em No Limit  ($0.02/$0.05) - 2023/03/23 21:19:38
Table 'NLHBlue103' 6-max Seat #5 is the button
Seat 1: d10163cf ($5.02 in chips)
Seat 2: 71cb254a ($5.31 in chips)
Seat 3: b6e02351 ($4.59 in chips)
Seat 4: 911ecc54 ($4.42 in chips)
Seat 5: Hero ($5.17 in chips)
Seat 6: 669f167 ($5.52 in chips)
669f167: posts small blind $0.02
d10163cf: posts big blind $0.05
*** HOLE CARDS ***
Dealt to d10163cf 
Dealt to 71cb254a 
Dealt to b6e02351 
Dealt to 911ecc54 
Dealt to Hero [5h 8h]
Dealt to 669f167 
71cb254a: folds
b6e02351: folds
911ecc54: folds
Hero: raises $0.07 to $0.12
669f167: folds
d10163cf: folds
Uncalled bet ($0.07) returned to Hero
*** SHOWDOWN ***
Hero collected $0.12 from pot
*** SUMMARY ***
Total pot $0.12 | Rake $0 | Jackpot $0 | Bingo $0 | Fortune $0
Seat 1: d10163cf (big blind) folded before Flop
Seat 2: 71cb254a folded before Flop (didn't bet)
Seat 3: b6e02351 folded before Flop (didn't bet)
Seat 4: 911ecc54 folded before Flop (didn't bet)
Seat 5: Hero (button) collected ($0.12)
Seat 6: 669f167 (small blind) folded before Flop


Poker Hand #HD1173076140: Hold'em No Limit  ($0.02/$0.05) - 2023/03/23 21:18:47
Table 'NLHBlue103' 6-max Seat #4 is the button
Seat 1: d10163cf ($5.15 in chips)
Seat 2: 71cb254a ($5.31 in chips)
Seat 3: b6e02351 ($4.59 in chips)
Seat 4: 911ecc54 ($4.42 in chips)
Seat 5: Hero ($5 in chips)
Seat 6: 669f167 ($5.57 in chips)
Hero: posts small blind $0.02
669f167: posts big blind $0.05
*** HOLE CARDS ***
Dealt to d10163cf 
Dealt to 71cb254a 
Dealt to b6e02351 
Dealt to 911ecc54 
Dealt to Hero [Ac 5c]
Dealt to 669f167 
d10163cf: raises $0.08 to $0.13
71cb254a: folds
b6e02351: folds
911ecc54: folds
Hero: raises $0.47 to $0.6
669f167: folds
d10163cf: folds
Uncalled bet ($0.47) returned to Hero
*** SHOWDOWN ***
Hero collected $0.3 from pot
*** SUMMARY ***
Total pot $0.31 | Rake $0.01 | Jackpot $0 | Bingo $0 | Fortune $0
Seat 1: d10163cf folded before Flop
Seat 2: 71cb254a folded before Flop (didn't bet)
Seat 3: b6e02351 folded before Flop (didn't bet)
Seat 4: 911ecc54 (button) folded before Flop (didn't bet)
Seat 5: Hero (small blind) collected ($0.3)
Seat 6: 669f167 (big blind) folded before Flop


Poker Hand #HD1173076110: Hold'em No Limit  ($0.02/$0.05) - 2023/03/23 21:18:29
Table 'NLHBlue103' 6-max Seat #3 is the button
Seat 1: d10163cf ($5.15 in chips)
Seat 2: 71cb254a ($5.31 in chips)
Seat 3: b6e02351 ($4.52 in chips)
Seat 4: 911ecc54 ($4.44 in chips)
Seat 5: Hero ($5 in chips)
Seat 6: 669f167 ($5.57 in chips)
911ecc54: posts small blind $0.02
Hero: posts big blind $0.05
*** HOLE CARDS ***
Dealt to d10163cf 
Dealt to 71cb254a 
Dealt to b6e02351 
Dealt to 911ecc54 
Dealt to Hero [Js 8c]
Dealt to 669f167 
669f167: folds
d10163cf: folds
71cb254a: folds
b6e02351: raises $0.05 to $0.1
911ecc54: folds
Hero: folds
Uncalled bet ($0.05) returned to b6e02351
*** SHOWDOWN ***
b6e02351 collected $0.12 from pot
*** SUMMARY ***
Total pot $0.12 | Rake $0 | Jackpot $0 | Bingo $0 | Fortune $0
Seat 1: d10163cf folded before Flop (didn't bet)
Seat 2: 71cb254a folded before Flop (didn't bet)
Seat 3: b6e02351 (button) collected ($0.12)
Seat 4: 911ecc54 (small blind) folded before Flop
Seat 5: Hero (big blind) folded before Flop
Seat 6: 669f167 folded before Flop (didn't bet)


Poker Hand #HD1173076067: Hold'em No Limit  ($0.02/$0.05) - 2023/03/23 21:18:11
Table 'NLHBlue103' 6-max Seat #2 is the button
Seat 1: d10163cf ($5.15 in chips)
Seat 2: 71cb254a ($5.31 in chips)
Seat 3: b6e02351 ($4.54 in chips)
Seat 4: 911ecc54 ($4.49 in chips)
Seat 5: Hero ($5 in chips)
Seat 6: 669f167 ($5.5 in chips)
b6e02351: posts small blind $0.02
911ecc54: posts big blind $0.05
*** HOLE CARDS ***
Dealt to d10163cf 
Dealt to 71cb254a 
Dealt to b6e02351 
Dealt to 911ecc54 
Dealt to Hero [8d 3h]
Dealt to 669f167 
Hero: folds
669f167: raises $0.06 to $0.11
d10163cf: folds
71cb254a: folds
b6e02351: folds
911ecc54: folds
Uncalled bet ($0.06) returned to 669f167
*** SHOWDOWN ***
669f167 collected $0.12 from pot
*** SUMMARY ***
Total pot $0.12 | Rake $0 | Jackpot $0 | Bingo $0 | Fortune $0
Seat 1: d10163cf folded before Flop (didn't bet)
Seat 2: 71cb254a (button) folded before Flop (didn't bet)
Seat 3: b6e02351 (small blind) folded before Flop
Seat 4: 911ecc54 (big blind) folded before Flop
Seat 5: Hero folded before Flop (didn't bet)
Seat 6: 669f167 collected ($0.12)


Poker Hand #HD1173075996: Hold'em No Limit  ($0.02/$0.05) - 2023/03/23 21:17:38
Table 'NLHBlue103' 6-max Seat #1 is the button
Seat 1: d10163cf ($5.55 in chips)
Seat 2: 71cb254a ($4.9 in chips)
Seat 3: b6e02351 ($4.59 in chips)
Seat 4: 911ecc54 ($4.49 in chips)
Seat 5: Hero ($5 in chips)
Seat 6: 669f167 ($5.5 in chips)
71cb254a: posts small blind $0.02
b6e02351: posts big blind $0.05
*** HOLE CARDS ***
Dealt to d10163cf 
Dealt to 71cb254a 
Dealt to b6e02351 
Dealt to 911ecc54 
Dealt to Hero [Td 8h]
Dealt to 669f167 
911ecc54: folds
Hero: folds
669f167: folds
d10163cf: raises $0.05 to $0.1
71cb254a: raises $0.3 to $0.4
b6e02351: folds
d10163cf: calls $0.3
*** FLOP *** [8c 6h Ks]
71cb254a: bets $0.53
d10163cf: folds
Uncalled bet ($0.53) returned to 71cb254a
*** SHOWDOWN ***
71cb254a collected $0.81 from pot
*** SUMMARY ***
Total pot $0.85 | Rake $0.04 | Jackpot $0 | Bingo $0 | Fortune $0
Board [8c 6h Ks]
Seat 1: d10163cf (button) folded on the Flop
Seat 2: 71cb254a (small blind) won ($0.81)
Seat 3: b6e02351 (big blind) folded before Flop
Seat 4: 911ecc54 folded before Flop (didn't bet)
Seat 5: Hero folded before Flop (didn't bet)
Seat 6: 669f167 folded before Flop (didn't bet)


Poker Hand #HD1173075946: Hold'em No Limit  ($0.02/$0.05) - 2023/03/23 21:17:16
Table 'NLHBlue103' 6-max Seat #6 is the button
Seat 1: d10163cf ($5.57 in chips)
Seat 2: 71cb254a ($4.95 in chips)
Seat 3: b6e02351 ($4.59 in chips)
Seat 4: 911ecc54 ($4.49 in chips)
Seat 5: Hero ($5.07 in chips)
Seat 6: 669f167 ($5.32 in chips)
d10163cf: posts small blind $0.02
71cb254a: posts big blind $0.05
*** HOLE CARDS ***
Dealt to d10163cf 
Dealt to 71cb254a 
Dealt to b6e02351 
Dealt to 911ecc54 
Dealt to Hero [Th Kc]
Dealt to 669f167 
b6e02351: folds
911ecc54: folds
Hero: raises $0.07 to $0.12
669f167: raises $0.22 to $0.34
d10163cf: folds
71cb254a: folds
Hero: folds
Uncalled bet ($0.22) returned to 669f167
*** SHOWDOWN ***
669f167 collected $0.3 from pot
*** SUMMARY ***
Total pot $0.31 | Rake $0.01 | Jackpot $0 | Bingo $0 | Fortune $0
Seat 1: d10163cf (small blind) folded before Flop
Seat 2: 71cb254a (big blind) folded before Flop
Seat 3: b6e02351 folded before Flop (didn't bet)
Seat 4: 911ecc54 folded before Flop (didn't bet)
Seat 5: Hero folded before Flop
Seat 6: 669f167 (button) collected ($0.3)


Poker Hand #HD1173075908: Hold'em No Limit  ($0.02/$0.05) - 2023/03/23 21:17:01
Table 'NLHBlue103' 6-max Seat #5 is the button
Seat 1: d10163cf ($5.62 in chips)
Seat 2: 71cb254a ($4.95 in chips)
Seat 3: b6e02351 ($4.59 in chips)
Seat 4: 911ecc54 ($4.49 in chips)
Seat 5: Hero ($5 in chips)
Seat 6: 669f167 ($5.34 in chips)
669f167: posts small blind $0.02
d10163cf: posts big blind $0.05
*** HOLE CARDS ***
Dealt to d10163cf 
Dealt to 71cb254a 
Dealt to b6e02351 
Dealt to 911ecc54 
Dealt to Hero [Jh Qh]
Dealt to 669f167 
71cb254a: folds
b6e02351: folds
911ecc54: folds
Hero: raises $0.07 to $0.12
669f167: folds
d10163cf: folds
Uncalled bet ($0.07) returned to Hero
*** SHOWDOWN ***
Hero collected $0.12 from pot
*** SUMMARY ***
Total pot $0.12 | Rake $0 | Jackpot $0 | Bingo $0 | Fortune $0
Seat 1: d10163cf (big blind) folded before Flop
Seat 2: 71cb254a folded before Flop (didn't bet)
Seat 3: b6e02351 folded before Flop (didn't bet)
Seat 4: 911ecc54 folded before Flop (didn't bet)
Seat 5: Hero (button) collected ($0.12)
Seat 6: 669f167 (small blind) folded before Flop


Poker Hand #HD1173075894: Hold'em No Limit  ($0.02/$0.05) - 2023/03/23 21:16:53
Table 'NLHBlue103' 6-max Seat #4 is the button
Seat 1: d10163cf ($5.62 in chips)
Seat 2: 71cb254a ($4.95 in chips)
Seat 3: b6e02351 ($4.59 in chips)
Seat 4: 911ecc54 ($4.49 in chips)
Seat 5: Hero ($5 in chips)
Seat 6: 669f167 ($5.32 in chips)
Hero: posts small blind $0.02
669f167: posts big blind $0.05
*** HOLE CARDS ***
Dealt to d10163cf 
Dealt to 71cb254a 
Dealt to b6e02351 
Dealt to 911ecc54 
Dealt to Hero [7c Qs]
Dealt to 669f167 
d10163cf: folds
71cb254a: folds
b6e02351: folds
911ecc54: folds
Hero: folds
Uncalled bet ($0.03) returned to 669f167
*** SHOWDOWN ***
669f167 collected $0.04 from pot
*** SUMMARY ***
Total pot $0.04 | Rake $0 | Jackpot $0 | Bingo $0 | Fortune $0
Seat 1: d10163cf folded before Flop (didn't bet)
Seat 2: 71cb254a folded before Flop (didn't bet)
Seat 3: b6e02351 folded before Flop (didn't bet)
Seat 4: 911ecc54 (button) folded before Flop (didn't bet)
Seat 5: Hero (small blind) folded before Flop
Seat 6: 669f167 (big blind) collected ($0.04)


Poker Hand #HD1173075743: Hold'em No Limit  ($0.02/$0.05) - 2023/03/23 21:15:50
Table 'NLHBlue103' 6-max Seat #3 is the button
Seat 1: d10163cf ($5.62 in chips)
Seat 2: 71cb254a ($4.95 in chips)
Seat 3: b6e02351 ($2.43 in chips)
Seat 4: 911ecc54 ($4.51 in chips)
Seat 5: Hero ($5.43 in chips)
Seat 6: 669f167 ($5.32 in chips)
911ecc54: posts small blind $0.02
Hero: posts big blind $0.05
*** HOLE CARDS ***
Dealt to d10163cf 
Dealt to 71cb254a 
Dealt to b6e02351 
Dealt to 911ecc54 
Dealt to Hero [As Kc]
Dealt to 669f167 
669f167: folds
d10163cf: folds
71cb254a: folds
b6e02351: raises $0.06 to $0.11
911ecc54: folds
Hero: raises $0.36 to $0.47
b6e02351: raises $1.96 to $2.43 and is all-in
Hero: calls $1.96
b6e02351: shows [Qc Qd]
Hero: shows [As Kc]
*** FLOP *** [7d Jd 8d]
*** TURN *** [7d Jd 8d] [Qs]
*** RIVER *** [7d Jd 8d Qs] [2c]
*** SHOWDOWN ***
b6e02351 collected $4.59 from pot
*** SUMMARY ***
Total pot $4.88 | Rake $0.24 | Jackpot $0.05 | Bingo $0 | Fortune $0
Board [7d Jd 8d Qs 2c]
Seat 1: d10163cf folded before Flop (didn't bet)
Seat 2: 71cb254a folded before Flop (didn't bet)
Seat 3: b6e02351 (button) showed [Qc Qd] and won ($4.59) with Three Queens
Seat 4: 911ecc54 (small blind) folded before Flop
Seat 5: Hero (big blind) showed [As Kc] and lost with Ace-High
Seat 6: 669f167 folded before Flop (didn't bet)


Poker Hand #HD1172995631: Hold'em No Limit  ($0.02/$0.05) - 2023/03/23 21:15:00
Table 'NLHBlue103' 6-max Seat #2 is the button
Seat 1: d10163cf ($5.62 in chips)
Seat 2: 71cb254a ($4.95 in chips)
Seat 3: b6e02351 ($2.27 in chips)
Seat 4: 911ecc54 ($4.56 in chips)
Seat 5: Hero ($5.55 in chips)
Seat 6: 669f167 ($5.32 in chips)
b6e02351: posts small blind $0.02
911ecc54: posts big blind $0.05
*** HOLE CARDS ***
Dealt to d10163cf 
Dealt to 71cb254a 
Dealt to b6e02351 
Dealt to 911ecc54 
Dealt to Hero [Kc 9c]
Dealt to 669f167 
Hero: raises $0.07 to $0.12
669f167: folds
d10163cf: folds
71cb254a: folds
b6e02351: raises $0.29 to $0.41
911ecc54: folds
Hero: folds
Uncalled bet ($0.29) returned to b6e02351
*** SHOWDOWN ***
b6e02351 collected $0.28 from pot
*** SUMMARY ***
Total pot $0.29 | Rake $0.01 | Jackpot $0 | Bingo $0 | Fortune $0
Seat 1: d10163cf folded before Flop (didn't bet)
Seat 2: 71cb254a (button) folded before Flop (didn't bet)
Seat 3: b6e02351 (small blind) collected ($0.28)
Seat 4: 911ecc54 (big blind) folded before Flop
Seat 5: Hero folded before Flop
Seat 6: 669f167 folded before Flop (didn't bet)


Poker Hand #HD1172995531: Hold'em No Limit  ($0.02/$0.05) - 2023/03/23 21:14:18
Table 'NLHBlue103' 6-max Seat #1 is the button
Seat 1: d10163cf ($5.21 in chips)
Seat 2: 71cb254a ($4.97 in chips)
Seat 3: b6e02351 ($2.32 in chips)
Seat 4: 911ecc54 ($4.94 in chips)
Seat 5: Hero ($5.55 in chips)
Seat 6: 669f167 ($5.32 in chips)
71cb254a: posts small blind $0.02
b6e02351: posts big blind $0.05
*** HOLE CARDS ***
Dealt to d10163cf 
Dealt to 71cb254a 
Dealt to b6e02351 
Dealt to 911ecc54 
Dealt to Hero [Kd 6h]
Dealt to 669f167 
911ecc54: raises $0.05 to $0.1
Hero: folds
669f167: folds
d10163cf: raises $0.28 to $0.38
71cb254a: folds
b6e02351: folds
911ecc54: calls $0.28
*** FLOP *** [Js 7h Tc]
911ecc54: checks
d10163cf: bets $0.42
911ecc54: folds
Uncalled bet ($0.42) returned to d10163cf
*** SHOWDOWN ***
d10163cf collected $0.79 from pot
*** SUMMARY ***
Total pot $0.83 | Rake $0.04 | Jackpot $0 | Bingo $0 | Fortune $0
Board [Js 7h Tc]
Seat 1: d10163cf (button) won ($0.79)
Seat 2: 71cb254a (small blind) folded before Flop
Seat 3: b6e02351 (big blind) folded before Flop
Seat 4: 911ecc54 folded on the Flop
Seat 5: Hero folded before Flop (didn't bet)
Seat 6: 669f167 folded before Flop (didn't bet)


Poker Hand #HD1172995487: Hold'em No Limit  ($0.02/$0.05) - 2023/03/23 21:14:00
Table 'NLHBlue103' 6-max Seat #6 is the button
Seat 1: d10163cf ($5.16 in chips)
Seat 2: 71cb254a ($5.02 in chips)
Seat 3: b6e02351 ($2.32 in chips)
Seat 4: 911ecc54 ($4.94 in chips)
Seat 5: Hero ($5.55 in chips)
Seat 6: 669f167 ($5.32 in chips)
d10163cf: posts small blind $0.02
71cb254a: posts big blind $0.05
*** HOLE CARDS ***
Dealt to d10163cf 
Dealt to 71cb254a 
Dealt to b6e02351 
Dealt to 911ecc54 
Dealt to Hero [5h 8c]
Dealt to 669f167 
b6e02351: folds
911ecc54: folds
Hero: folds
669f167: folds
d10163cf: raises $0.1 to $0.15
71cb254a: folds
Uncalled bet ($0.1) returned to d10163cf
*** SHOWDOWN ***
d10163cf collected $0.1 from pot
*** SUMMARY ***
Total pot $0.1 | Rake $0 | Jackpot $0 | Bingo $0 | Fortune $0
Seat 1: d10163cf (small blind) collected ($0.1)
Seat 2: 71cb254a (big blind) folded before Flop
Seat 3: b6e02351 folded before Flop (didn't bet)
Seat 4: 911ecc54 folded before Flop (didn't bet)
Seat 5: Hero folded before Flop (didn't bet)
Seat 6: 669f167 (button) folded before Flop (didn't bet)


Poker Hand #HD1172995436: Hold'em No Limit  ($0.02/$0.05) - 2023/03/23 21:13:34
Table 'NLHBlue103' 6-max Seat #5 is the button
Seat 1: d10163cf ($5.21 in chips)
Seat 2: 71cb254a ($5.02 in chips)
Seat 3: b6e02351 ($2.32 in chips)
Seat 4: 911ecc54 ($4.94 in chips)
Seat 5: Hero ($5.48 in chips)
Seat 6: 669f167 ($5.34 in chips)
669f167: posts small blind $0.02
d10163cf: posts big blind $0.05
*** HOLE CARDS ***
Dealt to d10163cf 
Dealt to 71cb254a 
Dealt to b6e02351 
Dealt to 911ecc54 
Dealt to Hero [Js 8s]
Dealt to 669f167 
71cb254a: folds
b6e02351: folds
911ecc54: folds
Hero: raises $0.07 to $0.12
669f167: folds
d10163cf: folds
Uncalled bet ($0.07) returned to Hero
*** SHOWDOWN ***
Hero collected $0.12 from pot
*** SUMMARY ***
Total pot $0.12 | Rake $0 | Jackpot $0 | Bingo $0 | Fortune $0
Seat 1: d10163cf (big blind) folded before Flop
Seat 2: 71cb254a folded before Flop (didn't bet)
Seat 3: b6e02351 folded before Flop (didn't bet)
Seat 4: 911ecc54 folded before Flop (didn't bet)
Seat 5: Hero (button) collected ($0.12)
Seat 6: 669f167 (small blind) folded before Flop


Poker Hand #HD1172995395: Hold'em No Limit  ($0.02/$0.05) - 2023/03/23 21:13:20
Table 'NLHBlue103' 6-max Seat #4 is the button
Seat 1: d10163cf ($5.21 in chips)
Seat 2: 71cb254a ($5.02 in chips)
Seat 3: b6e02351 ($2.32 in chips)
Seat 4: 911ecc54 ($4.94 in chips)
Seat 5: Hero ($5.5 in chips)
Seat 6: 669f167 ($5.32 in chips)
Hero: posts small blind $0.02
669f167: posts big blind $0.05
*** HOLE CARDS ***
Dealt to d10163cf 
Dealt to 71cb254a 
Dealt to b6e02351 
Dealt to 911ecc54 
Dealt to Hero [5s Qc]
Dealt to 669f167 
d10163cf: folds
71cb254a: folds
b6e02351: folds
911ecc54: folds
Hero: folds
Uncalled bet ($0.03) returned to 669f167
*** SHOWDOWN ***
669f167 collected $0.04 from pot
*** SUMMARY ***
Total pot $0.04 | Rake $0 | Jackpot $0 | Bingo $0 | Fortune $0
Seat 1: d10163cf folded before Flop (didn't bet)
Seat 2: 71cb254a folded before Flop (didn't bet)
Seat 3: b6e02351 folded before Flop (didn't bet)
Seat 4: 911ecc54 (button) folded before Flop (didn't bet)
Seat 5: Hero (small blind) folded before Flop
Seat 6: 669f167 (big blind) collected ($0.04)


Poker Hand #HD1172995371: Hold'em No Limit  ($0.02/$0.05) - 2023/03/23 21:13:09
Table 'NLHBlue103' 6-max Seat #3 is the button
Seat 1: d10163cf ($5.21 in chips)
Seat 2: 71cb254a ($5.02 in chips)
Seat 3: b6e02351 ($2.32 in chips)
Seat 4: 911ecc54 ($4.96 in chips)
Seat 5: Hero ($5.48 in chips)
Seat 6: 669f167 ($5.32 in chips)
911ecc54: posts small blind $0.02
Hero: posts big blind $0.05
*** HOLE CARDS ***
Dealt to d10163cf 
Dealt to 71cb254a 
Dealt to b6e02351 
Dealt to 911ecc54 
Dealt to Hero [Qc 4c]
Dealt to 669f167 
669f167: folds
d10163cf: folds
71cb254a: folds
b6e02351: folds
911ecc54: folds
Uncalled bet ($0.03) returned to Hero
*** SHOWDOWN ***
Hero collected $0.04 from pot
*** SUMMARY ***
Total pot $0.04 | Rake $0 | Jackpot $0 | Bingo $0 | Fortune $0
Seat 1: d10163cf folded before Flop (didn't bet)
Seat 2: 71cb254a folded before Flop (didn't bet)
Seat 3: b6e02351 (button) folded before Flop (didn't bet)
Seat 4: 911ecc54 (small blind) folded before Flop
Seat 5: Hero (big blind) collected ($0.04)
Seat 6: 669f167 folded before Flop (didn't bet)


Poker Hand #HD1172995335: Hold'em No Limit  ($0.02/$0.05) - 2023/03/23 21:12:52
Table 'NLHBlue103' 6-max Seat #2 is the button
Seat 1: d10163cf ($5.21 in chips)
Seat 2: 71cb254a ($4.95 in chips)
Seat 3: b6e02351 ($2.34 in chips)
Seat 4: 911ecc54 ($5.01 in chips)
Seat 5: Hero ($5.48 in chips)
Seat 6: 669f167 ($5.32 in chips)
b6e02351: posts small blind $0.02
911ecc54: posts big blind $0.05
*** HOLE CARDS ***
Dealt to d10163cf 
Dealt to 71cb254a 
Dealt to b6e02351 
Dealt to 911ecc54 
Dealt to Hero [Td 8h]
Dealt to 669f167 
Hero: folds
669f167: folds
d10163cf: folds
71cb254a: raises $0.1 to $0.15
b6e02351: folds
911ecc54: folds
Uncalled bet ($0.1) returned to 71cb254a
*** SHOWDOWN ***
71cb254a collected $0.12 from pot
*** SUMMARY ***
Total pot $0.12 | Rake $0 | Jackpot $0 | Bingo $0 | Fortune $0
Seat 1: d10163cf folded before Flop (didn't bet)
Seat 2: 71cb254a (button) collected ($0.12)
Seat 3: b6e02351 (small blind) folded before Flop
Seat 4: 911ecc54 (big blind) folded before Flop
Seat 5: Hero folded before Flop (didn't bet)
Seat 6: 669f167 folded before Flop (didn't bet)


Poker Hand #HD1172995236: Hold'em No Limit  ($0.02/$0.05) - 2023/03/23 21:12:07
Table 'NLHBlue103' 6-max Seat #1 is the button
Seat 1: d10163cf ($5.21 in chips)
Seat 2: 71cb254a ($4.97 in chips)
Seat 3: b6e02351 ($2.44 in chips)
Seat 4: 911ecc54 ($4.9 in chips)
Seat 5: Hero ($5.48 in chips)
Seat 6: 669f167 ($5.32 in chips)
71cb254a: posts small blind $0.02
b6e02351: posts big blind $0.05
*** HOLE CARDS ***
Dealt to d10163cf 
Dealt to 71cb254a 
Dealt to b6e02351 
Dealt to 911ecc54 
Dealt to Hero [5h 2h]
Dealt to 669f167 
911ecc54: raises $0.05 to $0.1
Hero: folds
669f167: folds
d10163cf: folds
71cb254a: folds
b6e02351: calls $0.05
*** FLOP *** [4c 8d Kh]
b6e02351: checks
911ecc54: checks
*** TURN *** [4c 8d Kh] [5c]
b6e02351: checks
911ecc54: bets $0.11
b6e02351: folds
Uncalled bet ($0.11) returned to 911ecc54
*** SHOWDOWN ***
911ecc54 collected $0.21 from pot
*** SUMMARY ***
Total pot $0.22 | Rake $0.01 | Jackpot $0 | Bingo $0 | Fortune $0
Board [4c 8d Kh 5c]
Seat 1: d10163cf (button) folded before Flop (didn't bet)
Seat 2: 71cb254a (small blind) folded before Flop
Seat 3: b6e02351 (big blind) folded on the Turn
Seat 4: 911ecc54 won ($0.21)
Seat 5: Hero folded before Flop (didn't bet)
Seat 6: 669f167 folded before Flop (didn't bet)


Poker Hand #HD1172995201: Hold'em No Limit  ($0.02/$0.05) - 2023/03/23 21:11:54
Table 'NLHBlue103' 6-max Seat #6 is the button
Seat 1: d10163cf ($5.23 in chips)
Seat 2: 71cb254a ($4.95 in chips)
Seat 3: b6e02351 ($2.44 in chips)
Seat 4: 911ecc54 ($4.9 in chips)
Seat 5: Hero ($5.48 in chips)
Seat 6: 669f167 ($5.32 in chips)
d10163cf: posts small blind $0.02
71cb254a: posts big blind $0.05
*** HOLE CARDS ***
Dealt to d10163cf 
Dealt to 71cb254a 
Dealt to b6e02351 
Dealt to 911ecc54 
Dealt to Hero [3c Ks]
Dealt to 669f167 
b6e02351: folds
911ecc54: folds
Hero: folds
669f167: folds
d10163cf: folds
Uncalled bet ($0.03) returned to 71cb254a
*** SHOWDOWN ***
71cb254a collected $0.04 from pot
*** SUMMARY ***
Total pot $0.04 | Rake $0 | Jackpot $0 | Bingo $0 | Fortune $0
Seat 1: d10163cf (small blind) folded before Flop
Seat 2: 71cb254a (big blind) collected ($0.04)
Seat 3: b6e02351 folded before Flop (didn't bet)
Seat 4: 911ecc54 folded before Flop (didn't bet)
Seat 5: Hero folded before Flop (didn't bet)
Seat 6: 669f167 (button) folded before Flop (didn't bet)


Poker Hand #HD1172995134: Hold'em No Limit  ($0.02/$0.05) - 2023/03/23 21:11:29
Table 'NLHBlue103' 6-max Seat #5 is the button
Seat 1: d10163cf ($5.28 in chips)
Seat 2: 71cb254a ($4.95 in chips)
Seat 3: b6e02351 ($2.44 in chips)
Seat 4: 911ecc54 ($5 in chips)
Seat 5: Hero ($5.48 in chips)
Seat 6: 669f167 ($5.18 in chips)
669f167: posts small blind $0.02
d10163cf: posts big blind $0.05
*** HOLE CARDS ***
Dealt to d10163cf 
Dealt to 71cb254a 
Dealt to b6e02351 
Dealt to 911ecc54 
Dealt to Hero [7c 2h]
Dealt to 669f167 
71cb254a: folds
b6e02351: folds
911ecc54: raises $0.05 to $0.1
Hero: folds
669f167: raises $0.4 to $0.5
d10163cf: folds
911ecc54: folds
Uncalled bet ($0.4) returned to 669f167
*** SHOWDOWN ***
669f167 collected $0.24 from pot
*** SUMMARY ***
Total pot $0.25 | Rake $0.01 | Jackpot $0 | Bingo $0 | Fortune $0
Seat 1: d10163cf (big blind) folded before Flop
Seat 2: 71cb254a folded before Flop (didn't bet)
Seat 3: b6e02351 folded before Flop (didn't bet)
Seat 4: 911ecc54 folded before Flop
Seat 5: Hero (button) folded before Flop (didn't bet)
Seat 6: 669f167 (small blind) collected ($0.24)


Poker Hand #HD1172995012: Hold'em No Limit  ($0.02/$0.05) - 2023/03/23 21:10:34
Table 'NLHBlue103' 6-max Seat #4 is the button
Seat 1: d10163cf ($5 in chips)
Seat 2: 71cb254a ($4.95 in chips)
Seat 3: b6e02351 ($2.44 in chips)
Seat 4: 911ecc54 ($5 in chips)
Seat 5: Hero ($5.5 in chips)
Seat 6: 669f167 ($5.47 in chips)
Hero: posts small blind $0.02
669f167: posts big blind $0.05
*** HOLE CARDS ***
Dealt to d10163cf 
Dealt to 71cb254a 
Dealt to b6e02351 
Dealt to 911ecc54 
Dealt to Hero [4d 9c]
Dealt to 669f167 
d10163cf: raises $0.08 to $0.13
71cb254a: folds
b6e02351: folds
911ecc54: folds
Hero: folds
669f167: calls $0.08
*** FLOP *** [Qh Ac Jd]
669f167: checks
d10163cf: bets $0.16
669f167: calls $0.16
*** TURN *** [Qh Ac Jd] [Ks]
669f167: checks
d10163cf: bets $0.33
669f167: folds
Uncalled bet ($0.33) returned to d10163cf
*** SHOWDOWN ***
d10163cf collected $0.57 from pot
*** SUMMARY ***
Total pot $0.6 | Rake $0.03 | Jackpot $0 | Bingo $0 | Fortune $0
Board [Qh Ac Jd Ks]
Seat 1: d10163cf won ($0.57)
Seat 2: 71cb254a folded before Flop (didn't bet)
Seat 3: b6e02351 folded before Flop (didn't bet)
Seat 4: 911ecc54 (button) folded before Flop (didn't bet)
Seat 5: Hero (small blind) folded before Flop
Seat 6: 669f167 (big blind) folded on the Turn


Poker Hand #HD1172994975: Hold'em No Limit  ($0.02/$0.05) - 2023/03/23 21:10:18
Table 'NLHBlue103' 6-max Seat #3 is the button
Seat 1: d10163cf ($5 in chips)
Seat 2: 71cb254a ($5 in chips)
Seat 3: b6e02351 ($2.44 in chips)
Seat 4: 911ecc54 ($5.02 in chips)
Seat 5: Hero ($5.43 in chips)
Seat 6: 669f167 ($5.47 in chips)
911ecc54: posts small blind $0.02
Hero: posts big blind $0.05
71cb254a: posts big blind $0.05
*** HOLE CARDS ***
Dealt to d10163cf 
Dealt to 71cb254a 
Dealt to b6e02351 
Dealt to 911ecc54 
Dealt to Hero [Ad 4d]
Dealt to 669f167 
669f167: folds
d10163cf: folds
71cb254a: checks
b6e02351: folds
911ecc54: folds
Hero: raises $0.18 to $0.23
71cb254a: folds
Uncalled bet ($0.18) returned to Hero
*** SHOWDOWN ***
Hero collected $0.12 from pot
*** SUMMARY ***
Total pot $0.12 | Rake $0 | Jackpot $0 | Bingo $0 | Fortune $0
Seat 1: d10163cf folded before Flop (didn't bet)
Seat 2: 71cb254a folded before Flop
Seat 3: b6e02351 (button) folded before Flop (didn't bet)
Seat 4: 911ecc54 (small blind) folded before Flop
Seat 5: Hero (big blind) collected ($0.12)
Seat 6: 669f167 folded before Flop (didn't bet)


Poker Hand #HD1172994946: Hold'em No Limit  ($0.02/$0.05) - 2023/03/23 21:10:03
Table 'NLHBlue103' 6-max Seat #1 is the button
Seat 1: d10163cf ($5 in chips)
Seat 3: b6e02351 ($2.46 in chips)
Seat 4: 911ecc54 ($5 in chips)
Seat 5: Hero ($5.43 in chips)
Seat 6: 669f167 ($5.47 in chips)
b6e02351: posts small blind $0.02
911ecc54: posts big blind $0.05
*** HOLE CARDS ***
Dealt to d10163cf 
Dealt to b6e02351 
Dealt to 911ecc54 
Dealt to Hero [7s 5h]
Dealt to 669f167 
Hero: folds
669f167: folds
d10163cf: folds
b6e02351: folds
Uncalled bet ($0.03) returned to 911ecc54
*** SHOWDOWN ***
911ecc54 collected $0.04 from pot
*** SUMMARY ***
Total pot $0.04 | Rake $0 | Jackpot $0 | Bingo $0 | Fortune $0
Seat 1: d10163cf (button) folded before Flop (didn't bet)
Seat 3: b6e02351 (small blind) folded before Flop
Seat 4: 911ecc54 (big blind) collected ($0.04)
Seat 5: Hero folded before Flop (didn't bet)
Seat 6: 669f167 folded before Flop (didn't bet)


Poker Hand #HD1172994885: Hold'em No Limit  ($0.02/$0.05) - 2023/03/23 21:09:36
Table 'NLHBlue103' 6-max Seat #6 is the button
Seat 1: d10163cf ($5.02 in chips)
Seat 3: b6e02351 ($2.58 in chips)
Seat 5: Hero ($5.3 in chips)
Seat 6: 669f167 ($5.47 in chips)
d10163cf: posts small blind $0.02
b6e02351: posts big blind $0.05
*** HOLE CARDS ***
Dealt to d10163cf 
Dealt to b6e02351 
Dealt to Hero [6c 6h]
Dealt to 669f167 
Hero: raises $0.07 to $0.12
669f167: folds
d10163cf: folds
b6e02351: calls $0.07
*** FLOP *** [9s 6s Ah]
b6e02351: checks
Hero: bets $0.13
b6e02351: folds
Uncalled bet ($0.13) returned to Hero
*** SHOWDOWN ***
Hero collected $0.25 from pot
*** SUMMARY ***
Total pot $0.26 | Rake $0.01 | Jackpot $0 | Bingo $0 | Fortune $0
Board [9s 6s Ah]
Seat 1: d10163cf (small blind) folded before Flop
Seat 3: b6e02351 (big blind) folded on the Flop
Seat 5: Hero won ($0.25)
Seat 6: 669f167 (button) folded before Flop (didn't bet)


Poker Hand #HD1172994839: Hold'em No Limit  ($0.02/$0.05) - 2023/03/23 21:09:18
Table 'NLHBlue103' 6-max Seat #5 is the button
Seat 1: d10163cf ($5 in chips)
Seat 3: b6e02351 ($2.58 in chips)
Seat 5: Hero ($5.3 in chips)
Seat 6: 669f167 ($5.49 in chips)
669f167: posts small blind $0.02
d10163cf: posts big blind $0.05
*** HOLE CARDS ***
Dealt to d10163cf 
Dealt to b6e02351 
Dealt to Hero [Jc 3c]
Dealt to 669f167 
b6e02351: folds
Hero: folds
669f167: folds
Uncalled bet ($0.03) returned to d10163cf
*** SHOWDOWN ***
d10163cf collected $0.04 from pot
*** SUMMARY ***
Total pot $0.04 | Rake $0 | Jackpot $0 | Bingo $0 | Fortune $0
Seat 1: d10163cf (big blind) collected ($0.04)
Seat 3: b6e02351 folded before Flop (didn't bet)
Seat 5: Hero (button) folded before Flop (didn't bet)
Seat 6: 669f167 (small blind) folded before Flop


Poker Hand #HD1172994806: Hold'em No Limit  ($0.02/$0.05) - 2023/03/23 21:09:03
Table 'NLHBlue103' 6-max Seat #3 is the button
Seat 1: d10163cf ($5 in chips)
Seat 3: b6e02351 ($2.58 in chips)
Seat 5: Hero ($5.32 in chips)
Seat 6: 669f167 ($5.47 in chips)
Hero: posts small blind $0.02
669f167: posts big blind $0.05
*** HOLE CARDS ***
Dealt to d10163cf 
Dealt to b6e02351 
Dealt to Hero [8s 6h]
Dealt to 669f167 
d10163cf: folds
b6e02351: folds
Hero: folds
Uncalled bet ($0.03) returned to 669f167
*** SHOWDOWN ***
669f167 collected $0.04 from pot
*** SUMMARY ***
Total pot $0.04 | Rake $0 | Jackpot $0 | Bingo $0 | Fortune $0
Seat 1: d10163cf folded before Flop (didn't bet)
Seat 3: b6e02351 (button) folded before Flop (didn't bet)
Seat 5: Hero (small blind) folded before Flop
Seat 6: 669f167 (big blind) collected ($0.04)


Poker Hand #HD1172994715: Hold'em No Limit  ($0.02/$0.05) - 2023/03/23 21:08:19
Table 'NLHBlue103' 6-max Seat #1 is the button
Seat 1: d10163cf ($5 in chips)
Seat 3: b6e02351 ($2.73 in chips)
Seat 5: Hero ($5.18 in chips)
Seat 6: 669f167 ($5.47 in chips)
b6e02351: posts small blind $0.02
Hero: posts big blind $0.05
*** HOLE CARDS ***
Dealt to d10163cf 
Dealt to b6e02351 
Dealt to Hero [3d Qh]
Dealt to 669f167 
669f167: folds
d10163cf: folds
b6e02351: calls $0.03
Hero: checks
*** FLOP *** [Js Jc 3s]
b6e02351: bets $0.05
Hero: calls $0.05
*** TURN *** [Js Jc 3s] [Tc]
b6e02351: bets $0.05
Hero: calls $0.05
*** RIVER *** [Js Jc 3s Tc] [2s]
b6e02351: checks
Hero: checks
b6e02351: shows [Ah 5c] (Pair of Jacks)
Hero: shows [3d Qh] (Pair of Jacks and Pair of Treys)
*** SHOWDOWN ***
Hero collected $0.29 from pot
*** SUMMARY ***
Total pot $0.3 | Rake $0.01 | Jackpot $0 | Bingo $0 | Fortune $0
Board [Js Jc 3s Tc 2s]
Seat 1: d10163cf (button) folded before Flop (didn't bet)
Seat 3: b6e02351 (small blind) showed [Ah 5c] and lost with Pair of Jacks
Seat 5: Hero (big blind) showed [3d Qh] and won ($0.29) with Pair of Jacks and Pair of Treys
Seat 6: 669f167 folded before Flop (didn't bet)


Poker Hand #HD1172994672: Hold'em No Limit  ($0.02/$0.05) - 2023/03/23 21:08:01
Table 'NLHBlue103' 6-max Seat #6 is the button
Seat 1: d10163cf ($5 in chips)
Seat 3: b6e02351 ($2.78 in chips)
Seat 5: Hero ($5.18 in chips)
Seat 6: 669f167 ($5.4 in chips)
d10163cf: posts small blind $0.02
b6e02351: posts big blind $0.05
*** HOLE CARDS ***
Dealt to d10163cf 
Dealt to b6e02351 
Dealt to Hero [Jd 2c]
Dealt to 669f167 
Hero: folds
669f167: raises $0.08 to $0.13
d10163cf: folds
b6e02351: folds
Uncalled bet ($0.08) returned to 669f167
*** SHOWDOWN ***
669f167 collected $0.12 from pot
*** SUMMARY ***
Total pot $0.12 | Rake $0 | Jackpot $0 | Bingo $0 | Fortune $0
Seat 1: d10163cf (small blind) folded before Flop
Seat 3: b6e02351 (big blind) folded before Flop
Seat 5: Hero folded before Flop (didn't bet)
Seat 6: 669f167 (button) collected ($0.12)


Poker Hand #HD1172994577: Hold'em No Limit  ($0.02/$0.05) - 2023/03/23 21:07:09
Table 'NLHBlue103' 6-max Seat #5 is the button
Seat 1: d10163cf ($5.04 in chips)
Seat 2: 9c0f1aa5 ($6.71 in chips)
Seat 3: b6e02351 ($2.78 in chips)
Seat 5: Hero ($5.18 in chips)
Seat 6: 669f167 ($5.26 in chips)
669f167: posts small blind $0.02
d10163cf: posts big blind $0.05
*** HOLE CARDS ***
Dealt to d10163cf 
Dealt to 9c0f1aa5 
Dealt to b6e02351 
Dealt to Hero [Ts 6d]
Dealt to 669f167 
9c0f1aa5: folds
b6e02351: folds
Hero: folds
669f167: raises $0.1 to $0.15
d10163cf: calls $0.1
*** FLOP *** [Ah 8h Qd]
669f167: checks
d10163cf: checks
*** TURN *** [Ah 8h Qd] [6s]
669f167: bets $0.1
d10163cf: folds
Uncalled bet ($0.1) returned to 669f167
*** SHOWDOWN ***
669f167 collected $0.29 from pot
*** SUMMARY ***
Total pot $0.3 | Rake $0.01 | Jackpot $0 | Bingo $0 | Fortune $0
Board [Ah 8h Qd 6s]
Seat 1: d10163cf (big blind) folded on the Turn
Seat 2: 9c0f1aa5 folded before Flop (didn't bet)
Seat 3: b6e02351 folded before Flop (didn't bet)
Seat 5: Hero (button) folded before Flop (didn't bet)
Seat 6: 669f167 (small blind) won ($0.29)


Poker Hand #HD1172994511: Hold'em No Limit  ($0.02/$0.05) - 2023/03/23 21:06:35
Table 'NLHBlue103' 6-max Seat #3 is the button
Seat 1: d10163cf ($5.04 in chips)
Seat 2: 9c0f1aa5 ($6.64 in chips)
Seat 3: b6e02351 ($2.78 in chips)
Seat 5: Hero ($5.2 in chips)
Seat 6: 669f167 ($5.31 in chips)
Hero: posts small blind $0.02
669f167: posts big blind $0.05
*** HOLE CARDS ***
Dealt to d10163cf 
Dealt to 9c0f1aa5 
Dealt to b6e02351 
Dealt to Hero [Qd 3d]
Dealt to 669f167 
d10163cf: folds
9c0f1aa5: raises $0.08 to $0.13
b6e02351: folds
Hero: folds
669f167: folds
Uncalled bet ($0.08) returned to 9c0f1aa5
*** SHOWDOWN ***
9c0f1aa5 collected $0.12 from pot
*** SUMMARY ***
Total pot $0.12 | Rake $0 | Jackpot $0 | Bingo $0 | Fortune $0
Seat 1: d10163cf folded before Flop (didn't bet)
Seat 2: 9c0f1aa5 collected ($0.12)
Seat 3: b6e02351 (button) folded before Flop (didn't bet)
Seat 5: Hero (small blind) folded before Flop
Seat 6: 669f167 (big blind) folded before Flop


Poker Hand #HD1172994480: Hold'em No Limit  ($0.02/$0.05) - 2023/03/23 21:06:21
Table 'NLHBlue103' 6-max Seat #2 is the button
Seat 1: d10163cf ($5.04 in chips)
Seat 2: 9c0f1aa5 ($6.64 in chips)
Seat 3: b6e02351 ($2.8 in chips)
Seat 5: Hero ($5.18 in chips)
Seat 6: 669f167 ($5.31 in chips)
b6e02351: posts small blind $0.02
Hero: posts big blind $0.05
*** HOLE CARDS ***
Dealt to d10163cf 
Dealt to 9c0f1aa5 
Dealt to b6e02351 
Dealt to Hero [9h Js]
Dealt to 669f167 
669f167: folds
d10163cf: folds
9c0f1aa5: folds
b6e02351: folds
Uncalled bet ($0.03) returned to Hero
*** SHOWDOWN ***
Hero collected $0.04 from pot
*** SUMMARY ***
Total pot $0.04 | Rake $0 | Jackpot $0 | Bingo $0 | Fortune $0
Seat 1: d10163cf folded before Flop (didn't bet)
Seat 2: 9c0f1aa5 (button) folded before Flop (didn't bet)
Seat 3: b6e02351 (small blind) folded before Flop
Seat 5: Hero (big blind) collected ($0.04)
Seat 6: 669f167 folded before Flop (didn't bet)


Poker Hand #HD1172994348: Hold'em No Limit  ($0.02/$0.05) - 2023/03/23 21:05:12
Table 'NLHBlue103' 6-max Seat #1 is the button
Seat 1: d10163cf ($5.04 in chips)
Seat 2: 9c0f1aa5 ($6.66 in chips)
Seat 3: b6e02351 ($3.06 in chips)
Seat 4: f80b655f ($5.15 in chips)
Seat 5: Hero ($5.18 in chips)
Seat 6: 669f167 ($5.05 in chips)
9c0f1aa5: posts small blind $0.02
b6e02351: posts big blind $0.05
*** HOLE CARDS ***
Dealt to d10163cf 
Dealt to 9c0f1aa5 
Dealt to b6e02351 
Dealt to f80b655f 
Dealt to Hero [Ks 6c]
Dealt to 669f167 
f80b655f: folds
Hero: folds
669f167: raises $0.06 to $0.11
d10163cf: folds
9c0f1aa5: folds
b6e02351: calls $0.06
*** FLOP *** [3s 5h Jc]
b6e02351: checks
669f167: bets $0.15
b6e02351: calls $0.15
*** TURN *** [3s 5h Jc] [Ts]
b6e02351: checks
669f167: bets $0.8
b6e02351: folds
Uncalled bet ($0.8) returned to 669f167
*** SHOWDOWN ***
669f167 collected $0.52 from pot
*** SUMMARY ***
Total pot $0.54 | Rake $0.02 | Jackpot $0 | Bingo $0 | Fortune $0
Board [3s 5h Jc Ts]
Seat 1: d10163cf (button) folded before Flop (didn't bet)
Seat 2: 9c0f1aa5 (small blind) folded before Flop
Seat 3: b6e02351 (big blind) folded on the Turn
Seat 4: f80b655f folded before Flop (didn't bet)
Seat 5: Hero folded before Flop (didn't bet)
Seat 6: 669f167 won ($0.52)


Poker Hand #HD1172994243: Hold'em No Limit  ($0.02/$0.05) - 2023/03/23 21:04:26
Table 'NLHBlue103' 6-max Seat #6 is the button
Seat 1: d10163cf ($5.06 in chips)
Seat 2: 9c0f1aa5 ($6.78 in chips)
Seat 3: b6e02351 ($3.06 in chips)
Seat 4: f80b655f ($5.15 in chips)
Seat 5: Hero ($5.05 in chips)
Seat 6: 669f167 ($5.05 in chips)
d10163cf: posts small blind $0.02
9c0f1aa5: posts big blind $0.05
*** HOLE CARDS ***
Dealt to d10163cf 
Dealt to 9c0f1aa5 
Dealt to b6e02351 
Dealt to f80b655f 
Dealt to Hero [7c 7d]
Dealt to 669f167 
b6e02351: folds
f80b655f: folds
Hero: raises $0.07 to $0.12
669f167: folds
d10163cf: folds
9c0f1aa5: calls $0.07
*** FLOP *** [8s 3s Ks]
9c0f1aa5: checks
Hero: checks
*** TURN *** [8s 3s Ks] [4c]
9c0f1aa5: checks
Hero: checks
*** RIVER *** [8s 3s Ks 4c] [6d]
9c0f1aa5: checks
Hero: checks
9c0f1aa5: shows [Ad Th] (Ace-High)
Hero: shows [7c 7d] (Pair of Sevens)
*** SHOWDOWN ***
Hero collected $0.25 from pot
*** SUMMARY ***
Total pot $0.26 | Rake $0.01 | Jackpot $0 | Bingo $0 | Fortune $0
Board [8s 3s Ks 4c 6d]
Seat 1: d10163cf (small blind) folded before Flop
Seat 2: 9c0f1aa5 (big blind) showed [Ad Th] and lost with Ace-High
Seat 3: b6e02351 folded before Flop (didn't bet)
Seat 4: f80b655f folded before Flop (didn't bet)
Seat 5: Hero showed [7c 7d] and won ($0.25) with Pair of Sevens
Seat 6: 669f167 (button) folded before Flop (didn't bet)


Poker Hand #HD1172994200: Hold'em No Limit  ($0.02/$0.05) - 2023/03/23 21:04:05
Table 'NLHBlue103' 6-max Seat #5 is the button
Seat 1: d10163cf ($5.11 in chips)
Seat 2: 9c0f1aa5 ($6.78 in chips)
Seat 3: b6e02351 ($3.06 in chips)
Seat 4: f80b655f ($5.15 in chips)
Seat 5: Hero ($5.05 in chips)
Seat 6: 669f167 ($5 in chips)
669f167: posts small blind $0.02
d10163cf: posts big blind $0.05
*** HOLE CARDS ***
Dealt to d10163cf 
Dealt to 9c0f1aa5 
Dealt to b6e02351 
Dealt to f80b655f 
Dealt to Hero [2s 6c]
Dealt to 669f167 
9c0f1aa5: folds
b6e02351: folds
f80b655f: folds
Hero: folds
669f167: raises $0.1 to $0.15
d10163cf: folds
Uncalled bet ($0.1) returned to 669f167
*** SHOWDOWN ***
669f167 collected $0.1 from pot
*** SUMMARY ***
Total pot $0.1 | Rake $0 | Jackpot $0 | Bingo $0 | Fortune $0
Seat 1: d10163cf (big blind) folded before Flop
Seat 2: 9c0f1aa5 folded before Flop (didn't bet)
Seat 3: b6e02351 folded before Flop (didn't bet)
Seat 4: f80b655f folded before Flop (didn't bet)
Seat 5: Hero (button) folded before Flop (didn't bet)
Seat 6: 669f167 (small blind) collected ($0.1)


Poker Hand #HD1172994146: Hold'em No Limit  ($0.02/$0.05) - 2023/03/23 21:03:38
Table 'NLHBlue103' 6-max Seat #4 is the button
Seat 1: d10163cf ($5.11 in chips)
Seat 2: 9c0f1aa5 ($6.78 in chips)
Seat 3: b6e02351 ($3.06 in chips)
Seat 4: f80b655f ($5.15 in chips)
Seat 5: Hero ($5 in chips)
Seat 6: 669f167 ($5 in chips)
Hero: posts small blind $0.02
669f167: posts big blind $0.05
*** HOLE CARDS ***
Dealt to d10163cf 
Dealt to 9c0f1aa5 
Dealt to b6e02351 
Dealt to f80b655f 
Dealt to Hero [Jd Js]
Dealt to 669f167 
d10163cf: folds
9c0f1aa5: folds
b6e02351: folds
f80b655f: folds
Hero: raises $0.09 to $0.14
669f167: folds
Uncalled bet ($0.09) returned to Hero
*** SHOWDOWN ***
Hero collected $0.1 from pot
*** SUMMARY ***
Total pot $0.1 | Rake $0 | Jackpot $0 | Bingo $0 | Fortune $0
Seat 1: d10163cf folded before Flop (didn't bet)
Seat 2: 9c0f1aa5 folded before Flop (didn't bet)
Seat 3: b6e02351 folded before Flop (didn't bet)
Seat 4: f80b655f (button) folded before Flop (didn't bet)
Seat 5: Hero (small blind) collected ($0.1)
Seat 6: 669f167 (big blind) folded before Flop


Poker Hand #HD1172994091: Hold'em No Limit  ($0.02/$0.05) - 2023/03/23 21:03:13
Table 'NLHBlue103' 6-max Seat #3 is the button
Seat 1: d10163cf ($5.04 in chips)
Seat 2: 9c0f1aa5 ($6.78 in chips)
Seat 3: b6e02351 ($3.06 in chips)
Seat 4: f80b655f ($5.17 in chips)
Seat 5: Hero ($5.05 in chips)
f80b655f: posts small blind $0.02
Hero: posts big blind $0.05
*** HOLE CARDS ***
Dealt to d10163cf 
Dealt to 9c0f1aa5 
Dealt to b6e02351 
Dealt to f80b655f 
Dealt to Hero [5d 7c]
d10163cf: raises $0.08 to $0.13
9c0f1aa5: folds
b6e02351: folds
f80b655f: folds
Hero: folds
Uncalled bet ($0.08) returned to d10163cf
*** SHOWDOWN ***
d10163cf collected $0.12 from pot
*** SUMMARY ***
Total pot $0.12 | Rake $0 | Jackpot $0 | Bingo $0 | Fortune $0
Seat 1: d10163cf collected ($0.12)
Seat 2: 9c0f1aa5 folded before Flop (didn't bet)
Seat 3: b6e02351 (button) folded before Flop (didn't bet)
Seat 4: f80b655f (small blind) folded before Flop
Seat 5: Hero (big blind) folded before Flop


Poker Hand #HD1172994053: Hold'em No Limit  ($0.02/$0.05) - 2023/03/23 21:02:52
Table 'NLHBlue103' 6-max Seat #2 is the button
Seat 1: d10163cf ($5.04 in chips)
Seat 2: 9c0f1aa5 ($6.78 in chips)
Seat 3: b6e02351 ($3.08 in chips)
Seat 4: f80b655f ($5.15 in chips)
Seat 5: Hero ($5.05 in chips)
Seat 6: 10cd0941 ($7.43 in chips)
b6e02351: posts small blind $0.02
f80b655f: posts big blind $0.05
*** HOLE CARDS ***
Dealt to d10163cf 
Dealt to 9c0f1aa5 
Dealt to b6e02351 
Dealt to f80b655f 
Dealt to Hero [9s 6c]
Dealt to 10cd0941 
Hero: folds
10cd0941: folds
d10163cf: folds
9c0f1aa5: folds
b6e02351: folds
Uncalled bet ($0.03) returned to f80b655f
*** SHOWDOWN ***
f80b655f collected $0.04 from pot
*** SUMMARY ***
Total pot $0.04 | Rake $0 | Jackpot $0 | Bingo $0 | Fortune $0
Seat 1: d10163cf folded before Flop (didn't bet)
Seat 2: 9c0f1aa5 (button) folded before Flop (didn't bet)
Seat 3: b6e02351 (small blind) folded before Flop
Seat 4: f80b655f (big blind) collected ($0.04)
Seat 5: Hero folded before Flop (didn't bet)
Seat 6: 10cd0941 folded before Flop (didn't bet)


Poker Hand #HD1172994004: Hold'em No Limit  ($0.02/$0.05) - 2023/03/23 21:02:32
Table 'NLHBlue103' 6-max Seat #1 is the button
Seat 1: d10163cf ($5.04 in chips)
Seat 2: 9c0f1aa5 ($6.8 in chips)
Seat 3: b6e02351 ($3.13 in chips)
Seat 4: f80b655f ($5.08 in chips)
Seat 5: Hero ($5.05 in chips)
Seat 6: 10cd0941 ($7.43 in chips)
9c0f1aa5: posts small blind $0.02
b6e02351: posts big blind $0.05
*** HOLE CARDS ***
Dealt to d10163cf 
Dealt to 9c0f1aa5 
Dealt to b6e02351 
Dealt to f80b655f 
Dealt to Hero [3h Ah]
Dealt to 10cd0941 
f80b655f: raises $0.08 to $0.13
Hero: folds
10cd0941: folds
d10163cf: folds
9c0f1aa5: folds
b6e02351: folds
Uncalled bet ($0.08) returned to f80b655f
*** SHOWDOWN ***
f80b655f collected $0.12 from pot
*** SUMMARY ***
Total pot $0.12 | Rake $0 | Jackpot $0 | Bingo $0 | Fortune $0
Seat 1: d10163cf (button) folded before Flop (didn't bet)
Seat 2: 9c0f1aa5 (small blind) folded before Flop
Seat 3: b6e02351 (big blind) folded before Flop
Seat 4: f80b655f collected ($0.12)
Seat 5: Hero folded before Flop (didn't bet)
Seat 6: 10cd0941 folded before Flop (didn't bet)


Poker Hand #HD1172993830: Hold'em No Limit  ($0.02/$0.05) - 2023/03/23 21:01:14
Table 'NLHBlue103' 6-max Seat #6 is the button
Seat 1: d10163cf ($5.06 in chips)
Seat 2: 9c0f1aa5 ($10.7 in chips)
Seat 3: b6e02351 ($3.13 in chips)
Seat 4: f80b655f ($5.21 in chips)
Seat 5: Hero ($5.05 in chips)
Seat 6: 10cd0941 ($3.9 in chips)
d10163cf: posts small blind $0.02
9c0f1aa5: posts big blind $0.05
*** HOLE CARDS ***
Dealt to d10163cf 
Dealt to 9c0f1aa5 
Dealt to b6e02351 
Dealt to f80b655f 
Dealt to Hero [4h 4d]
Dealt to 10cd0941 
b6e02351: folds
f80b655f: raises $0.08 to $0.13
Hero: folds
10cd0941: raises $0.25 to $0.38
d10163cf: folds
9c0f1aa5: raises $0.72 to $1.1
f80b655f: folds
10cd0941: raises $2.8 to $3.9 and is all-in
9c0f1aa5: calls $2.8
10cd0941: shows [Tc Ah]
9c0f1aa5: shows [Kh Kc]
*** FLOP *** [3s 9d 5h]
*** TURN *** [3s 9d 5h] [Ad]
*** RIVER *** [3s 9d 5h Ad] [Js]
*** SHOWDOWN ***
10cd0941 collected $7.43 from pot
*** SUMMARY ***
Total pot $7.95 | Rake $0.47 | Jackpot $0.05 | Bingo $0 | Fortune $0
Board [3s 9d 5h Ad Js]
Seat 1: d10163cf (small blind) folded before Flop
Seat 2: 9c0f1aa5 (big blind) showed [Kh Kc] and lost with Pair of Kings
Seat 3: b6e02351 folded before Flop (didn't bet)
Seat 4: f80b655f folded before Flop
Seat 5: Hero folded before Flop (didn't bet)
Seat 6: 10cd0941 (button) showed [Tc Ah] and won ($7.43) with Pair of Aces


Poker Hand #HD1172993742: Hold'em No Limit  ($0.02/$0.05) - 2023/03/23 21:00:32
Table 'NLHBlue103' 6-max Seat #5 is the button
Seat 1: d10163cf ($5.36 in chips)
Seat 2: 9c0f1aa5 ($10.7 in chips)
Seat 3: b6e02351 ($3.13 in chips)
Seat 4: f80b655f ($5.21 in chips)
Seat 5: Hero ($5.05 in chips)
Seat 6: 10cd0941 ($3.63 in chips)
10cd0941: posts small blind $0.02
d10163cf: posts big blind $0.05
*** HOLE CARDS ***
Dealt to d10163cf 
Dealt to 9c0f1aa5 
Dealt to b6e02351 
Dealt to f80b655f 
Dealt to Hero [2c 4d]
Dealt to 10cd0941 
9c0f1aa5: folds
b6e02351: folds
f80b655f: folds
Hero: folds
10cd0941: raises $0.1 to $0.15
d10163cf: calls $0.1
*** FLOP *** [8c Kh 7d]
10cd0941: checks
d10163cf: checks
*** TURN *** [8c Kh 7d] [3d]
10cd0941: bets $0.15
d10163cf: calls $0.15
*** RIVER *** [8c Kh 7d 3d] [3c]
10cd0941: checks
d10163cf: checks
10cd0941: shows [Jh As] (Pair of Treys)
d10163cf: shows [Js Td] (Pair of Treys)
*** SHOWDOWN ***
10cd0941 collected $0.57 from pot
*** SUMMARY ***
Total pot $0.6 | Rake $0.03 | Jackpot $0 | Bingo $0 | Fortune $0
Board [8c Kh 7d 3d 3c]
Seat 1: d10163cf (big blind) showed [Js Td] and lost with Pair of Treys
Seat 2: 9c0f1aa5 folded before Flop (didn't bet)
Seat 3: b6e02351 folded before Flop (didn't bet)
Seat 4: f80b655f folded before Flop (didn't bet)
Seat 5: Hero (button) folded before Flop (didn't bet)
Seat 6: 10cd0941 (small blind) showed [Jh As] and won ($0.57) with Pair of Treys


Poker Hand #HD1172993700: Hold'em No Limit  ($0.02/$0.05) - 2023/03/23 21:00:16
Table 'NLHBlue103' 6-max Seat #4 is the button
Seat 1: d10163cf ($5.36 in chips)
Seat 2: 9c0f1aa5 ($10.7 in chips)
Seat 4: f80b655f ($5.14 in chips)
Seat 5: Hero ($5.07 in chips)
Seat 6: 10cd0941 ($3.68 in chips)
Hero: posts small blind $0.02
10cd0941: posts big blind $0.05
*** HOLE CARDS ***
Dealt to d10163cf 
Dealt to 9c0f1aa5 
Dealt to f80b655f 
Dealt to Hero [2h 4c]
Dealt to 10cd0941 
d10163cf: folds
9c0f1aa5: folds
f80b655f: raises $0.08 to $0.13
Hero: folds
10cd0941: folds
Uncalled bet ($0.08) returned to f80b655f
*** SHOWDOWN ***
f80b655f collected $0.12 from pot
*** SUMMARY ***
Total pot $0.12 | Rake $0 | Jackpot $0 | Bingo $0 | Fortune $0
Seat 1: d10163cf folded before Flop (didn't bet)
Seat 2: 9c0f1aa5 folded before Flop (didn't bet)
Seat 4: f80b655f (button) collected ($0.12)
Seat 5: Hero (small blind) folded before Flop
Seat 6: 10cd0941 (big blind) folded before Flop


Poker Hand #HD1172993608: Hold'em No Limit  ($0.02/$0.05) - 2023/03/23 20:59:34
Table 'NLHBlue103' 6-max Seat #2 is the button
Seat 1: d10163cf ($5.36 in chips)
Seat 2: 9c0f1aa5 ($10.7 in chips)
Seat 3: b6e02351 ($3.15 in chips)
Seat 4: f80b655f ($5.19 in chips)
Seat 5: Hero ($5.07 in chips)
Seat 6: 10cd0941 ($3.61 in chips)
b6e02351: posts small blind $0.02
f80b655f: posts big blind $0.05
*** HOLE CARDS ***
Dealt to d10163cf 
Dealt to 9c0f1aa5 
Dealt to b6e02351 
Dealt to f80b655f 
Dealt to Hero [Js 5s]
Dealt to 10cd0941 
Hero: folds
10cd0941: raises $0.1 to $0.15
d10163cf: folds
9c0f1aa5: folds
b6e02351: folds
f80b655f: folds
Uncalled bet ($0.1) returned to 10cd0941
*** SHOWDOWN ***
10cd0941 collected $0.12 from pot
*** SUMMARY ***
Total pot $0.12 | Rake $0 | Jackpot $0 | Bingo $0 | Fortune $0
Seat 1: d10163cf folded before Flop (didn't bet)
Seat 2: 9c0f1aa5 (button) folded before Flop (didn't bet)
Seat 3: b6e02351 (small blind) folded before Flop
Seat 4: f80b655f (big blind) folded before Flop
Seat 5: Hero folded before Flop (didn't bet)
Seat 6: 10cd0941 collected ($0.12)


Poker Hand #HD1172993566: Hold'em No Limit  ($0.02/$0.05) - 2023/03/23 20:59:18
Table 'NLHBlue103' 6-max Seat #1 is the button
Seat 1: d10163cf ($5.36 in chips)
Seat 2: 9c0f1aa5 ($10.72 in chips)
Seat 3: b6e02351 ($3.13 in chips)
Seat 4: f80b655f ($5.19 in chips)
Seat 5: Hero ($5.07 in chips)
Seat 6: 10cd0941 ($3.61 in chips)
9c0f1aa5: posts small blind $0.02
b6e02351: posts big blind $0.05
*** HOLE CARDS ***
Dealt to d10163cf 
Dealt to 9c0f1aa5 
Dealt to b6e02351 
Dealt to f80b655f 
Dealt to Hero [2s Kc]
Dealt to 10cd0941 
f80b655f: folds
Hero: folds
10cd0941: folds
d10163cf: folds
9c0f1aa5: folds
Uncalled bet ($0.03) returned to b6e02351
*** SHOWDOWN ***
b6e02351 collected $0.04 from pot
*** SUMMARY ***
Total pot $0.04 | Rake $0 | Jackpot $0 | Bingo $0 | Fortune $0
Seat 1: d10163cf (button) folded before Flop (didn't bet)
Seat 2: 9c0f1aa5 (small blind) folded before Flop
Seat 3: b6e02351 (big blind) collected ($0.04)
Seat 4: f80b655f folded before Flop (didn't bet)
Seat 5: Hero folded before Flop (didn't bet)
Seat 6: 10cd0941 folded before Flop (didn't bet)


Poker Hand #HD1172993449: Hold'em No Limit  ($0.02/$0.05) - 2023/03/23 20:58:26
Table 'NLHBlue103' 6-max Seat #6 is the button
Seat 1: d10163cf ($5.38 in chips)
Seat 2: 9c0f1aa5 ($10.77 in chips)
Seat 3: b6e02351 ($3.13 in chips)
Seat 4: f80b655f ($5 in chips)
Seat 5: Hero ($5.07 in chips)
Seat 6: 10cd0941 ($3.74 in chips)
d10163cf: posts small blind $0.02
9c0f1aa5: posts big blind $0.05
*** HOLE CARDS ***
Dealt to d10163cf 
Dealt to 9c0f1aa5 
Dealt to b6e02351 
Dealt to f80b655f 
Dealt to Hero [2h 3h]
Dealt to 10cd0941 
b6e02351: folds
f80b655f: raises $0.08 to $0.13
Hero: folds
10cd0941: calls $0.13
d10163cf: folds
9c0f1aa5: folds
*** FLOP *** [5s 7s 6s]
f80b655f: checks
10cd0941: checks
*** TURN *** [5s 7s 6s] [9c]
f80b655f: checks
10cd0941: checks
*** RIVER *** [5s 7s 6s 9c] [Qh]
f80b655f: checks
10cd0941: checks
f80b655f: shows [Th Ad] (Ace-High)
10cd0941: shows [Ac 2c] (Ace-High)
*** SHOWDOWN ***
f80b655f collected $0.32 from pot
*** SUMMARY ***
Total pot $0.33 | Rake $0.01 | Jackpot $0 | Bingo $0 | Fortune $0
Board [5s 7s 6s 9c Qh]
Seat 1: d10163cf (small blind) folded before Flop
Seat 2: 9c0f1aa5 (big blind) folded before Flop
Seat 3: b6e02351 folded before Flop (didn't bet)
Seat 4: f80b655f showed [Th Ad] and won ($0.32) with Ace-High
Seat 5: Hero folded before Flop (didn't bet)
Seat 6: 10cd0941 (button) showed [Ac 2c] and lost with Ace-High


Poker Hand #HD1172993395: Hold'em No Limit  ($0.02/$0.05) - 2023/03/23 20:58:02
Table 'NLHBlue103' 6-max Seat #5 is the button
Seat 1: d10163cf ($5.43 in chips)
Seat 2: 9c0f1aa5 ($10.77 in chips)
Seat 3: b6e02351 ($3.13 in chips)
Seat 4: f80b655f ($5 in chips)
Seat 5: Hero ($5 in chips)
Seat 6: 10cd0941 ($3.76 in chips)
10cd0941: posts small blind $0.02
d10163cf: posts big blind $0.05
*** HOLE CARDS ***
Dealt to d10163cf 
Dealt to 9c0f1aa5 
Dealt to b6e02351 
Dealt to f80b655f 
Dealt to Hero [5c 5d]
Dealt to 10cd0941 
9c0f1aa5: folds
b6e02351: folds
f80b655f: folds
Hero: raises $0.07 to $0.12
10cd0941: folds
d10163cf: folds
Uncalled bet ($0.07) returned to Hero
*** SHOWDOWN ***
Hero collected $0.12 from pot
*** SUMMARY ***
Total pot $0.12 | Rake $0 | Jackpot $0 | Bingo $0 | Fortune $0
Seat 1: d10163cf (big blind) folded before Flop
Seat 2: 9c0f1aa5 folded before Flop (didn't bet)
Seat 3: b6e02351 folded before Flop (didn't bet)
Seat 4: f80b655f folded before Flop (didn't bet)
Seat 5: Hero (button) collected ($0.12)
Seat 6: 10cd0941 (small blind) folded before Flop


Poker Hand #HD1172993174: Hold'em No Limit  ($0.02/$0.05) - 2023/03/23 20:56:28
Table 'NLHBlue103' 6-max Seat #4 is the button
Seat 1: d10163cf ($5.43 in chips)
Seat 2: 9c0f1aa5 ($11.45 in chips)
Seat 3: b6e02351 ($3.13 in chips)
Seat 4: f80b655f ($5 in chips)
Seat 5: Hero ($5 in chips)
Seat 6: 10cd0941 ($3.06 in chips)
Hero: posts small blind $0.02
10cd0941: posts big blind $0.05
*** HOLE CARDS ***
Dealt to d10163cf 
Dealt to 9c0f1aa5 
Dealt to b6e02351 
Dealt to f80b655f 
Dealt to Hero [2s 4c]
Dealt to 10cd0941 
d10163cf: folds
9c0f1aa5: raises $0.08 to $0.13
b6e02351: folds
f80b655f: calls $0.13
Hero: folds
10cd0941: calls $0.08
*** FLOP *** [2h Tc 5c]
10cd0941: checks
9c0f1aa5: checks
f80b655f: checks
*** TURN *** [2h Tc 5c] [Kd]
10cd0941: checks
9c0f1aa5: bets $0.55
f80b655f: folds
10cd0941: calls $0.55
*** RIVER *** [2h Tc 5c Kd] [Qs]
10cd0941: checks
9c0f1aa5: checks
10cd0941: shows [8c Jc] (King-High)
9c0f1aa5: shows [7c 9c] (King-High)
*** SHOWDOWN ***
10cd0941 collected $1.38 from pot
*** SUMMARY ***
Total pot $1.51 | Rake $0.08 | Jackpot $0.05 | Bingo $0 | Fortune $0
Board [2h Tc 5c Kd Qs]
Seat 1: d10163cf folded before Flop (didn't bet)
Seat 2: 9c0f1aa5 showed [7c 9c] and lost with King-High
Seat 3: b6e02351 folded before Flop (didn't bet)
Seat 4: f80b655f (button) folded on the Turn
Seat 5: Hero (small blind) folded before Flop
Seat 6: 10cd0941 (big blind) showed [8c Jc] and won ($1.38) with King-High


Poker Hand #HD1172993078: Hold'em No Limit  ($0.02/$0.05) - 2023/03/23 20:55:44
Table 'NLHBlue103' 6-max Seat #3 is the button
Seat 1: d10163cf ($5.43 in chips)
Seat 2: 9c0f1aa5 ($11.45 in chips)
Seat 3: b6e02351 ($3.13 in chips)
Seat 4: f80b655f ($5 in chips)
Seat 5: Hero ($5 in chips)
Seat 6: 10cd0941 ($2.48 in chips)
f80b655f: posts small blind $0.02
Hero: posts big blind $0.05
*** HOLE CARDS ***
Dealt to d10163cf 
Dealt to 9c0f1aa5 
Dealt to b6e02351 
Dealt to f80b655f 
Dealt to Hero [Js Th]
Dealt to 10cd0941 
10cd0941: raises $0.1 to $0.15
d10163cf: folds
9c0f1aa5: folds
b6e02351: folds
f80b655f: folds
Hero: calls $0.1
*** FLOP *** [Ks Qh 8h]
Hero: checks
10cd0941: bets $0.16
Hero: calls $0.16
*** TURN *** [Ks Qh 8h] [4c]
Hero: checks
10cd0941: bets $0.32
Hero: calls $0.32
*** RIVER *** [Ks Qh 8h 4c] [Td]
Hero: checks
10cd0941: bets $1.85 and is all-in
Hero: folds
Uncalled bet ($1.85) returned to 10cd0941
*** SHOWDOWN ***
10cd0941 collected $1.21 from pot
*** SUMMARY ***
Total pot $1.28 | Rake $0.07 | Jackpot $0 | Bingo $0 | Fortune $0
Board [Ks Qh 8h 4c Td]
Seat 1: d10163cf folded before Flop (didn't bet)
Seat 2: 9c0f1aa5 folded before Flop (didn't bet)
Seat 3: b6e02351 (button) folded before Flop (didn't bet)
Seat 4: f80b655f (small blind) folded before Flop
Seat 5: Hero (big blind) folded on the River
Seat 6: 10cd0941 won ($1.21)


Poker Hand #HD1172993028: Hold'em No Limit  ($0.02/$0.05) - 2023/03/23 20:55:28
Table 'NLHBlue103' 6-max Seat #2 is the button
Seat 1: d10163cf ($5.43 in chips)
Seat 2: 9c0f1aa5 ($11.45 in chips)
Seat 3: b6e02351 ($3.15 in chips)
Seat 4: f80b655f ($5 in chips)
Seat 5: Hero ($5 in chips)
Seat 6: 10cd0941 ($2.41 in chips)
b6e02351: posts small blind $0.02
f80b655f: posts big blind $0.05
*** HOLE CARDS ***
Dealt to d10163cf 
Dealt to 9c0f1aa5 
Dealt to b6e02351 
Dealt to f80b655f 
Dealt to Hero [5h 2c]
Dealt to 10cd0941 
Hero: folds
10cd0941: raises $0.05 to $0.1
d10163cf: folds
9c0f1aa5: folds
b6e02351: folds
f80b655f: folds
Uncalled bet ($0.05) returned to 10cd0941
*** SHOWDOWN ***
10cd0941 collected $0.12 from pot
*** SUMMARY ***
Total pot $0.12 | Rake $0 | Jackpot $0 | Bingo $0 | Fortune $0
Seat 1: d10163cf folded before Flop (didn't bet)
Seat 2: 9c0f1aa5 (button) folded before Flop (didn't bet)
Seat 3: b6e02351 (small blind) folded before Flop
Seat 4: f80b655f (big blind) folded before Flop
Seat 5: Hero folded before Flop (didn't bet)
Seat 6: 10cd0941 collected ($0.12)


Poker Hand #HD1172992971: Hold'em No Limit  ($0.02/$0.05) - 2023/03/23 20:55:02
Table 'NLHBlue103' 6-max Seat #1 is the button
Seat 1: d10163cf ($5.43 in chips)
Seat 2: 9c0f1aa5 ($11.4 in chips)
Seat 3: b6e02351 ($3.2 in chips)
Seat 5: Hero ($5 in chips)
Seat 6: 10cd0941 ($2.41 in chips)
9c0f1aa5: posts small blind $0.02
b6e02351: posts big blind $0.05
*** HOLE CARDS ***
Dealt to d10163cf 
Dealt to 9c0f1aa5 
Dealt to b6e02351 
Dealt to Hero [Ac 2s]
Dealt to 10cd0941 
Hero: folds
10cd0941: folds
d10163cf: folds
9c0f1aa5: raises $0.1 to $0.15
b6e02351: folds
Uncalled bet ($0.1) returned to 9c0f1aa5
*** SHOWDOWN ***
9c0f1aa5 collected $0.1 from pot
*** SUMMARY ***
Total pot $0.1 | Rake $0 | Jackpot $0 | Bingo $0 | Fortune $0
Seat 1: d10163cf (button) folded before Flop (didn't bet)
Seat 2: 9c0f1aa5 (small blind) collected ($0.1)
Seat 3: b6e02351 (big blind) folded before Flop
Seat 5: Hero folded before Flop (didn't bet)
Seat 6: 10cd0941 folded before Flop (didn't bet)


Poker Hand #HD1172992938: Hold'em No Limit  ($0.02/$0.05) - 2023/03/23 20:54:49
Table 'NLHBlue103' 6-max Seat #6 is the button
Seat 1: d10163cf ($5.45 in chips)
Seat 2: 9c0f1aa5 ($11.45 in chips)
Seat 3: b6e02351 ($3.2 in chips)
Seat 5: Hero ($5 in chips)
Seat 6: 10cd0941 ($2.34 in chips)
d10163cf: posts small blind $0.02
9c0f1aa5: posts big blind $0.05
*** HOLE CARDS ***
Dealt to d10163cf 
Dealt to 9c0f1aa5 
Dealt to b6e02351 
Dealt to Hero [Jc 6s]
Dealt to 10cd0941 
b6e02351: folds
Hero: folds
10cd0941: raises $0.1 to $0.15
d10163cf: folds
9c0f1aa5: folds
Uncalled bet ($0.1) returned to 10cd0941
*** SHOWDOWN ***
10cd0941 collected $0.12 from pot
*** SUMMARY ***
Total pot $0.12 | Rake $0 | Jackpot $0 | Bingo $0 | Fortune $0
Seat 1: d10163cf (small blind) folded before Flop
Seat 2: 9c0f1aa5 (big blind) folded before Flop
Seat 3: b6e02351 folded before Flop (didn't bet)
Seat 5: Hero folded before Flop (didn't bet)
Seat 6: 10cd0941 (button) collected ($0.12)


Poker Hand #HD1172992886: Hold'em No Limit  ($0.02/$0.05) - 2023/03/23 20:54:29
Table 'NLHBlue103' 6-max Seat #5 is the button
Seat 1: d10163cf ($5.5 in chips)
Seat 2: 9c0f1aa5 ($11.45 in chips)
Seat 3: b6e02351 ($3.2 in chips)
Seat 5: Hero ($5 in chips)
Seat 6: 10cd0941 ($2.29 in chips)
10cd0941: posts small blind $0.02
d10163cf: posts big blind $0.05
*** HOLE CARDS ***
Dealt to d10163cf 
Dealt to 9c0f1aa5 
Dealt to b6e02351 
Dealt to Hero [4h 8c]
Dealt to 10cd0941 
9c0f1aa5: folds
b6e02351: folds
Hero: folds
10cd0941: raises $0.1 to $0.15
d10163cf: folds
Uncalled bet ($0.1) returned to 10cd0941
*** SHOWDOWN ***
10cd0941 collected $0.1 from pot
*** SUMMARY ***
Total pot $0.1 | Rake $0 | Jackpot $0 | Bingo $0 | Fortune $0
Seat 1: d10163cf (big blind) folded before Flop
Seat 2: 9c0f1aa5 folded before Flop (didn't bet)
Seat 3: b6e02351 folded before Flop (didn't bet)
Seat 5: Hero (button) folded before Flop (didn't bet)
Seat 6: 10cd0941 (small blind) collected ($0.1)


Poker Hand #HD1172992785: Hold'em No Limit  ($0.02/$0.05) - 2023/03/23 20:53:50
Table 'NLHBlue103' 6-max Seat #3 is the button
Seat 1: d10163cf ($5.5 in chips)
Seat 2: 9c0f1aa5 ($11.45 in chips)
Seat 3: b6e02351 ($3.09 in chips)
Seat 5: Hero ($5 in chips)
Seat 6: 10cd0941 ($2.39 in chips)
Hero: posts small blind $0.02
10cd0941: posts big blind $0.05
*** HOLE CARDS ***
Dealt to d10163cf 
Dealt to 9c0f1aa5 
Dealt to b6e02351 
Dealt to Hero [Kd Ts]
Dealt to 10cd0941 
d10163cf: folds
9c0f1aa5: folds
b6e02351: raises $0.05 to $0.1
Hero: folds
10cd0941: calls $0.05
*** FLOP *** [9d 5h Qc]
10cd0941: checks
b6e02351: checks
*** TURN *** [9d 5h Qc] [Kh]
10cd0941: checks
b6e02351: bets $0.11
10cd0941: folds
Uncalled bet ($0.11) returned to b6e02351
*** SHOWDOWN ***
b6e02351 collected $0.21 from pot
*** SUMMARY ***
Total pot $0.22 | Rake $0.01 | Jackpot $0 | Bingo $0 | Fortune $0
Board [9d 5h Qc Kh]
Seat 1: d10163cf folded before Flop (didn't bet)
Seat 2: 9c0f1aa5 folded before Flop (didn't bet)
Seat 3: b6e02351 (button) won ($0.21)
Seat 5: Hero (small blind) folded before Flop
Seat 6: 10cd0941 (big blind) folded on the Turn


Poker Hand #HD1172992695: Hold'em No Limit  ($0.02/$0.05) - 2023/03/23 20:53:14
Table 'NLHBlue103' 6-max Seat #2 is the button
Seat 1: d10163cf ($5.5 in chips)
Seat 2: 9c0f1aa5 ($11.31 in chips)
Seat 3: b6e02351 ($3.11 in chips)
Seat 5: Hero ($5.02 in chips)
Seat 6: 10cd0941 ($2.39 in chips)
b6e02351: posts small blind $0.02
Hero: posts big blind $0.05
*** HOLE CARDS ***
Dealt to d10163cf 
Dealt to 9c0f1aa5 
Dealt to b6e02351 
Dealt to Hero [Ac 4c]
Dealt to 10cd0941 
10cd0941: folds
d10163cf: folds
9c0f1aa5: raises $0.08 to $0.13
b6e02351: folds
Hero: calls $0.08
*** FLOP *** [3s Qh Ks]
Hero: checks
9c0f1aa5: bets $0.09
Hero: folds
Uncalled bet ($0.09) returned to 9c0f1aa5
*** SHOWDOWN ***
9c0f1aa5 collected $0.27 from pot
*** SUMMARY ***
Total pot $0.28 | Rake $0.01 | Jackpot $0 | Bingo $0 | Fortune $0
Board [3s Qh Ks]
Seat 1: d10163cf folded before Flop (didn't bet)
Seat 2: 9c0f1aa5 (button) won ($0.27)
Seat 3: b6e02351 (small blind) folded before Flop
Seat 5: Hero (big blind) folded on the Flop
Seat 6: 10cd0941 folded before Flop (didn't bet)


Poker Hand #HD1172992412: Hold'em No Limit  ($0.02/$0.05) - 2023/03/23 20:51:13
Table 'NLHBlue103' 6-max Seat #1 is the button
Seat 1: d10163cf ($5.5 in chips)
Seat 2: 9c0f1aa5 ($11.33 in chips)
Seat 3: b6e02351 ($1.65 in chips)
Seat 4: 4c42128 ($2.37 in chips)
Seat 5: Hero ($5.02 in chips)
Seat 6: 10cd0941 ($2.39 in chips)
9c0f1aa5: posts small blind $0.02
b6e02351: posts big blind $0.05
*** HOLE CARDS ***
Dealt to d10163cf 
Dealt to 9c0f1aa5 
Dealt to b6e02351 
Dealt to 4c42128 
Dealt to Hero [Qs 5s]
Dealt to 10cd0941 
4c42128: raises $0.1 to $0.15
Hero: folds
10cd0941: folds
d10163cf: folds
9c0f1aa5: folds
b6e02351: raises $0.16 to $0.31
4c42128: calls $0.16
*** FLOP *** [2c Ac 8s]
b6e02351: checks
4c42128: bets $0.64
b6e02351: raises $0.7 to $1.34 and is all-in
4c42128: calls $0.7
b6e02351: shows [Kd Kc] (Pair of Kings)
4c42128: shows [2h Ks] (Pair of Twos)
*** TURN *** [2c Ac 8s] [Js]
*** RIVER *** [2c Ac 8s Js] [4d]
*** SHOWDOWN ***
b6e02351 collected $3.11 from pot
*** SUMMARY ***
Total pot $3.32 | Rake $0.16 | Jackpot $0.05 | Bingo $0 | Fortune $0
Board [2c Ac 8s Js 4d]
Seat 1: d10163cf (button) folded before Flop (didn't bet)
Seat 2: 9c0f1aa5 (small blind) folded before Flop
Seat 3: b6e02351 (big blind) showed [Kd Kc] and won ($3.11) with Pair of Kings
Seat 4: 4c42128 showed [2h Ks] and lost with Pair of Twos
Seat 5: Hero folded before Flop (didn't bet)
Seat 6: 10cd0941 folded before Flop (didn't bet)


Poker Hand #HD1172992381: Hold'em No Limit  ($0.02/$0.05) - 2023/03/23 20:51:00
Table 'NLHBlue103' 6-max Seat #6 is the button
Seat 1: d10163cf ($5.52 in chips)
Seat 2: 9c0f1aa5 ($11.38 in chips)
Seat 3: b6e02351 ($1.65 in chips)
Seat 4: 4c42128 ($2.37 in chips)
Seat 5: Hero ($5.02 in chips)
Seat 6: 10cd0941 ($2.32 in chips)
d10163cf: posts small blind $0.02
9c0f1aa5: posts big blind $0.05
*** HOLE CARDS ***
Dealt to d10163cf 
Dealt to 9c0f1aa5 
Dealt to b6e02351 
Dealt to 4c42128 
Dealt to Hero [As 5d]
Dealt to 10cd0941 
b6e02351: folds
4c42128: folds
Hero: folds
10cd0941: raises $0.1 to $0.15
d10163cf: folds
9c0f1aa5: folds
Uncalled bet ($0.1) returned to 10cd0941
*** SHOWDOWN ***
10cd0941 collected $0.12 from pot
*** SUMMARY ***
Total pot $0.12 | Rake $0 | Jackpot $0 | Bingo $0 | Fortune $0
Seat 1: d10163cf (small blind) folded before Flop
Seat 2: 9c0f1aa5 (big blind) folded before Flop
Seat 3: b6e02351 folded before Flop (didn't bet)
Seat 4: 4c42128 folded before Flop (didn't bet)
Seat 5: Hero folded before Flop (didn't bet)
Seat 6: 10cd0941 (button) collected ($0.12)


Poker Hand #HD1172992241: Hold'em No Limit  ($0.02/$0.05) - 2023/03/23 20:49:57
Table 'NLHBlue103' 6-max Seat #5 is the button
Seat 1: d10163cf ($5.29 in chips)
Seat 2: 9c0f1aa5 ($11.61 in chips)
Seat 3: b6e02351 ($1.65 in chips)
Seat 4: 4c42128 ($2.37 in chips)
Seat 5: Hero ($5.02 in chips)
Seat 6: 10cd0941 ($2.34 in chips)
10cd0941: posts small blind $0.02
d10163cf: posts big blind $0.05
*** HOLE CARDS ***
Dealt to d10163cf 
Dealt to 9c0f1aa5 
Dealt to b6e02351 
Dealt to 4c42128 
Dealt to Hero [2c 4h]
Dealt to 10cd0941 
9c0f1aa5: raises $0.08 to $0.13
b6e02351: folds
4c42128: folds
Hero: folds
10cd0941: folds
d10163cf: calls $0.08
*** FLOP *** [8c 9s Kh]
d10163cf: checks
9c0f1aa5: bets $0.1
d10163cf: raises $0.27 to $0.37
9c0f1aa5: folds
Uncalled bet ($0.27) returned to d10163cf
*** SHOWDOWN ***
d10163cf collected $0.46 from pot
*** SUMMARY ***
Total pot $0.48 | Rake $0.02 | Jackpot $0 | Bingo $0 | Fortune $0
Board [8c 9s Kh]
Seat 1: d10163cf (big blind) won ($0.46)
Seat 2: 9c0f1aa5 folded on the Flop
Seat 3: b6e02351 folded before Flop (didn't bet)
Seat 4: 4c42128 folded before Flop (didn't bet)
Seat 5: Hero (button) folded before Flop (didn't bet)
Seat 6: 10cd0941 (small blind) folded before Flop


Poker Hand #HD1172992220: Hold'em No Limit  ($0.02/$0.05) - 2023/03/23 20:49:47
Table 'NLHBlue103' 6-max Seat #4 is the button
Seat 1: d10163cf ($5.29 in chips)
Seat 2: 9c0f1aa5 ($11.61 in chips)
Seat 3: b6e02351 ($1.65 in chips)
Seat 4: 4c42128 ($2.37 in chips)
Seat 5: Hero ($5 in chips)
Seat 6: 10cd0941 ($2.32 in chips)
Hero: posts small blind $0.02
10cd0941: posts big blind $0.05
*** HOLE CARDS ***
Dealt to d10163cf 
Dealt to 9c0f1aa5 
Dealt to b6e02351 
Dealt to 4c42128 
Dealt to Hero [Jd 4h]
Dealt to 10cd0941 
d10163cf: folds
9c0f1aa5: folds
b6e02351: folds
4c42128: folds
Hero: folds
Uncalled bet ($0.03) returned to 10cd0941
*** SHOWDOWN ***
10cd0941 collected $0.04 from pot
*** SUMMARY ***
Total pot $0.04 | Rake $0 | Jackpot $0 | Bingo $0 | Fortune $0
Seat 1: d10163cf folded before Flop (didn't bet)
Seat 2: 9c0f1aa5 folded before Flop (didn't bet)
Seat 3: b6e02351 folded before Flop (didn't bet)
Seat 4: 4c42128 (button) folded before Flop (didn't bet)
Seat 5: Hero (small blind) folded before Flop
Seat 6: 10cd0941 (big blind) collected ($0.04)


Poker Hand #HD1172992081: Hold'em No Limit  ($0.02/$0.05) - 2023/03/23 20:48:48
Table 'NLHBlue103' 6-max Seat #3 is the button
Seat 1: d10163cf ($5.29 in chips)
Seat 2: 9c0f1aa5 ($12.43 in chips)
Seat 3: b6e02351 ($1.65 in chips)
Seat 4: 4c42128 ($3.19 in chips)
Seat 5: Hero ($5 in chips)
Seat 6: 10cd0941 ($0.82 in chips)
4c42128: posts small blind $0.02
Hero: posts big blind $0.05
*** HOLE CARDS ***
Dealt to d10163cf 
Dealt to 9c0f1aa5 
Dealt to b6e02351 
Dealt to 4c42128 
Dealt to Hero [Qh 4h]
Dealt to 10cd0941 
10cd0941: raises $0.77 to $0.82 and is all-in
d10163cf: folds
9c0f1aa5: calls $0.82
b6e02351: folds
4c42128: calls $0.8
Hero: folds
*** FLOP *** [4c Ad Kh]
4c42128: bets $2.37 and is all-in
9c0f1aa5: folds
Uncalled bet ($2.37) returned to 4c42128
4c42128: shows [2c 3c] (Ace-High)
10cd0941: shows [Ah 3s] (Pair of Aces)
*** TURN *** [4c Ad Kh] [7s]
*** RIVER *** [4c Ad Kh 7s] [8h]
*** SHOWDOWN ***
10cd0941 collected $2.32 from pot
*** SUMMARY ***
Total pot $2.51 | Rake $0.14 | Jackpot $0.05 | Bingo $0 | Fortune $0
Board [4c Ad Kh 7s 8h]
Seat 1: d10163cf folded before Flop (didn't bet)
Seat 2: 9c0f1aa5 folded on the Flop
Seat 3: b6e02351 (button) folded before Flop (didn't bet)
Seat 4: 4c42128 (small blind) showed [2c 3c] and lost with Ace-High
Seat 5: Hero (big blind) folded before Flop
Seat 6: 10cd0941 showed [Ah 3s] and won ($2.32) with Pair of Aces


Poker Hand #HD1172992061: Hold'em No Limit  ($0.02/$0.05) - 2023/03/23 20:48:36
Table 'NLHBlue103' 6-max Seat #2 is the button
Seat 1: d10163cf ($5.29 in chips)
Seat 2: 9c0f1aa5 ($12.36 in chips)
Seat 3: b6e02351 ($1.67 in chips)
Seat 4: 4c42128 ($3.24 in chips)
Seat 5: Hero ($5 in chips)
Seat 6: 10cd0941 ($0.82 in chips)
b6e02351: posts small blind $0.02
4c42128: posts big blind $0.05
*** HOLE CARDS ***
Dealt to d10163cf 
Dealt to 9c0f1aa5 
Dealt to b6e02351 
Dealt to 4c42128 
Dealt to Hero [4c 2h]
Dealt to 10cd0941 
Hero: folds
10cd0941: folds
d10163cf: folds
9c0f1aa5: raises $0.08 to $0.13
b6e02351: folds
4c42128: folds
Uncalled bet ($0.08) returned to 9c0f1aa5
*** SHOWDOWN ***
9c0f1aa5 collected $0.12 from pot
*** SUMMARY ***
Total pot $0.12 | Rake $0 | Jackpot $0 | Bingo $0 | Fortune $0
Seat 1: d10163cf folded before Flop (didn't bet)
Seat 2: 9c0f1aa5 (button) collected ($0.12)
Seat 3: b6e02351 (small blind) folded before Flop
Seat 4: 4c42128 (big blind) folded before Flop
Seat 5: Hero folded before Flop (didn't bet)
Seat 6: 10cd0941 folded before Flop (didn't bet)


Poker Hand #HD1172992026: Hold'em No Limit  ($0.02/$0.05) - 2023/03/23 20:48:23
Table 'NLHBlue103' 6-max Seat #1 is the button
Seat 1: d10163cf ($5.29 in chips)
Seat 2: 9c0f1aa5 ($12.31 in chips)
Seat 3: b6e02351 ($1.72 in chips)
Seat 4: 4c42128 ($3.24 in chips)
Seat 5: Hero ($5 in chips)
Seat 6: 10cd0941 ($0.82 in chips)
9c0f1aa5: posts small blind $0.02
b6e02351: posts big blind $0.05
*** HOLE CARDS ***
Dealt to d10163cf 
Dealt to 9c0f1aa5 
Dealt to b6e02351 
Dealt to 4c42128 
Dealt to Hero [8d 4s]
Dealt to 10cd0941 
4c42128: folds
Hero: folds
10cd0941: folds
d10163cf: folds
9c0f1aa5: raises $0.08 to $0.13
b6e02351: folds
Uncalled bet ($0.08) returned to 9c0f1aa5
*** SHOWDOWN ***
9c0f1aa5 collected $0.1 from pot
*** SUMMARY ***
Total pot $0.1 | Rake $0 | Jackpot $0 | Bingo $0 | Fortune $0
Seat 1: d10163cf (button) folded before Flop (didn't bet)
Seat 2: 9c0f1aa5 (small blind) collected ($0.1)
Seat 3: b6e02351 (big blind) folded before Flop
Seat 4: 4c42128 folded before Flop (didn't bet)
Seat 5: Hero folded before Flop (didn't bet)
Seat 6: 10cd0941 folded before Flop (didn't bet)


Poker Hand #HD1172991871: Hold'em No Limit  ($0.02/$0.05) - 2023/03/23 20:47:15
Table 'NLHBlue103' 6-max Seat #6 is the button
Seat 1: d10163cf ($5.31 in chips)
Seat 2: 9c0f1aa5 ($11.7 in chips)
Seat 3: b6e02351 ($1.72 in chips)
Seat 4: 4c42128 ($3.89 in chips)
Seat 5: Hero ($5 in chips)
Seat 6: 10cd0941 ($0.82 in chips)
d10163cf: posts small blind $0.02
9c0f1aa5: posts big blind $0.05
*** HOLE CARDS ***
Dealt to d10163cf 
Dealt to 9c0f1aa5 
Dealt to b6e02351 
Dealt to 4c42128 
Dealt to Hero [3d 8c]
Dealt to 10cd0941 
b6e02351: folds
4c42128: raises $0.1 to $0.15
Hero: folds
10cd0941: folds
d10163cf: folds
9c0f1aa5: calls $0.1
*** FLOP *** [Ah Ks Qc]
9c0f1aa5: checks
4c42128: checks
*** TURN *** [Ah Ks Qc] [6s]
9c0f1aa5: checks
4c42128: checks
*** RIVER *** [Ah Ks Qc 6s] [2s]
9c0f1aa5: bets $0.5
4c42128: calls $0.5
9c0f1aa5: shows [Jd Ts] (Aces-High Straight)
4c42128: shows [5d Ad] (Pair of Aces)
*** SHOWDOWN ***
9c0f1aa5 collected $1.26 from pot
*** SUMMARY ***
Total pot $1.32 | Rake $0.06 | Jackpot $0 | Bingo $0 | Fortune $0
Board [Ah Ks Qc 6s 2s]
Seat 1: d10163cf (small blind) folded before Flop
Seat 2: 9c0f1aa5 (big blind) showed [Jd Ts] and won ($1.26) with Aces-High Straight
Seat 3: b6e02351 folded before Flop (didn't bet)
Seat 4: 4c42128 showed [5d Ad] and lost with Pair of Aces
Seat 5: Hero folded before Flop (didn't bet)
Seat 6: 10cd0941 (button) folded before Flop (didn't bet)


Poker Hand #HD1172991757: Hold'em No Limit  ($0.02/$0.05) - 2023/03/23 20:46:27
Table 'NLHBlue103' 6-max Seat #5 is the button
Seat 1: d10163cf ($5.36 in chips)
Seat 2: 9c0f1aa5 ($11.7 in chips)
Seat 3: b6e02351 ($1.83 in chips)
Seat 4: 4c42128 ($3.72 in chips)
Seat 5: Hero ($5 in chips)
Seat 6: 10cd0941 ($0.84 in chips)
10cd0941: posts small blind $0.02
d10163cf: posts big blind $0.05
*** HOLE CARDS ***
Dealt to d10163cf 
Dealt to 9c0f1aa5 
Dealt to b6e02351 
Dealt to 4c42128 
Dealt to Hero [Ac 6s]
Dealt to 10cd0941 
9c0f1aa5: folds
b6e02351: raises $0.06 to $0.11
4c42128: calls $0.11
Hero: folds
10cd0941: folds
d10163cf: folds
*** FLOP *** [9h Ah 7d]
b6e02351: checks
4c42128: bets $0.1
b6e02351: folds
Uncalled bet ($0.1) returned to 4c42128
*** SHOWDOWN ***
4c42128 collected $0.28 from pot
*** SUMMARY ***
Total pot $0.29 | Rake $0.01 | Jackpot $0 | Bingo $0 | Fortune $0
Board [9h Ah 7d]
Seat 1: d10163cf (big blind) folded before Flop
Seat 2: 9c0f1aa5 folded before Flop (didn't bet)
Seat 3: b6e02351 folded on the Flop
Seat 4: 4c42128 won ($0.28)
Seat 5: Hero (button) folded before Flop (didn't bet)
Seat 6: 10cd0941 (small blind) folded before Flop


Poker Hand #HD1172991699: Hold'em No Limit  ($0.02/$0.05) - 2023/03/23 20:46:01
Table 'NLHBlue103' 6-max Seat #4 is the button
Seat 1: d10163cf ($5.36 in chips)
Seat 2: 9c0f1aa5 ($11.58 in chips)
Seat 3: b6e02351 ($1.88 in chips)
Seat 4: 4c42128 ($3.72 in chips)
Seat 5: Hero ($5 in chips)
Seat 6: 10cd0941 ($0.89 in chips)
Hero: posts small blind $0.02
10cd0941: posts big blind $0.05
b6e02351: posts big blind $0.05
*** HOLE CARDS ***
Dealt to d10163cf 
Dealt to 9c0f1aa5 
Dealt to b6e02351 
Dealt to 4c42128 
Dealt to Hero [2h 9h]
Dealt to 10cd0941 
d10163cf: folds
9c0f1aa5: raises $0.2 to $0.25
b6e02351: folds
4c42128: folds
Hero: folds
10cd0941: folds
Uncalled bet ($0.2) returned to 9c0f1aa5
*** SHOWDOWN ***
9c0f1aa5 collected $0.17 from pot
*** SUMMARY ***
Total pot $0.17 | Rake $0 | Jackpot $0 | Bingo $0 | Fortune $0
Seat 1: d10163cf folded before Flop (didn't bet)
Seat 2: 9c0f1aa5 collected ($0.17)
Seat 3: b6e02351 folded before Flop
Seat 4: 4c42128 (button) folded before Flop (didn't bet)
Seat 5: Hero (small blind) folded before Flop
Seat 6: 10cd0941 (big blind) folded before Flop


Poker Hand #HD1172991484: Hold'em No Limit  ($0.02/$0.05) - 2023/03/23 20:44:33
Table 'NLHBlue103' 6-max Seat #2 is the button
Seat 1: d10163cf ($5.36 in chips)
Seat 2: 9c0f1aa5 ($6.03 in chips)
Seat 4: 4c42128 ($3.74 in chips)
Seat 5: Hero ($5 in chips)
Seat 6: 10cd0941 ($6.92 in chips)
4c42128: posts small blind $0.02
Hero: posts big blind $0.05
*** HOLE CARDS ***
Dealt to d10163cf 
Dealt to 9c0f1aa5 
Dealt to 4c42128 
Dealt to Hero [3d 8d]
Dealt to 10cd0941 
10cd0941: raises $0.1 to $0.15
d10163cf: folds
9c0f1aa5: raises $0.25 to $0.4
4c42128: folds
Hero: folds
10cd0941: calls $0.25
*** FLOP *** [Ts 4c 8c]
10cd0941: bets $0.44
9c0f1aa5: calls $0.44
*** TURN *** [Ts 4c 8c] [Qs]
10cd0941: bets $1.32
9c0f1aa5: raises $3.87 to $5.19 and is all-in
10cd0941: calls $3.87
9c0f1aa5: shows [Tc Td] (Three Tens)
10cd0941: shows [9s As] (Ace-High)
*** RIVER *** [Ts 4c 8c Qs] [Ad]
4c42128: shows [Jh] (Ace-High)
*** SHOWDOWN ***
9c0f1aa5 collected $11.58 from pot
*** SUMMARY ***
Total pot $12.13 | Rake $0.5 | Jackpot $0.05 | Bingo $0 | Fortune $0
Board [Ts 4c 8c Qs Ad]
Seat 1: d10163cf folded before Flop (didn't bet)
Seat 2: 9c0f1aa5 (button) showed [Tc Td] and won ($11.58) with Three Tens
Seat 4: 4c42128 (small blind) folded before Flop
Seat 5: Hero (big blind) folded before Flop
Seat 6: 10cd0941 showed [9s As] and lost with Pair of Aces


Poker Hand #HD1172991449: Hold'em No Limit  ($0.02/$0.05) - 2023/03/23 20:44:21
Table 'NLHBlue103' 6-max Seat #1 is the button
Seat 1: d10163cf ($5.36 in chips)
Seat 2: 9c0f1aa5 ($5.98 in chips)
Seat 4: 4c42128 ($3.79 in chips)
Seat 5: Hero ($5 in chips)
Seat 6: 10cd0941 ($6.92 in chips)
9c0f1aa5: posts small blind $0.02
4c42128: posts big blind $0.05
*** HOLE CARDS ***
Dealt to d10163cf 
Dealt to 9c0f1aa5 
Dealt to 4c42128 
Dealt to Hero [8s 6c]
Dealt to 10cd0941 
Hero: folds
10cd0941: folds
d10163cf: folds
9c0f1aa5: raises $0.1 to $0.15
4c42128: folds
Uncalled bet ($0.1) returned to 9c0f1aa5
*** SHOWDOWN ***
9c0f1aa5 collected $0.1 from pot
*** SUMMARY ***
Total pot $0.1 | Rake $0 | Jackpot $0 | Bingo $0 | Fortune $0
Seat 1: d10163cf (button) folded before Flop (didn't bet)
Seat 2: 9c0f1aa5 (small blind) collected ($0.1)
Seat 4: 4c42128 (big blind) folded before Flop
Seat 5: Hero folded before Flop (didn't bet)
Seat 6: 10cd0941 folded before Flop (didn't bet)


Poker Hand #HD1172991419: Hold'em No Limit  ($0.02/$0.05) - 2023/03/23 20:44:04
Table 'NLHBlue103' 6-max Seat #6 is the button
Seat 1: d10163cf ($5.38 in chips)
Seat 2: 9c0f1aa5 ($5.96 in chips)
Seat 3: d32ca8b1 ($6.52 in chips)
Seat 5: Hero ($5 in chips)
Seat 6: 10cd0941 ($6.92 in chips)
d10163cf: posts small blind $0.02
9c0f1aa5: posts big blind $0.05
*** HOLE CARDS ***
Dealt to d10163cf 
Dealt to 9c0f1aa5 
Dealt to d32ca8b1 
Dealt to Hero [Ac 3d]
Dealt to 10cd0941 
d32ca8b1: folds
Hero: folds
10cd0941: folds
d10163cf: folds
Uncalled bet ($0.03) returned to 9c0f1aa5
*** SHOWDOWN ***
9c0f1aa5 collected $0.04 from pot
*** SUMMARY ***
Total pot $0.04 | Rake $0 | Jackpot $0 | Bingo $0 | Fortune $0
Seat 1: d10163cf (small blind) folded before Flop
Seat 2: 9c0f1aa5 (big blind) collected ($0.04)
Seat 3: d32ca8b1 folded before Flop (didn't bet)
Seat 5: Hero folded before Flop (didn't bet)
Seat 6: 10cd0941 (button) folded before Flop (didn't bet)


Poker Hand #HD1172991319: Hold'em No Limit  ($0.02/$0.05) - 2023/03/23 20:43:24
Table 'NLHBlue103' 6-max Seat #5 is the button
Seat 1: d10163cf ($5.16 in chips)
Seat 2: 9c0f1aa5 ($5.96 in chips)
Seat 3: d32ca8b1 ($6.52 in chips)
Seat 5: Hero ($5 in chips)
Seat 6: 10cd0941 ($6.94 in chips)
10cd0941: posts small blind $0.02
d10163cf: posts big blind $0.05
*** HOLE CARDS ***
Dealt to d10163cf 
Dealt to 9c0f1aa5 
Dealt to d32ca8b1 
Dealt to Hero [Ts Kc]
Dealt to 10cd0941 
9c0f1aa5: folds
d32ca8b1: folds
Hero: raises $0.07 to $0.12
10cd0941: folds
d10163cf: calls $0.07
*** FLOP *** [Kh Ad 5c]
d10163cf: checks
Hero: bets $0.1
d10163cf: raises $0.26 to $0.36
Hero: folds
Uncalled bet ($0.26) returned to d10163cf
*** SHOWDOWN ***
d10163cf collected $0.44 from pot
*** SUMMARY ***
Total pot $0.46 | Rake $0.02 | Jackpot $0 | Bingo $0 | Fortune $0
Board [Kh Ad 5c]
Seat 1: d10163cf (big blind) won ($0.44)
Seat 2: 9c0f1aa5 folded before Flop (didn't bet)
Seat 3: d32ca8b1 folded before Flop (didn't bet)
Seat 5: Hero (button) folded on the Flop
Seat 6: 10cd0941 (small blind) folded before Flop


Poker Hand #HD1172991223: Hold'em No Limit  ($0.02/$0.05) - 2023/03/23 20:42:40
Table 'NLHBlue103' 6-max Seat #3 is the button
Seat 1: d10163cf ($5.16 in chips)
Seat 2: 9c0f1aa5 ($5.09 in chips)
Seat 3: d32ca8b1 ($6.52 in chips)
Seat 4: e2be6618 ($0.88 in chips)
Seat 5: Hero ($5.13 in chips)
Seat 6: 10cd0941 ($6.94 in chips)
e2be6618: posts small blind $0.02
Hero: posts big blind $0.05
*** HOLE CARDS ***
Dealt to d10163cf 
Dealt to 9c0f1aa5 
Dealt to d32ca8b1 
Dealt to e2be6618 
Dealt to Hero [5h Qh]
Dealt to 10cd0941 
10cd0941: folds
d10163cf: folds
9c0f1aa5: raises $0.08 to $0.13
d32ca8b1: folds
e2be6618: calls $0.11
Hero: calls $0.08
*** FLOP *** [9c 9h Js]
e2be6618: bets $0.13
Hero: folds
9c0f1aa5: calls $0.13
*** TURN *** [9c 9h Js] [Jc]
e2be6618: bets $0.62 and is all-in
9c0f1aa5: calls $0.62
e2be6618: shows [Th 2c] (Pair of Jacks and Pair of Nines)
9c0f1aa5: shows [Jd Qs] (Jacks Full over Nines)
*** RIVER *** [9c 9h Js Jc] [3s]
*** SHOWDOWN ***
9c0f1aa5 collected $1.75 from pot
*** SUMMARY ***
Total pot $1.89 | Rake $0.09 | Jackpot $0.05 | Bingo $0 | Fortune $0
Board [9c 9h Js Jc 3s]
Seat 1: d10163cf folded before Flop (didn't bet)
Seat 2: 9c0f1aa5 showed [Jd Qs] and won ($1.75) with Jacks Full over Nines
Seat 3: d32ca8b1 (button) folded before Flop (didn't bet)
Seat 4: e2be6618 (small blind) showed [Th 2c] and lost with Pair of Jacks and Pair of Nines
Seat 5: Hero (big blind) folded on the Flop
Seat 6: 10cd0941 folded before Flop (didn't bet)


Poker Hand #HD1172991152: Hold'em No Limit  ($0.02/$0.05) - 2023/03/23 20:42:11
Table 'NLHBlue103' 6-max Seat #2 is the button
Seat 1: d10163cf ($5.16 in chips)
Seat 2: 9c0f1aa5 ($5.09 in chips)
Seat 3: d32ca8b1 ($6.54 in chips)
Seat 4: e2be6618 ($1 in chips)
Seat 5: Hero ($5 in chips)
Seat 6: 10cd0941 ($6.94 in chips)
d32ca8b1: posts small blind $0.02
e2be6618: posts big blind $0.05
*** HOLE CARDS ***
Dealt to d10163cf 
Dealt to 9c0f1aa5 
Dealt to d32ca8b1 
Dealt to e2be6618 
Dealt to Hero [Qd 9d]
Dealt to 10cd0941 
Hero: raises $0.07 to $0.12
10cd0941: folds
d10163cf: folds
9c0f1aa5: folds
d32ca8b1: folds
e2be6618: calls $0.07
*** FLOP *** [Ks 5c 5d]
e2be6618: checks
Hero: bets $0.09
e2be6618: folds
Uncalled bet ($0.09) returned to Hero
*** SHOWDOWN ***
Hero collected $0.25 from pot
*** SUMMARY ***
Total pot $0.26 | Rake $0.01 | Jackpot $0 | Bingo $0 | Fortune $0
Board [Ks 5c 5d]
Seat 1: d10163cf folded before Flop (didn't bet)
Seat 2: 9c0f1aa5 (button) folded before Flop (didn't bet)
Seat 3: d32ca8b1 (small blind) folded before Flop
Seat 4: e2be6618 (big blind) folded on the Flop
Seat 5: Hero won ($0.25)
Seat 6: 10cd0941 folded before Flop (didn't bet)


Poker Hand #HD1172991074: Hold'em No Limit  ($0.02/$0.05) - 2023/03/23 20:41:37
Table 'NLHBlue103' 6-max Seat #1 is the button
Seat 1: d10163cf ($5.16 in chips)
Seat 2: 9c0f1aa5 ($4.95 in chips)
Seat 3: d32ca8b1 ($6.59 in chips)
Seat 5: Hero ($5 in chips)
Seat 6: 10cd0941 ($7.04 in chips)
9c0f1aa5: posts small blind $0.02
d32ca8b1: posts big blind $0.05
*** HOLE CARDS ***
Dealt to d10163cf 
Dealt to 9c0f1aa5 
Dealt to d32ca8b1 
Dealt to Hero [5d 7d]
Dealt to 10cd0941 
Hero: folds
10cd0941: raises $0.05 to $0.1
d10163cf: folds
9c0f1aa5: raises $0.45 to $0.55
d32ca8b1: folds
10cd0941: folds
Uncalled bet ($0.45) returned to 9c0f1aa5
10cd0941: shows [Jc Jh]
*** SHOWDOWN ***
9c0f1aa5 collected $0.24 from pot
*** SUMMARY ***
Total pot $0.25 | Rake $0.01 | Jackpot $0 | Bingo $0 | Fortune $0
Seat 1: d10163cf (button) folded before Flop (didn't bet)
Seat 2: 9c0f1aa5 (small blind) collected ($0.24)
Seat 3: d32ca8b1 (big blind) folded before Flop
Seat 5: Hero folded before Flop (didn't bet)
Seat 6: 10cd0941 folded before Flop


Poker Hand #HD1172991001: Hold'em No Limit  ($0.02/$0.05) - 2023/03/23 20:41:02
Table 'NLHBlue103' 6-max Seat #6 is the button
Seat 1: d10163cf ($5 in chips)
Seat 2: 9c0f1aa5 ($5 in chips)
Seat 3: d32ca8b1 ($6.59 in chips)
Seat 5: Hero ($5 in chips)
Seat 6: 10cd0941 ($7.04 in chips)
d10163cf: posts small blind $0.02
9c0f1aa5: posts big blind $0.05
*** HOLE CARDS ***
Dealt to d10163cf 
Dealt to 9c0f1aa5 
Dealt to d32ca8b1 
Dealt to Hero [9s 7s]
Dealt to 10cd0941 
d32ca8b1: folds
Hero: raises $0.07 to $0.12
10cd0941: folds
d10163cf: raises $0.38 to $0.5
9c0f1aa5: folds
Hero: folds
Uncalled bet ($0.38) returned to d10163cf
*** SHOWDOWN ***
d10163cf collected $0.28 from pot
*** SUMMARY ***
Total pot $0.29 | Rake $0.01 | Jackpot $0 | Bingo $0 | Fortune $0
Seat 1: d10163cf (small blind) collected ($0.28)
Seat 2: 9c0f1aa5 (big blind) folded before Flop
Seat 3: d32ca8b1 folded before Flop (didn't bet)
Seat 5: Hero folded before Flop
Seat 6: 10cd0941 (button) folded before Flop (didn't bet)


Poker Hand #HD1172990851: Hold'em No Limit  ($0.02/$0.05) - 2023/03/23 20:39:57
Table 'NLHBlue103' 6-max Seat #5 is the button
Seat 1: d10163cf ($5.32 in chips)
Seat 3: d32ca8b1 ($6.74 in chips)
Seat 5: Hero ($5 in chips)
Seat 6: 10cd0941 ($6.13 in chips)
10cd0941: posts small blind $0.02
d10163cf: posts big blind $0.05
*** HOLE CARDS ***
Dealt to d10163cf 
Dealt to d32ca8b1 
Dealt to Hero [2d 5h]
Dealt to 10cd0941 
d32ca8b1: raises $0.1 to $0.15
Hero: folds
10cd0941: calls $0.13
d10163cf: calls $0.1
*** FLOP *** [6c 2h Qc]
10cd0941: bets $0.23
d10163cf: calls $0.23
d32ca8b1: folds
*** TURN *** [6c 2h Qc] [Ad]
10cd0941: checks
d10163cf: bets $0.54
10cd0941: calls $0.54
*** RIVER *** [6c 2h Qc Ad] [Ah]
10cd0941: bets $1.5
d10163cf: folds
Uncalled bet ($1.5) returned to 10cd0941
*** SHOWDOWN ***
10cd0941 collected $1.83 from pot
*** SUMMARY ***
Total pot $1.99 | Rake $0.11 | Jackpot $0.05 | Bingo $0 | Fortune $0
Board [6c 2h Qc Ad Ah]
Seat 1: d10163cf (big blind) folded on the River
Seat 3: d32ca8b1 folded on the Flop
Seat 5: Hero (button) folded before Flop (didn't bet)
Seat 6: 10cd0941 (small blind) won ($1.83)


Poker Hand #HD1172990725: Hold'em No Limit  ($0.02/$0.05) - 2023/03/23 20:39:01
Table 'NLHBlue103' 6-max Seat #3 is the button
Seat 1: d10163cf ($5.32 in chips)
Seat 3: d32ca8b1 ($5.3 in chips)
Seat 5: Hero ($5.42 in chips)
Seat 6: 10cd0941 ($6.18 in chips)
Hero: posts small blind $0.02
10cd0941: posts big blind $0.05
*** HOLE CARDS ***
Dealt to d10163cf 
Dealt to d32ca8b1 
Dealt to Hero [Tc Td]
Dealt to 10cd0941 
d10163cf: folds
d32ca8b1: raises $0.07 to $0.12
Hero: raises $0.44 to $0.56
10cd0941: folds
d32ca8b1: calls $0.44
*** FLOP *** [9s Jd Jc]
Hero: checks
d32ca8b1: checks
*** TURN *** [9s Jd Jc] [2h]
Hero: bets $0.39
d32ca8b1: calls $0.39
*** RIVER *** [9s Jd Jc 2h] [7c]
Hero: bets $0.65
d32ca8b1: raises $1.1 to $1.75
Hero: folds
Uncalled bet ($1.1) returned to d32ca8b1
*** SHOWDOWN ***
d32ca8b1 collected $3.04 from pot
*** SUMMARY ***
Total pot $3.25 | Rake $0.16 | Jackpot $0.05 | Bingo $0 | Fortune $0
Board [9s Jd Jc 2h 7c]
Seat 1: d10163cf folded before Flop (didn't bet)
Seat 3: d32ca8b1 (button) won ($3.04)
Seat 5: Hero (small blind) folded on the River
Seat 6: 10cd0941 (big blind) folded before Flop


Poker Hand #HD1172990654: Hold'em No Limit  ($0.02/$0.05) - 2023/03/23 20:38:31
Table 'NLHBlue103' 6-max Seat #1 is the button
Seat 1: d10163cf ($5.16 in chips)
Seat 3: d32ca8b1 ($5.32 in chips)
Seat 4: 8f3ea1a ($2.07 in chips)
Seat 5: Hero ($5.42 in chips)
Seat 6: 10cd0941 ($6.28 in chips)
d32ca8b1: posts small blind $0.02
8f3ea1a: posts big blind $0.05
*** HOLE CARDS ***
Dealt to d10163cf 
Dealt to d32ca8b1 
Dealt to 8f3ea1a 
Dealt to Hero [4d 5h]
Dealt to 10cd0941 
Hero: folds
10cd0941: raises $0.05 to $0.1
d10163cf: raises $0.28 to $0.38
d32ca8b1: folds
8f3ea1a: folds
10cd0941: folds
Uncalled bet ($0.28) returned to d10163cf
*** SHOWDOWN ***
d10163cf collected $0.26 from pot
*** SUMMARY ***
Total pot $0.27 | Rake $0.01 | Jackpot $0 | Bingo $0 | Fortune $0
Seat 1: d10163cf (button) collected ($0.26)
Seat 3: d32ca8b1 (small blind) folded before Flop
Seat 4: 8f3ea1a (big blind) folded before Flop
Seat 5: Hero folded before Flop (didn't bet)
Seat 6: 10cd0941 folded before Flop


Poker Hand #HD1172990589: Hold'em No Limit  ($0.02/$0.05) - 2023/03/23 20:38:03
Table 'NLHBlue103' 6-max Seat #6 is the button
Seat 1: d10163cf ($5.18 in chips)
Seat 2: ca503645 ($3.44 in chips)
Seat 3: d32ca8b1 ($5.32 in chips)
Seat 4: 8f3ea1a ($2.07 in chips)
Seat 5: Hero ($5.42 in chips)
Seat 6: 10cd0941 ($6.21 in chips)
d10163cf: posts small blind $0.02
ca503645: posts big blind $0.05
*** HOLE CARDS ***
Dealt to d10163cf 
Dealt to ca503645 
Dealt to d32ca8b1 
Dealt to 8f3ea1a 
Dealt to Hero [3s 7c]
Dealt to 10cd0941 
d32ca8b1: folds
8f3ea1a: folds
Hero: folds
10cd0941: raises $0.1 to $0.15
d10163cf: folds
ca503645: folds
Uncalled bet ($0.1) returned to 10cd0941
*** SHOWDOWN ***
10cd0941 collected $0.12 from pot
*** SUMMARY ***
Total pot $0.12 | Rake $0 | Jackpot $0 | Bingo $0 | Fortune $0
Seat 1: d10163cf (small blind) folded before Flop
Seat 2: ca503645 (big blind) folded before Flop
Seat 3: d32ca8b1 folded before Flop (didn't bet)
Seat 4: 8f3ea1a folded before Flop (didn't bet)
Seat 5: Hero folded before Flop (didn't bet)
Seat 6: 10cd0941 (button) collected ($0.12)


Poker Hand #HD1172990535: Hold'em No Limit  ($0.02/$0.05) - 2023/03/23 20:37:39
Table 'NLHBlue103' 6-max Seat #5 is the button
Seat 1: d10163cf ($5.04 in chips)
Seat 2: ca503645 ($3.44 in chips)
Seat 3: d32ca8b1 ($5.32 in chips)
Seat 4: 8f3ea1a ($2.07 in chips)
Seat 5: Hero ($5.42 in chips)
Seat 6: 10cd0941 ($6.36 in chips)
10cd0941: posts small blind $0.02
d10163cf: posts big blind $0.05
*** HOLE CARDS ***
Dealt to d10163cf 
Dealt to ca503645 
Dealt to d32ca8b1 
Dealt to 8f3ea1a 
Dealt to Hero [Qs 4c]
Dealt to 10cd0941 
ca503645: folds
d32ca8b1: folds
8f3ea1a: folds
Hero: folds
10cd0941: raises $0.1 to $0.15
d10163cf: calls $0.1
*** FLOP *** [9h 6s 4h]
10cd0941: checks
d10163cf: bets $0.18
10cd0941: folds
Uncalled bet ($0.18) returned to d10163cf
*** SHOWDOWN ***
d10163cf collected $0.29 from pot
*** SUMMARY ***
Total pot $0.3 | Rake $0.01 | Jackpot $0 | Bingo $0 | Fortune $0
Board [9h 6s 4h]
Seat 1: d10163cf (big blind) won ($0.29)
Seat 2: ca503645 folded before Flop (didn't bet)
Seat 3: d32ca8b1 folded before Flop (didn't bet)
Seat 4: 8f3ea1a folded before Flop (didn't bet)
Seat 5: Hero (button) folded before Flop (didn't bet)
Seat 6: 10cd0941 (small blind) folded on the Flop


Poker Hand #HD1172990427: Hold'em No Limit  ($0.02/$0.05) - 2023/03/23 20:36:53
Table 'NLHBlue103' 6-max Seat #4 is the button
Seat 1: d10163cf ($5.04 in chips)
Seat 2: ca503645 ($3.44 in chips)
Seat 3: d32ca8b1 ($5.32 in chips)
Seat 4: 8f3ea1a ($2.07 in chips)
Seat 5: Hero ($5.02 in chips)
Seat 6: 10cd0941 ($6.8 in chips)
Hero: posts small blind $0.02
10cd0941: posts big blind $0.05
*** HOLE CARDS ***
Dealt to d10163cf 
Dealt to ca503645 
Dealt to d32ca8b1 
Dealt to 8f3ea1a 
Dealt to Hero [Jd Ac]
Dealt to 10cd0941 
d10163cf: folds
ca503645: folds
d32ca8b1: folds
8f3ea1a: folds
Hero: raises $0.09 to $0.14
10cd0941: calls $0.09
*** FLOP *** [Td Th Tc]
Hero: bets $0.08
10cd0941: calls $0.08
*** TURN *** [Td Th Tc] [4h]
Hero: checks
10cd0941: bets $0.22
Hero: calls $0.22
*** RIVER *** [Td Th Tc 4h] [8h]
Hero: checks
10cd0941: checks
Hero: shows [Jd Ac] (Three Tens)
10cd0941: shows [9c Ah] (Three Tens)
*** SHOWDOWN ***
Hero collected $0.84 from pot
*** SUMMARY ***
Total pot $0.88 | Rake $0.04 | Jackpot $0 | Bingo $0 | Fortune $0
Board [Td Th Tc 4h 8h]
Seat 1: d10163cf folded before Flop (didn't bet)
Seat 2: ca503645 folded before Flop (didn't bet)
Seat 3: d32ca8b1 folded before Flop (didn't bet)
Seat 4: 8f3ea1a (button) folded before Flop (didn't bet)
Seat 5: Hero (small blind) showed [Jd Ac] and won ($0.84) with Three Tens
Seat 6: 10cd0941 (big blind) showed [9c Ah] and lost with Three Tens


Poker Hand #HD1172990389: Hold'em No Limit  ($0.02/$0.05) - 2023/03/23 20:36:37
Table 'NLHBlue103' 6-max Seat #3 is the button
Seat 1: d10163cf ($5.04 in chips)
Seat 2: ca503645 ($3.44 in chips)
Seat 3: d32ca8b1 ($5.32 in chips)
Seat 4: 8f3ea1a ($2.09 in chips)
Seat 5: Hero ($5 in chips)
Seat 6: 10cd0941 ($6.8 in chips)
8f3ea1a: posts small blind $0.02
Hero: posts big blind $0.05
*** HOLE CARDS ***
Dealt to d10163cf 
Dealt to ca503645 
Dealt to d32ca8b1 
Dealt to 8f3ea1a 
Dealt to Hero [9h 7c]
Dealt to 10cd0941 
10cd0941: folds
d10163cf: folds
ca503645: folds
d32ca8b1: folds
8f3ea1a: folds
Uncalled bet ($0.03) returned to Hero
*** SHOWDOWN ***
Hero collected $0.04 from pot
*** SUMMARY ***
Total pot $0.04 | Rake $0 | Jackpot $0 | Bingo $0 | Fortune $0
Seat 1: d10163cf folded before Flop (didn't bet)
Seat 2: ca503645 folded before Flop (didn't bet)
Seat 3: d32ca8b1 (button) folded before Flop (didn't bet)
Seat 4: 8f3ea1a (small blind) folded before Flop
Seat 5: Hero (big blind) collected ($0.04)
Seat 6: 10cd0941 folded before Flop (didn't bet)


