Poker Hand #HD1164547533: Hold'em No Limit  ($0.02/$0.05) - 2023/03/17 19:24:26
Table 'NLHBlue81' 6-max Seat #5 is the button
Seat 1: a300c73c ($7.33 in chips)
Seat 2: Hero ($5 in chips)
Seat 3: 82bf6fce ($7.94 in chips)
Seat 4: aba731b6 ($7.04 in chips)
Seat 5: dba9a9fc ($6.67 in chips)
Seat 6: c9c1be27 ($5.11 in chips)
c9c1be27: posts small blind $0.02
a300c73c: posts big blind $0.05
*** HOLE CARDS ***
Dealt to a300c73c 
Dealt to Hero [8s 6s]
Dealt to 82bf6fce 
Dealt to aba731b6 
Dealt to dba9a9fc 
Dealt to c9c1be27 
Hero: folds
82bf6fce: folds
aba731b6: raises $0.07 to $0.12
dba9a9fc: folds
c9c1be27: raises $0.41 to $0.53
a300c73c: folds
aba731b6: folds
Uncalled bet ($0.41) returned to c9c1be27
*** SHOWDOWN ***
c9c1be27 collected $0.28 from pot
*** SUMMARY ***
Total pot $0.29 | Rake $0.01 | Jackpot $0 | Bingo $0 | Fortune $0
Seat 1: a300c73c (big blind) folded before Flop
Seat 2: Hero folded before Flop (didn't bet)
Seat 3: 82bf6fce folded before Flop (didn't bet)
Seat 4: aba731b6 folded before Flop
Seat 5: dba9a9fc (button) folded before Flop (didn't bet)
Seat 6: c9c1be27 (small blind) collected ($0.28)


Poker Hand #HD1164547491: Hold'em No Limit  ($0.02/$0.05) - 2023/03/17 19:24:10
Table 'NLHBlue81' 6-max Seat #4 is the button
Seat 1: a300c73c ($7.33 in chips)
Seat 2: Hero ($5 in chips)
Seat 3: 82bf6fce ($7.94 in chips)
Seat 4: aba731b6 ($6.97 in chips)
Seat 5: dba9a9fc ($6.69 in chips)
Seat 6: c9c1be27 ($5.16 in chips)
dba9a9fc: posts small blind $0.02
c9c1be27: posts big blind $0.05
*** HOLE CARDS ***
Dealt to a300c73c 
Dealt to Hero [2c Td]
Dealt to 82bf6fce 
Dealt to aba731b6 
Dealt to dba9a9fc 
Dealt to c9c1be27 
a300c73c: folds
Hero: folds
82bf6fce: folds
aba731b6: raises $0.07 to $0.12
dba9a9fc: folds
c9c1be27: folds
Uncalled bet ($0.07) returned to aba731b6
*** SHOWDOWN ***
aba731b6 collected $0.12 from pot
*** SUMMARY ***
Total pot $0.12 | Rake $0 | Jackpot $0 | Bingo $0 | Fortune $0
Seat 1: a300c73c folded before Flop (didn't bet)
Seat 2: Hero folded before Flop (didn't bet)
Seat 3: 82bf6fce folded before Flop (didn't bet)
Seat 4: aba731b6 (button) collected ($0.12)
Seat 5: dba9a9fc (small blind) folded before Flop
Seat 6: c9c1be27 (big blind) folded before Flop


Poker Hand #HD1164547453: Hold'em No Limit  ($0.02/$0.05) - 2023/03/17 19:23:54
Table 'NLHBlue81' 6-max Seat #3 is the button
Seat 1: a300c73c ($7.33 in chips)
Seat 2: Hero ($5 in chips)
Seat 3: 82bf6fce ($7.94 in chips)
Seat 4: aba731b6 ($6.99 in chips)
Seat 5: dba9a9fc ($6.67 in chips)
Seat 6: c9c1be27 ($5.16 in chips)
aba731b6: posts small blind $0.02
dba9a9fc: posts big blind $0.05
*** HOLE CARDS ***
Dealt to a300c73c 
Dealt to Hero [3s 7c]
Dealt to 82bf6fce 
Dealt to aba731b6 
Dealt to dba9a9fc 
Dealt to c9c1be27 
c9c1be27: folds
a300c73c: folds
Hero: folds
82bf6fce: folds
aba731b6: folds
Uncalled bet ($0.03) returned to dba9a9fc
*** SHOWDOWN ***
dba9a9fc collected $0.04 from pot
*** SUMMARY ***
Total pot $0.04 | Rake $0 | Jackpot $0 | Bingo $0 | Fortune $0
Seat 1: a300c73c folded before Flop (didn't bet)
Seat 2: Hero folded before Flop (didn't bet)
Seat 3: 82bf6fce (button) folded before Flop (didn't bet)
Seat 4: aba731b6 (small blind) folded before Flop
Seat 5: dba9a9fc (big blind) collected ($0.04)
Seat 6: c9c1be27 folded before Flop (didn't bet)


Poker Hand #HD1164547228: Hold'em No Limit  ($0.02/$0.05) - 2023/03/17 19:22:10
Table 'NLHBlue81' 6-max Seat #2 is the button
Seat 1: a300c73c ($6.63 in chips)
Seat 2: Hero ($5 in chips)
Seat 3: 82bf6fce ($7.96 in chips)
Seat 4: aba731b6 ($7.8 in chips)
Seat 5: dba9a9fc ($6.67 in chips)
Seat 6: c9c1be27 ($5.16 in chips)
82bf6fce: posts small blind $0.02
aba731b6: posts big blind $0.05
*** HOLE CARDS ***
Dealt to a300c73c 
Dealt to Hero [2h 4h]
Dealt to 82bf6fce 
Dealt to aba731b6 
Dealt to dba9a9fc 
Dealt to c9c1be27 
dba9a9fc: folds
c9c1be27: folds
a300c73c: raises $0.08 to $0.13
Hero: folds
82bf6fce: folds
aba731b6: raises $0.23 to $0.36
a300c73c: calls $0.23
*** FLOP *** [Kd Td 5h]
aba731b6: bets $0.45
a300c73c: calls $0.45
*** TURN *** [Kd Td 5h] [7s]
aba731b6: checks
a300c73c: bets $1.14
aba731b6: folds
Uncalled bet ($1.14) returned to a300c73c
*** SHOWDOWN ***
a300c73c collected $1.51 from pot
*** SUMMARY ***
Total pot $1.64 | Rake $0.08 | Jackpot $0.05 | Bingo $0 | Fortune $0
Board [Kd Td 5h 7s]
Seat 1: a300c73c won ($1.51)
Seat 2: Hero (button) folded before Flop (didn't bet)
Seat 3: 82bf6fce (small blind) folded before Flop
Seat 4: aba731b6 (big blind) folded on the Turn
Seat 5: dba9a9fc folded before Flop (didn't bet)
Seat 6: c9c1be27 folded before Flop (didn't bet)


Poker Hand #HD1164547103: Hold'em No Limit  ($0.02/$0.05) - 2023/03/17 19:21:14
Table 'NLHBlue81' 6-max Seat #1 is the button
Seat 1: a300c73c ($6.63 in chips)
Seat 2: Hero ($5.09 in chips)
Seat 3: 82bf6fce ($8.01 in chips)
Seat 4: aba731b6 ($7.8 in chips)
Seat 5: dba9a9fc ($5.63 in chips)
Seat 6: c9c1be27 ($5.16 in chips)
Hero: posts small blind $0.02
82bf6fce: posts big blind $0.05
*** HOLE CARDS ***
Dealt to a300c73c 
Dealt to Hero [9d 9c]
Dealt to 82bf6fce 
Dealt to aba731b6 
Dealt to dba9a9fc 
Dealt to c9c1be27 
aba731b6: folds
dba9a9fc: raises $0.1 to $0.15
c9c1be27: folds
a300c73c: folds
Hero: raises $0.53 to $0.68
82bf6fce: folds
dba9a9fc: calls $0.53
*** FLOP *** [4c Jh Ad]
Hero: bets $0.47
dba9a9fc: calls $0.47
*** TURN *** [4c Jh Ad] [Ks]
Hero: checks
dba9a9fc: checks
*** RIVER *** [4c Jh Ad Ks] [5s]
Hero: checks
dba9a9fc: checks
Hero: shows [9d 9c] (Pair of Nines)
dba9a9fc: shows [Qc Ah] (Pair of Aces)
*** SHOWDOWN ***
dba9a9fc collected $2.19 from pot
*** SUMMARY ***
Total pot $2.35 | Rake $0.11 | Jackpot $0.05 | Bingo $0 | Fortune $0
Board [4c Jh Ad Ks 5s]
Seat 1: a300c73c (button) folded before Flop (didn't bet)
Seat 2: Hero (small blind) showed [9d 9c] and lost with Pair of Nines
Seat 3: 82bf6fce (big blind) folded before Flop
Seat 4: aba731b6 folded before Flop (didn't bet)
Seat 5: dba9a9fc showed [Qc Ah] and won ($2.19) with Pair of Aces
Seat 6: c9c1be27 folded before Flop (didn't bet)


Poker Hand #HD1164546995: Hold'em No Limit  ($0.02/$0.05) - 2023/03/17 19:20:22
Table 'NLHBlue81' 6-max Seat #6 is the button
Seat 1: a300c73c ($6.65 in chips)
Seat 2: Hero ($5.24 in chips)
Seat 4: aba731b6 ($7.8 in chips)
Seat 5: dba9a9fc ($5.63 in chips)
Seat 6: c9c1be27 ($5 in chips)
a300c73c: posts small blind $0.02
Hero: posts big blind $0.05
*** HOLE CARDS ***
Dealt to a300c73c 
Dealt to Hero [Jd 6d]
Dealt to aba731b6 
Dealt to dba9a9fc 
Dealt to c9c1be27 
aba731b6: folds
dba9a9fc: folds
c9c1be27: raises $0.1 to $0.15
a300c73c: folds
Hero: calls $0.1
*** FLOP *** [Ts Td 3h]
Hero: checks
c9c1be27: checks
*** TURN *** [Ts Td 3h] [9c]
Hero: checks
c9c1be27: checks
*** RIVER *** [Ts Td 3h 9c] [Th]
Hero: checks
c9c1be27: checks
Hero: shows [Jd 6d] (Three Tens)
c9c1be27: shows [4h Qh] (Three Tens)
*** SHOWDOWN ***
c9c1be27 collected $0.31 from pot
*** SUMMARY ***
Total pot $0.32 | Rake $0.01 | Jackpot $0 | Bingo $0 | Fortune $0
Board [Ts Td 3h 9c Th]
Seat 1: a300c73c (small blind) folded before Flop
Seat 2: Hero (big blind) showed [Jd 6d] and lost with Three Tens
Seat 4: aba731b6 folded before Flop (didn't bet)
Seat 5: dba9a9fc folded before Flop (didn't bet)
Seat 6: c9c1be27 (button) showed [4h Qh] and won ($0.31) with Three Tens


Poker Hand #HD1164546877: Hold'em No Limit  ($0.02/$0.05) - 2023/03/17 19:19:36
Table 'NLHBlue81' 6-max Seat #5 is the button
Seat 1: a300c73c ($6.7 in chips)
Seat 2: Hero ($5.24 in chips)
Seat 4: aba731b6 ($7.8 in chips)
Seat 5: dba9a9fc ($5 in chips)
Seat 6: c9c1be27 ($5.14 in chips)
c9c1be27: posts small blind $0.02
a300c73c: posts big blind $0.05
*** HOLE CARDS ***
Dealt to a300c73c 
Dealt to Hero [Jc 5h]
Dealt to aba731b6 
Dealt to dba9a9fc 
Dealt to c9c1be27 
Hero: folds
aba731b6: folds
dba9a9fc: raises $0.1 to $0.15
c9c1be27: raises $0.49 to $0.64
a300c73c: folds
dba9a9fc: raises $1.33 to $1.97
c9c1be27: folds
Uncalled bet ($1.33) returned to dba9a9fc
*** SHOWDOWN ***
dba9a9fc collected $1.27 from pot
*** SUMMARY ***
Total pot $1.33 | Rake $0.06 | Jackpot $0 | Bingo $0 | Fortune $0
Seat 1: a300c73c (big blind) folded before Flop
Seat 2: Hero folded before Flop (didn't bet)
Seat 4: aba731b6 folded before Flop (didn't bet)
Seat 5: dba9a9fc (button) collected ($1.27)
Seat 6: c9c1be27 (small blind) folded before Flop


Poker Hand #HD1164546838: Hold'em No Limit  ($0.02/$0.05) - 2023/03/17 19:19:19
Table 'NLHBlue81' 6-max Seat #4 is the button
Seat 1: a300c73c ($6.7 in chips)
Seat 2: Hero ($5.24 in chips)
Seat 4: aba731b6 ($7.8 in chips)
Seat 5: dba9a9fc ($5.02 in chips)
Seat 6: c9c1be27 ($5.12 in chips)
dba9a9fc: posts small blind $0.02
c9c1be27: posts big blind $0.05
*** HOLE CARDS ***
Dealt to a300c73c 
Dealt to Hero [Jd 6h]
Dealt to aba731b6 
Dealt to dba9a9fc 
Dealt to c9c1be27 
a300c73c: folds
Hero: folds
aba731b6: folds
dba9a9fc: folds
Uncalled bet ($0.03) returned to c9c1be27
*** SHOWDOWN ***
c9c1be27 collected $0.04 from pot
*** SUMMARY ***
Total pot $0.04 | Rake $0 | Jackpot $0 | Bingo $0 | Fortune $0
Seat 1: a300c73c folded before Flop (didn't bet)
Seat 2: Hero folded before Flop (didn't bet)
Seat 4: aba731b6 (button) folded before Flop (didn't bet)
Seat 5: dba9a9fc (small blind) folded before Flop
Seat 6: c9c1be27 (big blind) collected ($0.04)


Poker Hand #HD1164546790: Hold'em No Limit  ($0.02/$0.05) - 2023/03/17 19:18:55
Table 'NLHBlue81' 6-max Seat #2 is the button
Seat 1: a300c73c ($6.7 in chips)
Seat 2: Hero ($5.24 in chips)
Seat 4: aba731b6 ($7.82 in chips)
Seat 5: dba9a9fc ($5 in chips)
Seat 6: c9c1be27 ($5.12 in chips)
aba731b6: posts small blind $0.02
dba9a9fc: posts big blind $0.05
*** HOLE CARDS ***
Dealt to a300c73c 
Dealt to Hero [9h 3s]
Dealt to aba731b6 
Dealt to dba9a9fc 
Dealt to c9c1be27 
c9c1be27: folds
a300c73c: folds
Hero: folds
aba731b6: folds
Uncalled bet ($0.03) returned to dba9a9fc
*** SHOWDOWN ***
dba9a9fc collected $0.04 from pot
*** SUMMARY ***
Total pot $0.04 | Rake $0 | Jackpot $0 | Bingo $0 | Fortune $0
Seat 1: a300c73c folded before Flop (didn't bet)
Seat 2: Hero (button) folded before Flop (didn't bet)
Seat 4: aba731b6 (small blind) folded before Flop
Seat 5: dba9a9fc (big blind) collected ($0.04)
Seat 6: c9c1be27 folded before Flop (didn't bet)


Poker Hand #HD1164546746: Hold'em No Limit  ($0.02/$0.05) - 2023/03/17 19:18:33
Table 'NLHBlue81' 6-max Seat #1 is the button
Seat 1: a300c73c ($6.7 in chips)
Seat 2: Hero ($5.26 in chips)
Seat 4: aba731b6 ($7.8 in chips)
Seat 5: dba9a9fc ($5 in chips)
Seat 6: c9c1be27 ($5.12 in chips)
Hero: posts small blind $0.02
aba731b6: posts big blind $0.05
*** HOLE CARDS ***
Dealt to a300c73c 
Dealt to Hero [Kh 2d]
Dealt to aba731b6 
Dealt to dba9a9fc 
Dealt to c9c1be27 
dba9a9fc: folds
c9c1be27: folds
a300c73c: folds
Hero: folds
Uncalled bet ($0.03) returned to aba731b6
*** SHOWDOWN ***
aba731b6 collected $0.04 from pot
*** SUMMARY ***
Total pot $0.04 | Rake $0 | Jackpot $0 | Bingo $0 | Fortune $0
Seat 1: a300c73c (button) folded before Flop (didn't bet)
Seat 2: Hero (small blind) folded before Flop
Seat 4: aba731b6 (big blind) collected ($0.04)
Seat 5: dba9a9fc folded before Flop (didn't bet)
Seat 6: c9c1be27 folded before Flop (didn't bet)


Poker Hand #HD1164546597: Hold'em No Limit  ($0.02/$0.05) - 2023/03/17 19:17:26
Table 'NLHBlue81' 6-max Seat #6 is the button
Seat 1: a300c73c ($6.75 in chips)
Seat 2: Hero ($5.21 in chips)
Seat 4: aba731b6 ($7.8 in chips)
Seat 5: dba9a9fc ($5 in chips)
Seat 6: c9c1be27 ($5.12 in chips)
a300c73c: posts small blind $0.02
Hero: posts big blind $0.05
*** HOLE CARDS ***
Dealt to a300c73c 
Dealt to Hero [Kd 2s]
Dealt to aba731b6 
Dealt to dba9a9fc 
Dealt to c9c1be27 
aba731b6: folds
dba9a9fc: folds
c9c1be27: folds
a300c73c: calls $0.03
Hero: checks
*** FLOP *** [Th 8c 7s]
a300c73c: checks
Hero: checks
*** TURN *** [Th 8c 7s] [Ad]
a300c73c: checks
Hero: checks
*** RIVER *** [Th 8c 7s Ad] [3d]
a300c73c: checks
Hero: checks
a300c73c: shows [9h Qd] (Ace-High)
Hero: shows [Kd 2s] (Ace-High)
*** SHOWDOWN ***
Hero collected $0.1 from pot
*** SUMMARY ***
Total pot $0.1 | Rake $0 | Jackpot $0 | Bingo $0 | Fortune $0
Board [Th 8c 7s Ad 3d]
Seat 1: a300c73c (small blind) showed [9h Qd] and lost with Ace-High
Seat 2: Hero (big blind) showed [Kd 2s] and won ($0.1) with Ace-High
Seat 4: aba731b6 folded before Flop (didn't bet)
Seat 5: dba9a9fc folded before Flop (didn't bet)
Seat 6: c9c1be27 (button) folded before Flop (didn't bet)


Poker Hand #HD1164546537: Hold'em No Limit  ($0.02/$0.05) - 2023/03/17 19:17:02
Table 'NLHBlue81' 6-max Seat #5 is the button
Seat 1: a300c73c ($6.8 in chips)
Seat 2: Hero ($5.14 in chips)
Seat 4: aba731b6 ($7.8 in chips)
Seat 5: dba9a9fc ($5 in chips)
Seat 6: c9c1be27 ($5.14 in chips)
c9c1be27: posts small blind $0.02
a300c73c: posts big blind $0.05
*** HOLE CARDS ***
Dealt to a300c73c 
Dealt to Hero [8s 8h]
Dealt to aba731b6 
Dealt to dba9a9fc 
Dealt to c9c1be27 
Hero: raises $0.07 to $0.12
aba731b6: folds
dba9a9fc: folds
c9c1be27: folds
a300c73c: folds
Uncalled bet ($0.07) returned to Hero
*** SHOWDOWN ***
Hero collected $0.12 from pot
*** SUMMARY ***
Total pot $0.12 | Rake $0 | Jackpot $0 | Bingo $0 | Fortune $0
Seat 1: a300c73c (big blind) folded before Flop
Seat 2: Hero collected ($0.12)
Seat 4: aba731b6 folded before Flop (didn't bet)
Seat 5: dba9a9fc (button) folded before Flop (didn't bet)
Seat 6: c9c1be27 (small blind) folded before Flop


Poker Hand #HD1164546478: Hold'em No Limit  ($0.02/$0.05) - 2023/03/17 19:16:34
Table 'NLHBlue81' 6-max Seat #4 is the button
Seat 1: a300c73c ($6.93 in chips)
Seat 2: Hero ($5.14 in chips)
Seat 4: aba731b6 ($7.8 in chips)
Seat 5: dba9a9fc ($5 in chips)
Seat 6: c9c1be27 ($5 in chips)
dba9a9fc: posts small blind $0.02
c9c1be27: posts big blind $0.05
*** HOLE CARDS ***
Dealt to a300c73c 
Dealt to Hero [4d 2c]
Dealt to aba731b6 
Dealt to dba9a9fc 
Dealt to c9c1be27 
a300c73c: raises $0.08 to $0.13
Hero: folds
aba731b6: folds
dba9a9fc: folds
c9c1be27: raises $0.4 to $0.53
a300c73c: folds
Uncalled bet ($0.4) returned to c9c1be27
*** SHOWDOWN ***
c9c1be27 collected $0.27 from pot
*** SUMMARY ***
Total pot $0.28 | Rake $0.01 | Jackpot $0 | Bingo $0 | Fortune $0
Seat 1: a300c73c folded before Flop
Seat 2: Hero folded before Flop (didn't bet)
Seat 4: aba731b6 (button) folded before Flop (didn't bet)
Seat 5: dba9a9fc (small blind) folded before Flop
Seat 6: c9c1be27 (big blind) collected ($0.27)


Poker Hand #HD1164546422: Hold'em No Limit  ($0.02/$0.05) - 2023/03/17 19:16:08
Table 'NLHBlue81' 6-max Seat #2 is the button
Seat 1: a300c73c ($6.93 in chips)
Seat 2: Hero ($5.07 in chips)
Seat 4: aba731b6 ($7.82 in chips)
Seat 5: dba9a9fc ($5 in chips)
Seat 6: c9c1be27 ($5 in chips)
aba731b6: posts small blind $0.02
dba9a9fc: posts big blind $0.05
*** HOLE CARDS ***
Dealt to a300c73c 
Dealt to Hero [6c Ad]
Dealt to aba731b6 
Dealt to dba9a9fc 
Dealt to c9c1be27 
c9c1be27: folds
a300c73c: folds
Hero: raises $0.09 to $0.14
aba731b6: folds
dba9a9fc: folds
Uncalled bet ($0.09) returned to Hero
*** SHOWDOWN ***
Hero collected $0.12 from pot
*** SUMMARY ***
Total pot $0.12 | Rake $0 | Jackpot $0 | Bingo $0 | Fortune $0
Seat 1: a300c73c folded before Flop (didn't bet)
Seat 2: Hero (button) collected ($0.12)
Seat 4: aba731b6 (small blind) folded before Flop
Seat 5: dba9a9fc (big blind) folded before Flop
Seat 6: c9c1be27 folded before Flop (didn't bet)


Poker Hand #HD1164546383: Hold'em No Limit  ($0.02/$0.05) - 2023/03/17 19:15:50
Table 'NLHBlue81' 6-max Seat #1 is the button
Seat 1: a300c73c ($6.93 in chips)
Seat 2: Hero ($5.02 in chips)
Seat 4: aba731b6 ($7.87 in chips)
Seat 6: c9c1be27 ($5 in chips)
Hero: posts small blind $0.02
aba731b6: posts big blind $0.05
*** HOLE CARDS ***
Dealt to a300c73c 
Dealt to Hero [Th Jc]
Dealt to aba731b6 
Dealt to c9c1be27 
c9c1be27: folds
a300c73c: folds
Hero: raises $0.09 to $0.14
aba731b6: folds
Uncalled bet ($0.09) returned to Hero
*** SHOWDOWN ***
Hero collected $0.1 from pot
*** SUMMARY ***
Total pot $0.1 | Rake $0 | Jackpot $0 | Bingo $0 | Fortune $0
Seat 1: a300c73c (button) folded before Flop (didn't bet)
Seat 2: Hero (small blind) collected ($0.1)
Seat 4: aba731b6 (big blind) folded before Flop
Seat 6: c9c1be27 folded before Flop (didn't bet)


Poker Hand #HD1164546362: Hold'em No Limit  ($0.02/$0.05) - 2023/03/17 19:15:41
Table 'NLHBlue81' 6-max Seat #6 is the button
Seat 1: a300c73c ($6.95 in chips)
Seat 2: Hero ($5 in chips)
Seat 4: aba731b6 ($7.87 in chips)
Seat 6: c9c1be27 ($5 in chips)
a300c73c: posts small blind $0.02
Hero: posts big blind $0.05
*** HOLE CARDS ***
Dealt to a300c73c 
Dealt to Hero [9h 3c]
Dealt to aba731b6 
Dealt to c9c1be27 
aba731b6: folds
c9c1be27: folds
a300c73c: folds
Uncalled bet ($0.03) returned to Hero
*** SHOWDOWN ***
Hero collected $0.04 from pot
*** SUMMARY ***
Total pot $0.04 | Rake $0 | Jackpot $0 | Bingo $0 | Fortune $0
Seat 1: a300c73c (small blind) folded before Flop
Seat 2: Hero (big blind) collected ($0.04)
Seat 4: aba731b6 folded before Flop (didn't bet)
Seat 6: c9c1be27 (button) folded before Flop (didn't bet)


Poker Hand #HD1164546259: Hold'em No Limit  ($0.02/$0.05) - 2023/03/17 19:14:58
Table 'NLHBlue81' 6-max Seat #4 is the button
Seat 1: a300c73c ($7 in chips)
Seat 2: Hero ($5 in chips)
Seat 4: aba731b6 ($7.6 in chips)
Seat 6: c9c1be27 ($5 in chips)
c9c1be27: posts small blind $0.02
a300c73c: posts big blind $0.05
*** HOLE CARDS ***
Dealt to a300c73c 
Dealt to Hero [Qc Ac]
Dealt to aba731b6 
Dealt to c9c1be27 
Hero: raises $0.07 to $0.12
aba731b6: calls $0.12
c9c1be27: calls $0.1
a300c73c: folds
*** FLOP *** [7s 6c 5d]
c9c1be27: checks
Hero: checks
aba731b6: bets $0.25
c9c1be27: folds
Hero: folds
Uncalled bet ($0.25) returned to aba731b6
*** SHOWDOWN ***
aba731b6 collected $0.39 from pot
*** SUMMARY ***
Total pot $0.41 | Rake $0.02 | Jackpot $0 | Bingo $0 | Fortune $0
Board [7s 6c 5d]
Seat 1: a300c73c (big blind) folded before Flop
Seat 2: Hero folded on the Flop
Seat 4: aba731b6 (button) won ($0.39)
Seat 6: c9c1be27 (small blind) folded on the Flop


Poker Hand #HD1164546108: Hold'em No Limit  ($0.02/$0.05) - 2023/03/17 19:13:45
Table 'NLHBlue81' 6-max Seat #2 is the button
Seat 1: a300c73c ($7 in chips)
Seat 2: Hero ($5.26 in chips)
Seat 4: aba731b6 ($4 in chips)
Seat 6: c9c1be27 ($5 in chips)
aba731b6: posts small blind $0.02
c9c1be27: posts big blind $0.05
*** HOLE CARDS ***
Dealt to a300c73c 
Dealt to Hero [Ac Qc]
Dealt to aba731b6 
Dealt to c9c1be27 
a300c73c: folds
Hero: raises $0.07 to $0.12
aba731b6: raises $0.24 to $0.36
c9c1be27: folds
Hero: calls $0.24
*** FLOP *** [Js 8c 3s]
aba731b6: bets $0.26
Hero: calls $0.26
*** TURN *** [Js 8c 3s] [Ah]
aba731b6: bets $0.43
Hero: calls $0.43
*** RIVER *** [Js 8c 3s Ah] [Qd]
aba731b6: bets $0.71
Hero: raises $3.5 to $4.21 and is all-in
aba731b6: calls $2.24 and is all-in
Uncalled bet ($1.26) returned to Hero
Hero: shows [Ac Qc] (Pair of Aces and Pair of Queens)
aba731b6: shows [Jh Jd] (Three Jacks)
*** SHOWDOWN ***
aba731b6 collected $7.6 from pot
*** SUMMARY ***
Total pot $8.05 | Rake $0.4 | Jackpot $0.05 | Bingo $0 | Fortune $0
Board [Js 8c 3s Ah Qd]
Seat 1: a300c73c folded before Flop (didn't bet)
Seat 2: Hero (button) showed [Ac Qc] and lost with Pair of Aces and Pair of Queens
Seat 4: aba731b6 (small blind) showed [Jh Jd] and won ($7.6) with Three Jacks
Seat 6: c9c1be27 (big blind) folded before Flop


Poker Hand #HD1164546094: Hold'em No Limit  ($0.02/$0.05) - 2023/03/17 19:13:37
Table 'NLHBlue81' 6-max Seat #1 is the button
Seat 1: a300c73c ($7 in chips)
Seat 2: Hero ($5.28 in chips)
Seat 4: aba731b6 ($3.98 in chips)
Seat 6: c9c1be27 ($5 in chips)
Hero: posts small blind $0.02
aba731b6: posts big blind $0.05
*** HOLE CARDS ***
Dealt to a300c73c 
Dealt to Hero [9c 6s]
Dealt to aba731b6 
Dealt to c9c1be27 
c9c1be27: folds
a300c73c: folds
Hero: folds
Uncalled bet ($0.03) returned to aba731b6
*** SHOWDOWN ***
aba731b6 collected $0.04 from pot
*** SUMMARY ***
Total pot $0.04 | Rake $0 | Jackpot $0 | Bingo $0 | Fortune $0
Seat 1: a300c73c (button) folded before Flop (didn't bet)
Seat 2: Hero (small blind) folded before Flop
Seat 4: aba731b6 (big blind) collected ($0.04)
Seat 6: c9c1be27 folded before Flop (didn't bet)


Poker Hand #HD1164545985: Hold'em No Limit  ($0.02/$0.05) - 2023/03/17 19:12:47
Table 'NLHBlue81' 6-max Seat #6 is the button
Seat 1: a300c73c ($7.15 in chips)
Seat 2: Hero ($5 in chips)
Seat 4: aba731b6 ($3.98 in chips)
Seat 6: c9c1be27 ($5 in chips)
a300c73c: posts small blind $0.02
Hero: posts big blind $0.05
*** HOLE CARDS ***
Dealt to a300c73c 
Dealt to Hero [Ad 9c]
Dealt to aba731b6 
Dealt to c9c1be27 
aba731b6: folds
c9c1be27: raises $0.1 to $0.15
a300c73c: calls $0.13
Hero: calls $0.1
*** FLOP *** [Ks 6h 7h]
a300c73c: checks
Hero: checks
c9c1be27: checks
*** TURN *** [Ks 6h 7h] [5d]
a300c73c: checks
Hero: checks
c9c1be27: checks
*** RIVER *** [Ks 6h 7h 5d] [Ac]
a300c73c: checks
Hero: checks
c9c1be27: checks
a300c73c: shows [Qc Jh] (Ace-High)
Hero: shows [Ad 9c] (Pair of Aces)
c9c1be27: shows [Ah 4c] (Pair of Aces)
*** SHOWDOWN ***
Hero collected $0.43 from pot
*** SUMMARY ***
Total pot $0.45 | Rake $0.02 | Jackpot $0 | Bingo $0 | Fortune $0
Board [Ks 6h 7h 5d Ac]
Seat 1: a300c73c (small blind) showed [Qc Jh] and lost with Ace-High
Seat 2: Hero (big blind) showed [Ad 9c] and won ($0.43) with Pair of Aces
Seat 4: aba731b6 folded before Flop (didn't bet)
Seat 6: c9c1be27 (button) showed [Ah 4c] and lost with Pair of Aces


Poker Hand #HD1164545973: Hold'em No Limit  ($0.02/$0.05) - 2023/03/17 19:12:41
Table 'NLHBlue81' 6-max Seat #4 is the button
Seat 1: a300c73c ($7.13 in chips)
Seat 2: Hero ($5 in chips)
Seat 4: aba731b6 ($3.98 in chips)
Seat 6: c9c1be27 ($4.73 in chips)
c9c1be27: posts small blind $0.02
a300c73c: posts big blind $0.05
*** HOLE CARDS ***
Dealt to a300c73c 
Dealt to Hero [7s 4d]
Dealt to aba731b6 
Dealt to c9c1be27 
Hero: folds
aba731b6: folds
c9c1be27: folds
Uncalled bet ($0.03) returned to a300c73c
*** SHOWDOWN ***
a300c73c collected $0.04 from pot
*** SUMMARY ***
Total pot $0.04 | Rake $0 | Jackpot $0 | Bingo $0 | Fortune $0
Seat 1: a300c73c (big blind) collected ($0.04)
Seat 2: Hero folded before Flop (didn't bet)
Seat 4: aba731b6 (button) folded before Flop (didn't bet)
Seat 6: c9c1be27 (small blind) folded before Flop


Poker Hand #HD1164545812: Hold'em No Limit  ($0.02/$0.05) - 2023/03/17 19:11:26
Table 'NLHBlue81' 6-max Seat #2 is the button
Seat 1: a300c73c ($6.41 in chips)
Seat 2: Hero ($5 in chips)
Seat 4: aba731b6 ($4 in chips)
Seat 5: 9082fba4 ($5 in chips)
Seat 6: c9c1be27 ($5.5 in chips)
aba731b6: posts small blind $0.02
9082fba4: posts big blind $0.05
*** HOLE CARDS ***
Dealt to a300c73c 
Dealt to Hero [As 5d]
Dealt to aba731b6 
Dealt to 9082fba4 
Dealt to c9c1be27 
c9c1be27: raises $0.08 to $0.13
a300c73c: calls $0.13
Hero: folds
aba731b6: folds
9082fba4: folds
*** FLOP *** [Kh Ts 8c]
c9c1be27: checks
a300c73c: bets $0.17
c9c1be27: calls $0.17
*** TURN *** [Kh Ts 8c] [5s]
c9c1be27: checks
a300c73c: bets $0.47
c9c1be27: calls $0.47
*** RIVER *** [Kh Ts 8c 5s] [4d]
c9c1be27: checks
a300c73c: checks
c9c1be27: shows [9c Kc] (Pair of Kings)
a300c73c: shows [Jh Ks] (Pair of Kings)
*** SHOWDOWN ***
a300c73c collected $1.49 from pot
*** SUMMARY ***
Total pot $1.61 | Rake $0.07 | Jackpot $0.05 | Bingo $0 | Fortune $0
Board [Kh Ts 8c 5s 4d]
Seat 1: a300c73c showed [Jh Ks] and won ($1.49) with Pair of Kings
Seat 2: Hero (button) folded before Flop (didn't bet)
Seat 4: aba731b6 (small blind) folded before Flop
Seat 5: 9082fba4 (big blind) folded before Flop
Seat 6: c9c1be27 showed [9c Kc] and lost with Pair of Kings


Poker Hand #HD1164545731: Hold'em No Limit  ($0.02/$0.05) - 2023/03/17 19:10:51
Table 'NLHBlue81' 6-max Seat #1 is the button
Seat 1: a300c73c ($6.41 in chips)
Seat 2: Hero ($5 in chips)
Seat 4: aba731b6 ($4.05 in chips)
Seat 5: 9082fba4 ($5.12 in chips)
Seat 6: c9c1be27 ($5 in chips)
Hero: posts small blind $0.02
aba731b6: posts big blind $0.05
*** HOLE CARDS ***
Dealt to a300c73c 
Dealt to Hero [5s 2d]
Dealt to aba731b6 
Dealt to 9082fba4 
Dealt to c9c1be27 
9082fba4: raises $0.05 to $0.1
c9c1be27: raises $0.38 to $0.48
a300c73c: folds
Hero: folds
aba731b6: folds
9082fba4: calls $0.38
*** FLOP *** [Kd Ac Qd]
9082fba4: checks
c9c1be27: bets $0.34
9082fba4: folds
Uncalled bet ($0.34) returned to c9c1be27
*** SHOWDOWN ***
c9c1be27 collected $0.98 from pot
*** SUMMARY ***
Total pot $1.03 | Rake $0.05 | Jackpot $0 | Bingo $0 | Fortune $0
Board [Kd Ac Qd]
Seat 1: a300c73c (button) folded before Flop (didn't bet)
Seat 2: Hero (small blind) folded before Flop
Seat 4: aba731b6 (big blind) folded before Flop
Seat 5: 9082fba4 folded on the Flop
Seat 6: c9c1be27 won ($0.98)


Poker Hand #HD1164485618: Hold'em No Limit  ($0.02/$0.05) - 2023/03/17 19:09:56
Table 'NLHBlue81' 6-max Seat #6 is the button
Seat 1: a300c73c ($6.43 in chips)
Seat 2: Hero ($5 in chips)
Seat 3: 82bf6fce ($8.01 in chips)
Seat 4: aba731b6 ($4.05 in chips)
Seat 5: 9082fba4 ($4.85 in chips)
Seat 6: c9c1be27 ($5 in chips)
a300c73c: posts small blind $0.02
Hero: posts big blind $0.05
*** HOLE CARDS ***
Dealt to a300c73c 
Dealt to Hero [5c 4c]
Dealt to 82bf6fce 
Dealt to aba731b6 
Dealt to 9082fba4 
Dealt to c9c1be27 
82bf6fce: folds
aba731b6: folds
9082fba4: raises $0.05 to $0.1
c9c1be27: folds
a300c73c: folds
Hero: calls $0.05
*** FLOP *** [5d 6d Kc]
Hero: checks
9082fba4: bets $0.17
Hero: calls $0.17
*** TURN *** [5d 6d Kc] [Th]
Hero: checks
9082fba4: bets $0.37
Hero: folds
Uncalled bet ($0.37) returned to 9082fba4
*** SHOWDOWN ***
9082fba4 collected $0.54 from pot
*** SUMMARY ***
Total pot $0.56 | Rake $0.02 | Jackpot $0 | Bingo $0 | Fortune $0
Board [5d 6d Kc Th]
Seat 1: a300c73c (small blind) folded before Flop
Seat 2: Hero (big blind) folded on the Turn
Seat 3: 82bf6fce folded before Flop (didn't bet)
Seat 4: aba731b6 folded before Flop (didn't bet)
Seat 5: 9082fba4 won ($0.54)
Seat 6: c9c1be27 (button) folded before Flop (didn't bet)


Poker Hand #HD1164485482: Hold'em No Limit  ($0.02/$0.05) - 2023/03/17 19:09:06
Table 'NLHBlue81' 6-max Seat #5 is the button
Seat 1: a300c73c ($6.2 in chips)
Seat 2: Hero ($5 in chips)
Seat 3: 82bf6fce ($8.01 in chips)
Seat 4: aba731b6 ($4.05 in chips)
Seat 5: 9082fba4 ($4.85 in chips)
Seat 6: c9c1be27 ($5.06 in chips)
c9c1be27: posts small blind $0.02
a300c73c: posts big blind $0.05
*** HOLE CARDS ***
Dealt to a300c73c 
Dealt to Hero [2h Ts]
Dealt to 82bf6fce 
Dealt to aba731b6 
Dealt to 9082fba4 
Dealt to c9c1be27 
Hero: folds
82bf6fce: folds
aba731b6: folds
9082fba4: folds
c9c1be27: raises $0.1 to $0.15
a300c73c: calls $0.1
*** FLOP *** [Td 6d Qc]
c9c1be27: bets $0.1
a300c73c: calls $0.1
*** TURN *** [Td 6d Qc] [9c]
c9c1be27: checks
a300c73c: bets $0.38
c9c1be27: folds
Uncalled bet ($0.38) returned to a300c73c
*** SHOWDOWN ***
a300c73c collected $0.48 from pot
*** SUMMARY ***
Total pot $0.5 | Rake $0.02 | Jackpot $0 | Bingo $0 | Fortune $0
Board [Td 6d Qc 9c]
Seat 1: a300c73c (big blind) won ($0.48)
Seat 2: Hero folded before Flop (didn't bet)
Seat 3: 82bf6fce folded before Flop (didn't bet)
Seat 4: aba731b6 folded before Flop (didn't bet)
Seat 5: 9082fba4 (button) folded before Flop (didn't bet)
Seat 6: c9c1be27 (small blind) folded on the Turn


Poker Hand #HD1164485427: Hold'em No Limit  ($0.02/$0.05) - 2023/03/17 19:08:43
Table 'NLHBlue81' 6-max Seat #4 is the button
Seat 1: a300c73c ($6.2 in chips)
Seat 2: Hero ($5 in chips)
Seat 3: 82bf6fce ($8.01 in chips)
Seat 4: aba731b6 ($4.05 in chips)
Seat 5: 9082fba4 ($4.87 in chips)
Seat 6: c9c1be27 ($5.04 in chips)
9082fba4: posts small blind $0.02
c9c1be27: posts big blind $0.05
*** HOLE CARDS ***
Dealt to a300c73c 
Dealt to Hero [5s Ad]
Dealt to 82bf6fce 
Dealt to aba731b6 
Dealt to 9082fba4 
Dealt to c9c1be27 
a300c73c: folds
Hero: folds
82bf6fce: folds
aba731b6: folds
9082fba4: folds
Uncalled bet ($0.03) returned to c9c1be27
*** SHOWDOWN ***
c9c1be27 collected $0.04 from pot
*** SUMMARY ***
Total pot $0.04 | Rake $0 | Jackpot $0 | Bingo $0 | Fortune $0
Seat 1: a300c73c folded before Flop (didn't bet)
Seat 2: Hero folded before Flop (didn't bet)
Seat 3: 82bf6fce folded before Flop (didn't bet)
Seat 4: aba731b6 (button) folded before Flop (didn't bet)
Seat 5: 9082fba4 (small blind) folded before Flop
Seat 6: c9c1be27 (big blind) collected ($0.04)


Poker Hand #HD1164485332: Hold'em No Limit  ($0.02/$0.05) - 2023/03/17 19:08:01
Table 'NLHBlue81' 6-max Seat #3 is the button
Seat 1: a300c73c ($6.2 in chips)
Seat 2: Hero ($5 in chips)
Seat 3: 82bf6fce ($7.87 in chips)
Seat 4: aba731b6 ($4.07 in chips)
Seat 5: 9082fba4 ($5 in chips)
Seat 6: c9c1be27 ($5.04 in chips)
aba731b6: posts small blind $0.02
9082fba4: posts big blind $0.05
*** HOLE CARDS ***
Dealt to a300c73c 
Dealt to Hero [2h 4s]
Dealt to 82bf6fce 
Dealt to aba731b6 
Dealt to 9082fba4 
Dealt to c9c1be27 
c9c1be27: folds
a300c73c: folds
Hero: folds
82bf6fce: raises $0.08 to $0.13
aba731b6: folds
9082fba4: calls $0.08
*** FLOP *** [Qd 4c 2d]
9082fba4: checks
82bf6fce: bets $0.09
9082fba4: folds
Uncalled bet ($0.09) returned to 82bf6fce
*** SHOWDOWN ***
82bf6fce collected $0.27 from pot
*** SUMMARY ***
Total pot $0.28 | Rake $0.01 | Jackpot $0 | Bingo $0 | Fortune $0
Board [Qd 4c 2d]
Seat 1: a300c73c folded before Flop (didn't bet)
Seat 2: Hero folded before Flop (didn't bet)
Seat 3: 82bf6fce (button) won ($0.27)
Seat 4: aba731b6 (small blind) folded before Flop
Seat 5: 9082fba4 (big blind) folded on the Flop
Seat 6: c9c1be27 folded before Flop (didn't bet)


Poker Hand #HD1164485155: Hold'em No Limit  ($0.02/$0.05) - 2023/03/17 19:06:53
Table 'NLHBlue81' 6-max Seat #2 is the button
Seat 1: a300c73c ($6.3 in chips)
Seat 2: Hero ($5 in chips)
Seat 3: 82bf6fce ($7.68 in chips)
Seat 4: aba731b6 ($4.17 in chips)
Seat 5: 9082fba4 ($5 in chips)
Seat 6: c9c1be27 ($5.04 in chips)
82bf6fce: posts small blind $0.02
aba731b6: posts big blind $0.05
*** HOLE CARDS ***
Dealt to a300c73c 
Dealt to Hero [2c 3s]
Dealt to 82bf6fce 
Dealt to aba731b6 
Dealt to 9082fba4 
Dealt to c9c1be27 
9082fba4: folds
c9c1be27: folds
a300c73c: raises $0.05 to $0.1
Hero: folds
82bf6fce: calls $0.08
aba731b6: calls $0.05
*** FLOP *** [Js Ks 9c]
82bf6fce: checks
aba731b6: checks
a300c73c: checks
*** TURN *** [Js Ks 9c] [4c]
82bf6fce: bets $0.2
aba731b6: folds
a300c73c: folds
Uncalled bet ($0.2) returned to 82bf6fce
*** SHOWDOWN ***
82bf6fce collected $0.29 from pot
*** SUMMARY ***
Total pot $0.3 | Rake $0.01 | Jackpot $0 | Bingo $0 | Fortune $0
Board [Js Ks 9c 4c]
Seat 1: a300c73c folded on the Turn
Seat 2: Hero (button) folded before Flop (didn't bet)
Seat 3: 82bf6fce (small blind) won ($0.29)
Seat 4: aba731b6 (big blind) folded on the Turn
Seat 5: 9082fba4 folded before Flop (didn't bet)
Seat 6: c9c1be27 folded before Flop (didn't bet)


Poker Hand #HD1164485134: Hold'em No Limit  ($0.02/$0.05) - 2023/03/17 19:06:39
Table 'NLHBlue81' 6-max Seat #1 is the button
Seat 1: a300c73c ($6.23 in chips)
Seat 2: Hero ($5.02 in chips)
Seat 3: 82bf6fce ($7.73 in chips)
Seat 4: aba731b6 ($4.17 in chips)
Seat 5: 9082fba4 ($5 in chips)
Seat 6: c9c1be27 ($5.04 in chips)
Hero: posts small blind $0.02
82bf6fce: posts big blind $0.05
*** HOLE CARDS ***
Dealt to a300c73c 
Dealt to Hero [4s Qd]
Dealt to 82bf6fce 
Dealt to aba731b6 
Dealt to 9082fba4 
Dealt to c9c1be27 
aba731b6: folds
9082fba4: folds
c9c1be27: folds
a300c73c: raises $0.05 to $0.1
Hero: folds
82bf6fce: folds
Uncalled bet ($0.05) returned to a300c73c
*** SHOWDOWN ***
a300c73c collected $0.12 from pot
*** SUMMARY ***
Total pot $0.12 | Rake $0 | Jackpot $0 | Bingo $0 | Fortune $0
Seat 1: a300c73c (button) collected ($0.12)
Seat 2: Hero (small blind) folded before Flop
Seat 3: 82bf6fce (big blind) folded before Flop
Seat 4: aba731b6 folded before Flop (didn't bet)
Seat 5: 9082fba4 folded before Flop (didn't bet)
Seat 6: c9c1be27 folded before Flop (didn't bet)


Poker Hand #HD1164485042: Hold'em No Limit  ($0.02/$0.05) - 2023/03/17 19:05:55
Table 'NLHBlue81' 6-max Seat #6 is the button
Seat 1: a300c73c ($6.04 in chips)
Seat 2: Hero ($5.07 in chips)
Seat 3: 82bf6fce ($7.73 in chips)
Seat 4: aba731b6 ($4.17 in chips)
Seat 5: 9082fba4 ($5 in chips)
Seat 6: c9c1be27 ($5.19 in chips)
a300c73c: posts small blind $0.02
Hero: posts big blind $0.05
*** HOLE CARDS ***
Dealt to a300c73c 
Dealt to Hero [4s Tc]
Dealt to 82bf6fce 
Dealt to aba731b6 
Dealt to 9082fba4 
Dealt to c9c1be27 
82bf6fce: folds
aba731b6: folds
9082fba4: folds
c9c1be27: raises $0.1 to $0.15
a300c73c: calls $0.13
Hero: folds
*** FLOP *** [2c Td 3c]
a300c73c: checks
c9c1be27: checks
*** TURN *** [2c Td 3c] [7s]
a300c73c: bets $0.25
c9c1be27: folds
Uncalled bet ($0.25) returned to a300c73c
*** SHOWDOWN ***
a300c73c collected $0.34 from pot
*** SUMMARY ***
Total pot $0.35 | Rake $0.01 | Jackpot $0 | Bingo $0 | Fortune $0
Board [2c Td 3c 7s]
Seat 1: a300c73c (small blind) won ($0.34)
Seat 2: Hero (big blind) folded before Flop
Seat 3: 82bf6fce folded before Flop (didn't bet)
Seat 4: aba731b6 folded before Flop (didn't bet)
Seat 5: 9082fba4 folded before Flop (didn't bet)
Seat 6: c9c1be27 (button) folded on the Turn


Poker Hand #HD1164484932: Hold'em No Limit  ($0.02/$0.05) - 2023/03/17 19:05:09
Table 'NLHBlue81' 6-max Seat #5 is the button
Seat 1: a300c73c ($5.79 in chips)
Seat 2: Hero ($5.07 in chips)
Seat 3: 82bf6fce ($7.73 in chips)
Seat 4: aba731b6 ($4.17 in chips)
Seat 5: 9082fba4 ($5 in chips)
Seat 6: c9c1be27 ($5.21 in chips)
c9c1be27: posts small blind $0.02
a300c73c: posts big blind $0.05
*** HOLE CARDS ***
Dealt to a300c73c 
Dealt to Hero [5h 8h]
Dealt to 82bf6fce 
Dealt to aba731b6 
Dealt to 9082fba4 
Dealt to c9c1be27 
Hero: folds
82bf6fce: folds
aba731b6: folds
9082fba4: raises $0.05 to $0.1
c9c1be27: folds
a300c73c: calls $0.05
*** FLOP *** [9c 3s 9s]
a300c73c: checks
9082fba4: checks
*** TURN *** [9c 3s 9s] [6d]
a300c73c: checks
9082fba4: bets $0.15
a300c73c: raises $0.34 to $0.49
9082fba4: folds
Uncalled bet ($0.34) returned to a300c73c
*** SHOWDOWN ***
a300c73c collected $0.5 from pot
*** SUMMARY ***
Total pot $0.52 | Rake $0.02 | Jackpot $0 | Bingo $0 | Fortune $0
Board [9c 3s 9s 6d]
Seat 1: a300c73c (big blind) won ($0.5)
Seat 2: Hero folded before Flop (didn't bet)
Seat 3: 82bf6fce folded before Flop (didn't bet)
Seat 4: aba731b6 folded before Flop (didn't bet)
Seat 5: 9082fba4 (button) folded on the Turn
Seat 6: c9c1be27 (small blind) folded before Flop


Poker Hand #HD1164484831: Hold'em No Limit  ($0.02/$0.05) - 2023/03/17 19:04:23
Table 'NLHBlue81' 6-max Seat #4 is the button
Seat 1: a300c73c ($5.79 in chips)
Seat 2: Hero ($5.07 in chips)
Seat 3: 82bf6fce ($7.86 in chips)
Seat 4: aba731b6 ($4.17 in chips)
Seat 5: 9082fba4 ($5.02 in chips)
Seat 6: c9c1be27 ($5.07 in chips)
9082fba4: posts small blind $0.02
c9c1be27: posts big blind $0.05
*** HOLE CARDS ***
Dealt to a300c73c 
Dealt to Hero [3h Qd]
Dealt to 82bf6fce 
Dealt to aba731b6 
Dealt to 9082fba4 
Dealt to c9c1be27 
a300c73c: folds
Hero: folds
82bf6fce: raises $0.08 to $0.13
aba731b6: folds
9082fba4: folds
c9c1be27: calls $0.08
*** FLOP *** [7d 3c 3d]
c9c1be27: checks
82bf6fce: checks
*** TURN *** [7d 3c 3d] [5s]
c9c1be27: bets $0.16
82bf6fce: folds
Uncalled bet ($0.16) returned to c9c1be27
*** SHOWDOWN ***
c9c1be27 collected $0.27 from pot
*** SUMMARY ***
Total pot $0.28 | Rake $0.01 | Jackpot $0 | Bingo $0 | Fortune $0
Board [7d 3c 3d 5s]
Seat 1: a300c73c folded before Flop (didn't bet)
Seat 2: Hero folded before Flop (didn't bet)
Seat 3: 82bf6fce folded on the Turn
Seat 4: aba731b6 (button) folded before Flop (didn't bet)
Seat 5: 9082fba4 (small blind) folded before Flop
Seat 6: c9c1be27 (big blind) won ($0.27)


Poker Hand #HD1164484798: Hold'em No Limit  ($0.02/$0.05) - 2023/03/17 19:04:08
Table 'NLHBlue81' 6-max Seat #3 is the button
Seat 1: a300c73c ($5.79 in chips)
Seat 2: Hero ($5.07 in chips)
Seat 3: 82bf6fce ($7.86 in chips)
Seat 4: aba731b6 ($4.19 in chips)
Seat 5: 9082fba4 ($5 in chips)
Seat 6: c9c1be27 ($5.07 in chips)
aba731b6: posts small blind $0.02
9082fba4: posts big blind $0.05
*** HOLE CARDS ***
Dealt to a300c73c 
Dealt to Hero [3s 5h]
Dealt to 82bf6fce 
Dealt to aba731b6 
Dealt to 9082fba4 
Dealt to c9c1be27 
c9c1be27: folds
a300c73c: folds
Hero: folds
82bf6fce: folds
aba731b6: folds
Uncalled bet ($0.03) returned to 9082fba4
*** SHOWDOWN ***
9082fba4 collected $0.04 from pot
*** SUMMARY ***
Total pot $0.04 | Rake $0 | Jackpot $0 | Bingo $0 | Fortune $0
Seat 1: a300c73c folded before Flop (didn't bet)
Seat 2: Hero folded before Flop (didn't bet)
Seat 3: 82bf6fce (button) folded before Flop (didn't bet)
Seat 4: aba731b6 (small blind) folded before Flop
Seat 5: 9082fba4 (big blind) collected ($0.04)
Seat 6: c9c1be27 folded before Flop (didn't bet)


Poker Hand #HD1164484643: Hold'em No Limit  ($0.02/$0.05) - 2023/03/17 19:02:58
Table 'NLHBlue81' 6-max Seat #2 is the button
Seat 1: a300c73c ($5.09 in chips)
Seat 2: Hero ($5.07 in chips)
Seat 3: 82bf6fce ($7.88 in chips)
Seat 4: aba731b6 ($5 in chips)
Seat 5: 9082fba4 ($5 in chips)
Seat 6: c9c1be27 ($5.07 in chips)
82bf6fce: posts small blind $0.02
aba731b6: posts big blind $0.05
*** HOLE CARDS ***
Dealt to a300c73c 
Dealt to Hero [Ad 6s]
Dealt to 82bf6fce 
Dealt to aba731b6 
Dealt to 9082fba4 
Dealt to c9c1be27 
9082fba4: folds
c9c1be27: folds
a300c73c: raises $0.08 to $0.13
Hero: folds
82bf6fce: folds
aba731b6: raises $0.23 to $0.36
a300c73c: calls $0.23
*** FLOP *** [Ac Js 5h]
aba731b6: checks
a300c73c: checks
*** TURN *** [Ac Js 5h] [7c]
aba731b6: bets $0.45
a300c73c: calls $0.45
*** RIVER *** [Ac Js 5h 7c] [3h]
aba731b6: checks
a300c73c: checks
aba731b6: shows [Kd Td] (Ace-High)
a300c73c: shows [8h As] (Pair of Aces)
*** SHOWDOWN ***
a300c73c collected $1.51 from pot
*** SUMMARY ***
Total pot $1.64 | Rake $0.08 | Jackpot $0.05 | Bingo $0 | Fortune $0
Board [Ac Js 5h 7c 3h]
Seat 1: a300c73c showed [8h As] and won ($1.51) with Pair of Aces
Seat 2: Hero (button) folded before Flop (didn't bet)
Seat 3: 82bf6fce (small blind) folded before Flop
Seat 4: aba731b6 (big blind) showed [Kd Td] and lost with Ace-High
Seat 5: 9082fba4 folded before Flop (didn't bet)
Seat 6: c9c1be27 folded before Flop (didn't bet)


Poker Hand #HD1164484564: Hold'em No Limit  ($0.02/$0.05) - 2023/03/17 19:02:24
Table 'NLHBlue81' 6-max Seat #1 is the button
Seat 1: a300c73c ($5.09 in chips)
Seat 2: Hero ($5.09 in chips)
Seat 3: 82bf6fce ($7.93 in chips)
Seat 4: aba731b6 ($5 in chips)
Seat 5: 9082fba4 ($5 in chips)
Seat 6: c9c1be27 ($5 in chips)
Hero: posts small blind $0.02
82bf6fce: posts big blind $0.05
*** HOLE CARDS ***
Dealt to a300c73c 
Dealt to Hero [As 3h]
Dealt to 82bf6fce 
Dealt to aba731b6 
Dealt to 9082fba4 
Dealt to c9c1be27 
aba731b6: folds
9082fba4: folds
c9c1be27: raises $0.08 to $0.13
a300c73c: folds
Hero: folds
82bf6fce: folds
Uncalled bet ($0.08) returned to c9c1be27
*** SHOWDOWN ***
c9c1be27 collected $0.12 from pot
*** SUMMARY ***
Total pot $0.12 | Rake $0 | Jackpot $0 | Bingo $0 | Fortune $0
Seat 1: a300c73c (button) folded before Flop (didn't bet)
Seat 2: Hero (small blind) folded before Flop
Seat 3: 82bf6fce (big blind) folded before Flop
Seat 4: aba731b6 folded before Flop (didn't bet)
Seat 5: 9082fba4 folded before Flop (didn't bet)
Seat 6: c9c1be27 collected ($0.12)


Poker Hand #HD1164484421: Hold'em No Limit  ($0.02/$0.05) - 2023/03/17 19:01:20
Table 'NLHBlue81' 6-max Seat #6 is the button
Seat 1: a300c73c ($5.19 in chips)
Seat 2: Hero ($5 in chips)
Seat 3: 82bf6fce ($7.93 in chips)
Seat 4: aba731b6 ($5 in chips)
Seat 5: 9082fba4 ($5 in chips)
Seat 6: c9c1be27 ($5 in chips)
a300c73c: posts small blind $0.02
Hero: posts big blind $0.05
*** HOLE CARDS ***
Dealt to a300c73c 
Dealt to Hero [Jh 2h]
Dealt to 82bf6fce 
Dealt to aba731b6 
Dealt to 9082fba4 
Dealt to c9c1be27 
82bf6fce: folds
aba731b6: folds
9082fba4: folds
c9c1be27: folds
a300c73c: calls $0.03
Hero: checks
*** FLOP *** [4s 3d Tc]
a300c73c: checks
Hero: checks
*** TURN *** [4s 3d Tc] [5s]
a300c73c: checks
Hero: checks
*** RIVER *** [4s 3d Tc 5s] [Jc]
a300c73c: bets $0.05
Hero: calls $0.05
a300c73c: shows [Th 8s] (Pair of Tens)
Hero: shows [Jh 2h] (Pair of Jacks)
*** SHOWDOWN ***
Hero collected $0.19 from pot
*** SUMMARY ***
Total pot $0.2 | Rake $0.01 | Jackpot $0 | Bingo $0 | Fortune $0
Board [4s 3d Tc 5s Jc]
Seat 1: a300c73c (small blind) showed [Th 8s] and lost with Pair of Tens
Seat 2: Hero (big blind) showed [Jh 2h] and won ($0.19) with Pair of Jacks
Seat 3: 82bf6fce folded before Flop (didn't bet)
Seat 4: aba731b6 folded before Flop (didn't bet)
Seat 5: 9082fba4 folded before Flop (didn't bet)
Seat 6: c9c1be27 (button) folded before Flop (didn't bet)


