Poker Hand #HD1152918018: Hold'em No Limit  ($0.02/$0.05) - 2023/03/09 17:19:51
Table 'NLHBlue126' 6-max Seat #3 is the button
Seat 1: 675586bf ($5.07 in chips)
Seat 2: af4ec50d ($11.3 in chips)
Seat 3: b7765bf ($4.68 in chips)
Seat 4: 976f4e5d ($5.4 in chips)
Seat 5: 73c50263 ($5.67 in chips)
Seat 6: Hero ($5.22 in chips)
976f4e5d: posts small blind $0.02
73c50263: posts big blind $0.05
*** HOLE CARDS ***
Dealt to 675586bf 
Dealt to af4ec50d 
Dealt to b7765bf 
Dealt to 976f4e5d 
Dealt to 73c50263 
Dealt to Hero [Jd 8s]
Hero: folds
675586bf: folds
af4ec50d: folds
b7765bf: folds
976f4e5d: raises $0.1 to $0.15
73c50263: folds
Uncalled bet ($0.1) returned to 976f4e5d
*** SHOWDOWN ***
976f4e5d collected $0.1 from pot
*** SUMMARY ***
Total pot $0.1 | Rake $0 | Jackpot $0 | Bingo $0 | Fortune $0
Seat 1: 675586bf folded before Flop (didn't bet)
Seat 2: af4ec50d folded before Flop (didn't bet)
Seat 3: b7765bf (button) folded before Flop (didn't bet)
Seat 4: 976f4e5d (small blind) collected ($0.1)
Seat 5: 73c50263 (big blind) folded before Flop
Seat 6: Hero folded before Flop (didn't bet)


Poker Hand #HD1152917980: Hold'em No Limit  ($0.02/$0.05) - 2023/03/09 17:19:40
Table 'NLHBlue126' 6-max Seat #2 is the button
Seat 1: 675586bf ($5.07 in chips)
Seat 2: af4ec50d ($11.3 in chips)
Seat 3: b7765bf ($4.7 in chips)
Seat 4: 976f4e5d ($5.38 in chips)
Seat 5: 73c50263 ($5.67 in chips)
Seat 6: Hero ($5.22 in chips)
b7765bf: posts small blind $0.02
976f4e5d: posts big blind $0.05
*** HOLE CARDS ***
Dealt to 675586bf 
Dealt to af4ec50d 
Dealt to b7765bf 
Dealt to 976f4e5d 
Dealt to 73c50263 
Dealt to Hero [9s 2d]
73c50263: folds
Hero: folds
675586bf: folds
af4ec50d: folds
b7765bf: folds
Uncalled bet ($0.03) returned to 976f4e5d
*** SHOWDOWN ***
976f4e5d collected $0.04 from pot
*** SUMMARY ***
Total pot $0.04 | Rake $0 | Jackpot $0 | Bingo $0 | Fortune $0
Seat 1: 675586bf folded before Flop (didn't bet)
Seat 2: af4ec50d (button) folded before Flop (didn't bet)
Seat 3: b7765bf (small blind) folded before Flop
Seat 4: 976f4e5d (big blind) collected ($0.04)
Seat 5: 73c50263 folded before Flop (didn't bet)
Seat 6: Hero folded before Flop (didn't bet)


Poker Hand #HD1152917936: Hold'em No Limit  ($0.02/$0.05) - 2023/03/09 17:19:26
Table 'NLHBlue126' 6-max Seat #1 is the button
Seat 1: 675586bf ($5 in chips)
Seat 2: af4ec50d ($11.32 in chips)
Seat 3: b7765bf ($4.75 in chips)
Seat 4: 976f4e5d ($5.38 in chips)
Seat 5: 73c50263 ($5.67 in chips)
Seat 6: Hero ($5.22 in chips)
af4ec50d: posts small blind $0.02
b7765bf: posts big blind $0.05
*** HOLE CARDS ***
Dealt to 675586bf 
Dealt to af4ec50d 
Dealt to b7765bf 
Dealt to 976f4e5d 
Dealt to 73c50263 
Dealt to Hero [8s 3h]
976f4e5d: folds
73c50263: folds
Hero: folds
675586bf: raises $0.1 to $0.15
af4ec50d: folds
b7765bf: folds
Uncalled bet ($0.1) returned to 675586bf
*** SHOWDOWN ***
675586bf collected $0.12 from pot
*** SUMMARY ***
Total pot $0.12 | Rake $0 | Jackpot $0 | Bingo $0 | Fortune $0
Seat 1: 675586bf (button) collected ($0.12)
Seat 2: af4ec50d (small blind) folded before Flop
Seat 3: b7765bf (big blind) folded before Flop
Seat 4: 976f4e5d folded before Flop (didn't bet)
Seat 5: 73c50263 folded before Flop (didn't bet)
Seat 6: Hero folded before Flop (didn't bet)


Poker Hand #HD1152917890: Hold'em No Limit  ($0.02/$0.05) - 2023/03/09 17:19:10
Table 'NLHBlue126' 6-max Seat #6 is the button
Seat 1: 675586bf ($5.02 in chips)
Seat 2: af4ec50d ($11.37 in chips)
Seat 3: b7765bf ($4.75 in chips)
Seat 4: 976f4e5d ($5.38 in chips)
Seat 5: 73c50263 ($5.67 in chips)
Seat 6: Hero ($5.15 in chips)
675586bf: posts small blind $0.02
af4ec50d: posts big blind $0.05
*** HOLE CARDS ***
Dealt to 675586bf 
Dealt to af4ec50d 
Dealt to b7765bf 
Dealt to 976f4e5d 
Dealt to 73c50263 
Dealt to Hero [As Jc]
b7765bf: folds
976f4e5d: folds
73c50263: folds
Hero: raises $0.07 to $0.12
675586bf: folds
af4ec50d: folds
Uncalled bet ($0.07) returned to Hero
*** SHOWDOWN ***
Hero collected $0.12 from pot
*** SUMMARY ***
Total pot $0.12 | Rake $0 | Jackpot $0 | Bingo $0 | Fortune $0
Seat 1: 675586bf (small blind) folded before Flop
Seat 2: af4ec50d (big blind) folded before Flop
Seat 3: b7765bf folded before Flop (didn't bet)
Seat 4: 976f4e5d folded before Flop (didn't bet)
Seat 5: 73c50263 folded before Flop (didn't bet)
Seat 6: Hero (button) collected ($0.12)


Poker Hand #HD1152917745: Hold'em No Limit  ($0.02/$0.05) - 2023/03/09 17:18:29
Table 'NLHBlue126' 6-max Seat #5 is the button
Seat 1: 675586bf ($5.07 in chips)
Seat 2: af4ec50d ($11.37 in chips)
Seat 3: b7765bf ($4.75 in chips)
Seat 4: 976f4e5d ($5 in chips)
Seat 5: 73c50263 ($6.01 in chips)
Seat 6: Hero ($5.17 in chips)
Hero: posts small blind $0.02
675586bf: posts big blind $0.05
*** HOLE CARDS ***
Dealt to 675586bf 
Dealt to af4ec50d 
Dealt to b7765bf 
Dealt to 976f4e5d 
Dealt to 73c50263 
Dealt to Hero [Qh 6c]
af4ec50d: folds
b7765bf: folds
976f4e5d: raises $0.1 to $0.15
73c50263: calls $0.15
Hero: folds
675586bf: folds
*** FLOP *** [Qd 3c Jd]
976f4e5d: bets $0.19
73c50263: calls $0.19
*** TURN *** [Qd 3c Jd] [2s]
976f4e5d: bets $0.57
73c50263: folds
Uncalled bet ($0.57) returned to 976f4e5d
*** SHOWDOWN ***
976f4e5d collected $0.72 from pot
*** SUMMARY ***
Total pot $0.75 | Rake $0.03 | Jackpot $0 | Bingo $0 | Fortune $0
Board [Qd 3c Jd 2s]
Seat 1: 675586bf (big blind) folded before Flop
Seat 2: af4ec50d folded before Flop (didn't bet)
Seat 3: b7765bf folded before Flop (didn't bet)
Seat 4: 976f4e5d won ($0.72)
Seat 5: 73c50263 (button) folded on the Turn
Seat 6: Hero (small blind) folded before Flop


Poker Hand #HD1152917697: Hold'em No Limit  ($0.02/$0.05) - 2023/03/09 17:18:15
Table 'NLHBlue126' 6-max Seat #4 is the button
Seat 1: 675586bf ($5.07 in chips)
Seat 2: af4ec50d ($11.37 in chips)
Seat 3: b7765bf ($4.75 in chips)
Seat 4: 976f4e5d ($5 in chips)
Seat 5: 73c50263 ($6.03 in chips)
Seat 6: Hero ($5.15 in chips)
73c50263: posts small blind $0.02
Hero: posts big blind $0.05
*** HOLE CARDS ***
Dealt to 675586bf 
Dealt to af4ec50d 
Dealt to b7765bf 
Dealt to 976f4e5d 
Dealt to 73c50263 
Dealt to Hero [Jd 5c]
675586bf: folds
af4ec50d: folds
b7765bf: folds
976f4e5d: folds
73c50263: folds
Uncalled bet ($0.03) returned to Hero
*** SHOWDOWN ***
Hero collected $0.04 from pot
*** SUMMARY ***
Total pot $0.04 | Rake $0 | Jackpot $0 | Bingo $0 | Fortune $0
Seat 1: 675586bf folded before Flop (didn't bet)
Seat 2: af4ec50d folded before Flop (didn't bet)
Seat 3: b7765bf folded before Flop (didn't bet)
Seat 4: 976f4e5d (button) folded before Flop (didn't bet)
Seat 5: 73c50263 (small blind) folded before Flop
Seat 6: Hero (big blind) collected ($0.04)


Poker Hand #HD1152917518: Hold'em No Limit  ($0.02/$0.05) - 2023/03/09 17:17:19
Table 'NLHBlue126' 6-max Seat #3 is the button
Seat 1: 675586bf ($5.07 in chips)
Seat 2: af4ec50d ($11.37 in chips)
Seat 3: b7765bf ($4.59 in chips)
Seat 4: 976f4e5d ($5 in chips)
Seat 5: 73c50263 ($6.18 in chips)
Seat 6: Hero ($5.15 in chips)
976f4e5d: posts small blind $0.02
73c50263: posts big blind $0.05
*** HOLE CARDS ***
Dealt to 675586bf 
Dealt to af4ec50d 
Dealt to b7765bf 
Dealt to 976f4e5d 
Dealt to 73c50263 
Dealt to Hero [4d Qd]
Hero: folds
675586bf: folds
af4ec50d: folds
b7765bf: raises $0.1 to $0.15
976f4e5d: folds
73c50263: calls $0.1
*** FLOP *** [Ks Jd Jc]
73c50263: checks
b7765bf: checks
*** TURN *** [Ks Jd Jc] [7c]
73c50263: checks
b7765bf: bets $0.2
73c50263: folds
Uncalled bet ($0.2) returned to b7765bf
*** SHOWDOWN ***
b7765bf collected $0.31 from pot
*** SUMMARY ***
Total pot $0.32 | Rake $0.01 | Jackpot $0 | Bingo $0 | Fortune $0
Board [Ks Jd Jc 7c]
Seat 1: 675586bf folded before Flop (didn't bet)
Seat 2: af4ec50d folded before Flop (didn't bet)
Seat 3: b7765bf (button) won ($0.31)
Seat 4: 976f4e5d (small blind) folded before Flop
Seat 5: 73c50263 (big blind) folded on the Turn
Seat 6: Hero folded before Flop (didn't bet)


Poker Hand #HD1152917314: Hold'em No Limit  ($0.02/$0.05) - 2023/03/09 17:16:23
Table 'NLHBlue126' 6-max Seat #2 is the button
Seat 1: 675586bf ($5.07 in chips)
Seat 2: af4ec50d ($11.37 in chips)
Seat 3: b7765bf ($4.34 in chips)
Seat 4: 976f4e5d ($5 in chips)
Seat 5: 73c50263 ($6.18 in chips)
Seat 6: Hero ($5.37 in chips)
b7765bf: posts small blind $0.02
976f4e5d: posts big blind $0.05
*** HOLE CARDS ***
Dealt to 675586bf 
Dealt to af4ec50d 
Dealt to b7765bf 
Dealt to 976f4e5d 
Dealt to 73c50263 
Dealt to Hero [6c Ac]
73c50263: folds
Hero: raises $0.07 to $0.12
675586bf: folds
af4ec50d: folds
b7765bf: calls $0.1
976f4e5d: folds
*** FLOP *** [Ks 5d 2h]
b7765bf: checks
Hero: bets $0.1
b7765bf: calls $0.1
*** TURN *** [Ks 5d 2h] [7c]
b7765bf: checks
Hero: checks
*** RIVER *** [Ks 5d 2h 7c] [Tc]
b7765bf: checks
Hero: checks
b7765bf: shows [3h 3c] (Pair of Treys)
Hero: shows [6c Ac] (Ace-High)
*** SHOWDOWN ***
b7765bf collected $0.47 from pot
*** SUMMARY ***
Total pot $0.49 | Rake $0.02 | Jackpot $0 | Bingo $0 | Fortune $0
Board [Ks 5d 2h 7c Tc]
Seat 1: 675586bf folded before Flop (didn't bet)
Seat 2: af4ec50d (button) folded before Flop (didn't bet)
Seat 3: b7765bf (small blind) showed [3h 3c] and won ($0.47) with Pair of Treys
Seat 4: 976f4e5d (big blind) folded before Flop
Seat 5: 73c50263 folded before Flop (didn't bet)
Seat 6: Hero showed [6c Ac] and lost with Ace-High


Poker Hand #HD1152917273: Hold'em No Limit  ($0.02/$0.05) - 2023/03/09 17:16:08
Table 'NLHBlue126' 6-max Seat #1 is the button
Seat 1: 675586bf ($5 in chips)
Seat 2: af4ec50d ($11.39 in chips)
Seat 3: b7765bf ($4.39 in chips)
Seat 4: 976f4e5d ($5 in chips)
Seat 5: 73c50263 ($6.18 in chips)
Seat 6: Hero ($5.37 in chips)
af4ec50d: posts small blind $0.02
b7765bf: posts big blind $0.05
*** HOLE CARDS ***
Dealt to 675586bf 
Dealt to af4ec50d 
Dealt to b7765bf 
Dealt to 976f4e5d 
Dealt to 73c50263 
Dealt to Hero [4s Qc]
976f4e5d: folds
73c50263: folds
Hero: folds
675586bf: raises $0.1 to $0.15
af4ec50d: folds
b7765bf: folds
Uncalled bet ($0.1) returned to 675586bf
*** SHOWDOWN ***
675586bf collected $0.12 from pot
*** SUMMARY ***
Total pot $0.12 | Rake $0 | Jackpot $0 | Bingo $0 | Fortune $0
Seat 1: 675586bf (button) collected ($0.12)
Seat 2: af4ec50d (small blind) folded before Flop
Seat 3: b7765bf (big blind) folded before Flop
Seat 4: 976f4e5d folded before Flop (didn't bet)
Seat 5: 73c50263 folded before Flop (didn't bet)
Seat 6: Hero folded before Flop (didn't bet)


Poker Hand #HD1152917209: Hold'em No Limit  ($0.02/$0.05) - 2023/03/09 17:15:52
Table 'NLHBlue126' 6-max Seat #6 is the button
Seat 1: 675586bf ($5.02 in chips)
Seat 2: af4ec50d ($11.44 in chips)
Seat 3: b7765bf ($4.39 in chips)
Seat 4: 976f4e5d ($5 in chips)
Seat 5: 73c50263 ($6.18 in chips)
Seat 6: Hero ($5.3 in chips)
675586bf: posts small blind $0.02
af4ec50d: posts big blind $0.05
*** HOLE CARDS ***
Dealt to 675586bf 
Dealt to af4ec50d 
Dealt to b7765bf 
Dealt to 976f4e5d 
Dealt to 73c50263 
Dealt to Hero [Qd Ad]
b7765bf: folds
976f4e5d: folds
73c50263: folds
Hero: raises $0.07 to $0.12
675586bf: folds
af4ec50d: folds
Uncalled bet ($0.07) returned to Hero
*** SHOWDOWN ***
Hero collected $0.12 from pot
*** SUMMARY ***
Total pot $0.12 | Rake $0 | Jackpot $0 | Bingo $0 | Fortune $0
Seat 1: 675586bf (small blind) folded before Flop
Seat 2: af4ec50d (big blind) folded before Flop
Seat 3: b7765bf folded before Flop (didn't bet)
Seat 4: 976f4e5d folded before Flop (didn't bet)
Seat 5: 73c50263 folded before Flop (didn't bet)
Seat 6: Hero (button) collected ($0.12)


Poker Hand #HD1152917148: Hold'em No Limit  ($0.02/$0.05) - 2023/03/09 17:15:30
Table 'NLHBlue126' 6-max Seat #5 is the button
Seat 1: 675586bf ($5 in chips)
Seat 2: af4ec50d ($11.44 in chips)
Seat 3: b7765bf ($4.39 in chips)
Seat 4: 976f4e5d ($5 in chips)
Seat 5: 73c50263 ($6.18 in chips)
Seat 6: Hero ($5.32 in chips)
Hero: posts small blind $0.02
675586bf: posts big blind $0.05
*** HOLE CARDS ***
Dealt to 675586bf 
Dealt to af4ec50d 
Dealt to b7765bf 
Dealt to 976f4e5d 
Dealt to 73c50263 
Dealt to Hero [5d Kh]
af4ec50d: folds
b7765bf: folds
976f4e5d: folds
73c50263: folds
Hero: folds
Uncalled bet ($0.03) returned to 675586bf
*** SHOWDOWN ***
675586bf collected $0.04 from pot
*** SUMMARY ***
Total pot $0.04 | Rake $0 | Jackpot $0 | Bingo $0 | Fortune $0
Seat 1: 675586bf (big blind) collected ($0.04)
Seat 2: af4ec50d folded before Flop (didn't bet)
Seat 3: b7765bf folded before Flop (didn't bet)
Seat 4: 976f4e5d folded before Flop (didn't bet)
Seat 5: 73c50263 (button) folded before Flop (didn't bet)
Seat 6: Hero (small blind) folded before Flop


Poker Hand #HD1152917024: Hold'em No Limit  ($0.02/$0.05) - 2023/03/09 17:14:59
Table 'NLHBlue126' 6-max Seat #4 is the button
Seat 1: 675586bf ($4 in chips)
Seat 2: af4ec50d ($11.44 in chips)
Seat 3: b7765bf ($4.54 in chips)
Seat 4: 976f4e5d ($5 in chips)
Seat 5: 73c50263 ($5.99 in chips)
Seat 6: Hero ($5.37 in chips)
73c50263: posts small blind $0.02
Hero: posts big blind $0.05
*** HOLE CARDS ***
Dealt to 675586bf 
Dealt to af4ec50d 
Dealt to b7765bf 
Dealt to 976f4e5d 
Dealt to 73c50263 
Dealt to Hero [6h Kh]
675586bf: folds
af4ec50d: folds
b7765bf: raises $0.1 to $0.15
976f4e5d: folds
73c50263: raises $0.45 to $0.6
Hero: folds
b7765bf: folds
Uncalled bet ($0.45) returned to 73c50263
*** SHOWDOWN ***
73c50263 collected $0.34 from pot
*** SUMMARY ***
Total pot $0.35 | Rake $0.01 | Jackpot $0 | Bingo $0 | Fortune $0
Seat 1: 675586bf folded before Flop (didn't bet)
Seat 2: af4ec50d folded before Flop (didn't bet)
Seat 3: b7765bf folded before Flop
Seat 4: 976f4e5d (button) folded before Flop (didn't bet)
Seat 5: 73c50263 (small blind) collected ($0.34)
Seat 6: Hero (big blind) folded before Flop


Poker Hand #HD1152916947: Hold'em No Limit  ($0.02/$0.05) - 2023/03/09 17:14:37
Table 'NLHBlue126' 6-max Seat #3 is the button
Seat 1: 675586bf ($4 in chips)
Seat 2: af4ec50d ($11.44 in chips)
Seat 3: b7765bf ($4.47 in chips)
Seat 4: 976f4e5d ($5 in chips)
Seat 5: 73c50263 ($6.04 in chips)
Seat 6: Hero ($5.37 in chips)
976f4e5d: posts small blind $0.02
73c50263: posts big blind $0.05
*** HOLE CARDS ***
Dealt to 675586bf 
Dealt to af4ec50d 
Dealt to b7765bf 
Dealt to 976f4e5d 
Dealt to 73c50263 
Dealt to Hero [3c 7h]
Hero: folds
675586bf: folds
af4ec50d: folds
b7765bf: raises $0.1 to $0.15
976f4e5d: folds
73c50263: folds
Uncalled bet ($0.1) returned to b7765bf
*** SHOWDOWN ***
b7765bf collected $0.12 from pot
*** SUMMARY ***
Total pot $0.12 | Rake $0 | Jackpot $0 | Bingo $0 | Fortune $0
Seat 1: 675586bf folded before Flop (didn't bet)
Seat 2: af4ec50d folded before Flop (didn't bet)
Seat 3: b7765bf (button) collected ($0.12)
Seat 4: 976f4e5d (small blind) folded before Flop
Seat 5: 73c50263 (big blind) folded before Flop
Seat 6: Hero folded before Flop (didn't bet)


Poker Hand #HD1152916838: Hold'em No Limit  ($0.02/$0.05) - 2023/03/09 17:14:04
Table 'NLHBlue126' 6-max Seat #2 is the button
Seat 1: 675586bf ($4 in chips)
Seat 2: af4ec50d ($11.05 in chips)
Seat 3: b7765bf ($4.49 in chips)
Seat 4: 976f4e5d ($5.14 in chips)
Seat 5: 73c50263 ($6.04 in chips)
Seat 6: Hero ($5.37 in chips)
b7765bf: posts small blind $0.02
976f4e5d: posts big blind $0.05
*** HOLE CARDS ***
Dealt to 675586bf 
Dealt to af4ec50d 
Dealt to b7765bf 
Dealt to 976f4e5d 
Dealt to 73c50263 
Dealt to Hero [9s 7s]
73c50263: folds
Hero: folds
675586bf: folds
af4ec50d: raises $0.08 to $0.13
b7765bf: folds
976f4e5d: raises $0.28 to $0.41
af4ec50d: raises $0.63 to $1.04
976f4e5d: folds
Uncalled bet ($0.63) returned to af4ec50d
*** SHOWDOWN ***
af4ec50d collected $0.8 from pot
*** SUMMARY ***
Total pot $0.84 | Rake $0.04 | Jackpot $0 | Bingo $0 | Fortune $0
Seat 1: 675586bf folded before Flop (didn't bet)
Seat 2: af4ec50d (button) collected ($0.8)
Seat 3: b7765bf (small blind) folded before Flop
Seat 4: 976f4e5d (big blind) folded before Flop
Seat 5: 73c50263 folded before Flop (didn't bet)
Seat 6: Hero folded before Flop (didn't bet)


Poker Hand #HD1152916780: Hold'em No Limit  ($0.02/$0.05) - 2023/03/09 17:13:45
Table 'NLHBlue126' 6-max Seat #1 is the button
Seat 1: 675586bf ($4 in chips)
Seat 2: af4ec50d ($11.07 in chips)
Seat 3: b7765bf ($4.54 in chips)
Seat 4: 976f4e5d ($5.14 in chips)
Seat 5: 73c50263 ($5.97 in chips)
Seat 6: Hero ($5.37 in chips)
af4ec50d: posts small blind $0.02
b7765bf: posts big blind $0.05
*** HOLE CARDS ***
Dealt to 675586bf 
Dealt to af4ec50d 
Dealt to b7765bf 
Dealt to 976f4e5d 
Dealt to 73c50263 
Dealt to Hero [Td 7h]
976f4e5d: folds
73c50263: raises $0.08 to $0.13
Hero: folds
675586bf: folds
af4ec50d: folds
b7765bf: folds
Uncalled bet ($0.08) returned to 73c50263
*** SHOWDOWN ***
73c50263 collected $0.12 from pot
*** SUMMARY ***
Total pot $0.12 | Rake $0 | Jackpot $0 | Bingo $0 | Fortune $0
Seat 1: 675586bf (button) folded before Flop (didn't bet)
Seat 2: af4ec50d (small blind) folded before Flop
Seat 3: b7765bf (big blind) folded before Flop
Seat 4: 976f4e5d folded before Flop (didn't bet)
Seat 5: 73c50263 collected ($0.12)
Seat 6: Hero folded before Flop (didn't bet)


Poker Hand #HD1152916732: Hold'em No Limit  ($0.02/$0.05) - 2023/03/09 17:13:32
Table 'NLHBlue126' 6-max Seat #6 is the button
Seat 1: 675586bf ($4.02 in chips)
Seat 2: af4ec50d ($11.12 in chips)
Seat 3: b7765bf ($4.54 in chips)
Seat 4: 976f4e5d ($5.07 in chips)
Seat 5: 73c50263 ($5.97 in chips)
Seat 6: Hero ($5.37 in chips)
675586bf: posts small blind $0.02
af4ec50d: posts big blind $0.05
*** HOLE CARDS ***
Dealt to 675586bf 
Dealt to af4ec50d 
Dealt to b7765bf 
Dealt to 976f4e5d 
Dealt to 73c50263 
Dealt to Hero [Qh 5d]
b7765bf: folds
976f4e5d: raises $0.1 to $0.15
73c50263: folds
Hero: folds
675586bf: folds
af4ec50d: folds
Uncalled bet ($0.1) returned to 976f4e5d
*** SHOWDOWN ***
976f4e5d collected $0.12 from pot
*** SUMMARY ***
Total pot $0.12 | Rake $0 | Jackpot $0 | Bingo $0 | Fortune $0
Seat 1: 675586bf (small blind) folded before Flop
Seat 2: af4ec50d (big blind) folded before Flop
Seat 3: b7765bf folded before Flop (didn't bet)
Seat 4: 976f4e5d collected ($0.12)
Seat 5: 73c50263 folded before Flop (didn't bet)
Seat 6: Hero (button) folded before Flop (didn't bet)


Poker Hand #HD1152916687: Hold'em No Limit  ($0.02/$0.05) - 2023/03/09 17:13:19
Table 'NLHBlue126' 6-max Seat #5 is the button
Seat 1: 675586bf ($4.07 in chips)
Seat 2: af4ec50d ($11.12 in chips)
Seat 3: b7765bf ($4.54 in chips)
Seat 4: 976f4e5d ($5 in chips)
Seat 5: 73c50263 ($5.97 in chips)
Seat 6: Hero ($5.39 in chips)
Hero: posts small blind $0.02
675586bf: posts big blind $0.05
*** HOLE CARDS ***
Dealt to 675586bf 
Dealt to af4ec50d 
Dealt to b7765bf 
Dealt to 976f4e5d 
Dealt to 73c50263 
Dealt to Hero [4c 2d]
af4ec50d: folds
b7765bf: folds
976f4e5d: raises $0.1 to $0.15
73c50263: folds
Hero: folds
675586bf: folds
Uncalled bet ($0.1) returned to 976f4e5d
*** SHOWDOWN ***
976f4e5d collected $0.12 from pot
*** SUMMARY ***
Total pot $0.12 | Rake $0 | Jackpot $0 | Bingo $0 | Fortune $0
Seat 1: 675586bf (big blind) folded before Flop
Seat 2: af4ec50d folded before Flop (didn't bet)
Seat 3: b7765bf folded before Flop (didn't bet)
Seat 4: 976f4e5d collected ($0.12)
Seat 5: 73c50263 (button) folded before Flop (didn't bet)
Seat 6: Hero (small blind) folded before Flop


Poker Hand #HD1152916655: Hold'em No Limit  ($0.02/$0.05) - 2023/03/09 17:13:08
Table 'NLHBlue126' 6-max Seat #4 is the button
Seat 1: 675586bf ($4.07 in chips)
Seat 2: af4ec50d ($11.12 in chips)
Seat 3: b7765bf ($4.54 in chips)
Seat 4: 976f4e5d ($5 in chips)
Seat 5: 73c50263 ($5.99 in chips)
Seat 6: Hero ($5.37 in chips)
73c50263: posts small blind $0.02
Hero: posts big blind $0.05
*** HOLE CARDS ***
Dealt to 675586bf 
Dealt to af4ec50d 
Dealt to b7765bf 
Dealt to 976f4e5d 
Dealt to 73c50263 
Dealt to Hero [Jd Js]
675586bf: folds
af4ec50d: folds
b7765bf: folds
976f4e5d: folds
73c50263: folds
Uncalled bet ($0.03) returned to Hero
*** SHOWDOWN ***
Hero collected $0.04 from pot
*** SUMMARY ***
Total pot $0.04 | Rake $0 | Jackpot $0 | Bingo $0 | Fortune $0
Seat 1: 675586bf folded before Flop (didn't bet)
Seat 2: af4ec50d folded before Flop (didn't bet)
Seat 3: b7765bf folded before Flop (didn't bet)
Seat 4: 976f4e5d (button) folded before Flop (didn't bet)
Seat 5: 73c50263 (small blind) folded before Flop
Seat 6: Hero (big blind) collected ($0.04)


Poker Hand #HD1152916608: Hold'em No Limit  ($0.02/$0.05) - 2023/03/09 17:12:54
Table 'NLHBlue126' 6-max Seat #3 is the button
Seat 1: 675586bf ($4.07 in chips)
Seat 2: af4ec50d ($11.12 in chips)
Seat 3: b7765bf ($4.54 in chips)
Seat 4: 976f4e5d ($5.02 in chips)
Seat 5: 73c50263 ($5.97 in chips)
Seat 6: Hero ($5.37 in chips)
976f4e5d: posts small blind $0.02
73c50263: posts big blind $0.05
*** HOLE CARDS ***
Dealt to 675586bf 
Dealt to af4ec50d 
Dealt to b7765bf 
Dealt to 976f4e5d 
Dealt to 73c50263 
Dealt to Hero [9c 3s]
Hero: folds
675586bf: folds
af4ec50d: folds
b7765bf: folds
976f4e5d: folds
Uncalled bet ($0.03) returned to 73c50263
*** SHOWDOWN ***
73c50263 collected $0.04 from pot
*** SUMMARY ***
Total pot $0.04 | Rake $0 | Jackpot $0 | Bingo $0 | Fortune $0
Seat 1: 675586bf folded before Flop (didn't bet)
Seat 2: af4ec50d folded before Flop (didn't bet)
Seat 3: b7765bf (button) folded before Flop (didn't bet)
Seat 4: 976f4e5d (small blind) folded before Flop
Seat 5: 73c50263 (big blind) collected ($0.04)
Seat 6: Hero folded before Flop (didn't bet)


Poker Hand #HD1152916537: Hold'em No Limit  ($0.02/$0.05) - 2023/03/09 17:12:36
Table 'NLHBlue126' 6-max Seat #2 is the button
Seat 1: 675586bf ($4.07 in chips)
Seat 2: af4ec50d ($11.12 in chips)
Seat 3: b7765bf ($4.49 in chips)
Seat 4: 976f4e5d ($5.03 in chips)
Seat 5: 73c50263 ($5.97 in chips)
Seat 6: Hero ($5.37 in chips)
b7765bf: posts small blind $0.02
976f4e5d: posts big blind $0.05
*** HOLE CARDS ***
Dealt to 675586bf 
Dealt to af4ec50d 
Dealt to b7765bf 
Dealt to 976f4e5d 
Dealt to 73c50263 
Dealt to Hero [3h Ts]
73c50263: folds
Hero: folds
675586bf: folds
af4ec50d: folds
b7765bf: raises $0.1 to $0.15
976f4e5d: folds
Uncalled bet ($0.1) returned to b7765bf
*** SHOWDOWN ***
b7765bf collected $0.1 from pot
*** SUMMARY ***
Total pot $0.1 | Rake $0 | Jackpot $0 | Bingo $0 | Fortune $0
Seat 1: 675586bf folded before Flop (didn't bet)
Seat 2: af4ec50d (button) folded before Flop (didn't bet)
Seat 3: b7765bf (small blind) collected ($0.1)
Seat 4: 976f4e5d (big blind) folded before Flop
Seat 5: 73c50263 folded before Flop (didn't bet)
Seat 6: Hero folded before Flop (didn't bet)


Poker Hand #HD1152916362: Hold'em No Limit  ($0.02/$0.05) - 2023/03/09 17:11:48
Table 'NLHBlue126' 6-max Seat #1 is the button
Seat 1: 675586bf ($4.33 in chips)
Seat 2: af4ec50d ($11.14 in chips)
Seat 3: b7765bf ($4.54 in chips)
Seat 4: 976f4e5d ($5.03 in chips)
Seat 5: 73c50263 ($5.67 in chips)
Seat 6: Hero ($5.37 in chips)
af4ec50d: posts small blind $0.02
b7765bf: posts big blind $0.05
*** HOLE CARDS ***
Dealt to 675586bf 
Dealt to af4ec50d 
Dealt to b7765bf 
Dealt to 976f4e5d 
Dealt to 73c50263 
Dealt to Hero [7d 4d]
976f4e5d: folds
73c50263: raises $0.08 to $0.13
Hero: folds
675586bf: calls $0.13
af4ec50d: folds
b7765bf: folds
*** FLOP *** [As 8d Qh]
73c50263: checks
675586bf: bets $0.13
73c50263: calls $0.13
*** TURN *** [As 8d Qh] [Tc]
73c50263: checks
675586bf: checks
*** RIVER *** [As 8d Qh Tc] [9d]
73c50263: checks
675586bf: checks
73c50263: shows [Ks Kc] (Pair of Kings)
675586bf: shows [6s 6c] (Pair of Sixes)
*** SHOWDOWN ***
73c50263 collected $0.56 from pot
*** SUMMARY ***
Total pot $0.59 | Rake $0.03 | Jackpot $0 | Bingo $0 | Fortune $0
Board [As 8d Qh Tc 9d]
Seat 1: 675586bf (button) showed [6s 6c] and lost with Pair of Sixes
Seat 2: af4ec50d (small blind) folded before Flop
Seat 3: b7765bf (big blind) folded before Flop
Seat 4: 976f4e5d folded before Flop (didn't bet)
Seat 5: 73c50263 showed [Ks Kc] and won ($0.56) with Pair of Kings
Seat 6: Hero folded before Flop (didn't bet)


Poker Hand #HD1152916210: Hold'em No Limit  ($0.02/$0.05) - 2023/03/09 17:11:05
Table 'NLHBlue126' 6-max Seat #6 is the button
Seat 1: 675586bf ($5.02 in chips)
Seat 2: af4ec50d ($11.19 in chips)
Seat 3: b7765bf ($4.54 in chips)
Seat 4: 976f4e5d ($5.03 in chips)
Seat 5: 73c50263 ($5 in chips)
Seat 6: Hero ($5.37 in chips)
675586bf: posts small blind $0.02
af4ec50d: posts big blind $0.05
*** HOLE CARDS ***
Dealt to 675586bf 
Dealt to af4ec50d 
Dealt to b7765bf 
Dealt to 976f4e5d 
Dealt to 73c50263 
Dealt to Hero [Js 8d]
b7765bf: folds
976f4e5d: folds
73c50263: raises $0.08 to $0.13
Hero: folds
675586bf: raises $0.25 to $0.38
af4ec50d: folds
73c50263: calls $0.25
*** FLOP *** [As Ks Jc]
675586bf: checks
73c50263: checks
*** TURN *** [As Ks Jc] [9s]
675586bf: bets $0.31
73c50263: calls $0.31
*** RIVER *** [As Ks Jc 9s] [8c]
675586bf: checks
73c50263: checks
675586bf: shows [2h 2s] (Pair of Twos)
73c50263: shows [Jd Ad] (Pair of Aces and Pair of Jacks)
*** SHOWDOWN ***
73c50263 collected $1.36 from pot
*** SUMMARY ***
Total pot $1.43 | Rake $0.07 | Jackpot $0 | Bingo $0 | Fortune $0
Board [As Ks Jc 9s 8c]
Seat 1: 675586bf (small blind) showed [2h 2s] and lost with Pair of Twos
Seat 2: af4ec50d (big blind) folded before Flop
Seat 3: b7765bf folded before Flop (didn't bet)
Seat 4: 976f4e5d folded before Flop (didn't bet)
Seat 5: 73c50263 showed [Jd Ad] and won ($1.36) with Pair of Aces and Pair of Jacks
Seat 6: Hero (button) folded before Flop (didn't bet)


Poker Hand #HD1152916188: Hold'em No Limit  ($0.02/$0.05) - 2023/03/09 17:10:58
Table 'NLHBlue126' 6-max Seat #5 is the button
Seat 1: 675586bf ($5 in chips)
Seat 2: af4ec50d ($11.19 in chips)
Seat 3: b7765bf ($4.54 in chips)
Seat 4: 976f4e5d ($5.03 in chips)
Seat 5: 73c50263 ($5 in chips)
Seat 6: Hero ($5.39 in chips)
Hero: posts small blind $0.02
675586bf: posts big blind $0.05
*** HOLE CARDS ***
Dealt to 675586bf 
Dealt to af4ec50d 
Dealt to b7765bf 
Dealt to 976f4e5d 
Dealt to 73c50263 
Dealt to Hero [Ts 6c]
af4ec50d: folds
b7765bf: folds
976f4e5d: folds
73c50263: folds
Hero: folds
Uncalled bet ($0.03) returned to 675586bf
*** SHOWDOWN ***
675586bf collected $0.04 from pot
*** SUMMARY ***
Total pot $0.04 | Rake $0 | Jackpot $0 | Bingo $0 | Fortune $0
Seat 1: 675586bf (big blind) collected ($0.04)
Seat 2: af4ec50d folded before Flop (didn't bet)
Seat 3: b7765bf folded before Flop (didn't bet)
Seat 4: 976f4e5d folded before Flop (didn't bet)
Seat 5: 73c50263 (button) folded before Flop (didn't bet)
Seat 6: Hero (small blind) folded before Flop


Poker Hand #HD1152916093: Hold'em No Limit  ($0.02/$0.05) - 2023/03/09 17:10:29
Table 'NLHBlue126' 6-max Seat #4 is the button
Seat 2: af4ec50d ($11.34 in chips)
Seat 3: b7765bf ($4.33 in chips)
Seat 4: 976f4e5d ($5.03 in chips)
Seat 5: 73c50263 ($5.02 in chips)
Seat 6: Hero ($5.44 in chips)
73c50263: posts small blind $0.02
Hero: posts big blind $0.05
*** HOLE CARDS ***
Dealt to af4ec50d 
Dealt to b7765bf 
Dealt to 976f4e5d 
Dealt to 73c50263 
Dealt to Hero [3d 7d]
af4ec50d: raises $0.1 to $0.15
b7765bf: raises $0.3 to $0.45
976f4e5d: folds
73c50263: folds
Hero: folds
af4ec50d: folds
Uncalled bet ($0.3) returned to b7765bf
*** SHOWDOWN ***
b7765bf collected $0.36 from pot
*** SUMMARY ***
Total pot $0.37 | Rake $0.01 | Jackpot $0 | Bingo $0 | Fortune $0
Seat 2: af4ec50d folded before Flop
Seat 3: b7765bf collected ($0.36)
Seat 4: 976f4e5d (button) folded before Flop (didn't bet)
Seat 5: 73c50263 (small blind) folded before Flop
Seat 6: Hero (big blind) folded before Flop


Poker Hand #HD1152916050: Hold'em No Limit  ($0.02/$0.05) - 2023/03/09 17:10:18
Table 'NLHBlue126' 6-max Seat #3 is the button
Seat 2: af4ec50d ($11.34 in chips)
Seat 3: b7765bf ($4.33 in chips)
Seat 4: 976f4e5d ($5.05 in chips)
Seat 5: 73c50263 ($5.07 in chips)
Seat 6: Hero ($5.37 in chips)
976f4e5d: posts small blind $0.02
73c50263: posts big blind $0.05
*** HOLE CARDS ***
Dealt to af4ec50d 
Dealt to b7765bf 
Dealt to 976f4e5d 
Dealt to 73c50263 
Dealt to Hero [Kh Jd]
Hero: raises $0.07 to $0.12
af4ec50d: folds
b7765bf: folds
976f4e5d: folds
73c50263: folds
Uncalled bet ($0.07) returned to Hero
*** SHOWDOWN ***
Hero collected $0.12 from pot
*** SUMMARY ***
Total pot $0.12 | Rake $0 | Jackpot $0 | Bingo $0 | Fortune $0
Seat 2: af4ec50d folded before Flop (didn't bet)
Seat 3: b7765bf (button) folded before Flop (didn't bet)
Seat 4: 976f4e5d (small blind) folded before Flop
Seat 5: 73c50263 (big blind) folded before Flop
Seat 6: Hero collected ($0.12)


Poker Hand #HD1152916013: Hold'em No Limit  ($0.02/$0.05) - 2023/03/09 17:10:05
Table 'NLHBlue126' 6-max Seat #2 is the button
Seat 2: af4ec50d ($11.34 in chips)
Seat 3: b7765bf ($4.35 in chips)
Seat 4: 976f4e5d ($5 in chips)
Seat 5: 73c50263 ($5 in chips)
Seat 6: Hero ($5.37 in chips)
b7765bf: posts small blind $0.02
976f4e5d: posts big blind $0.05
*** HOLE CARDS ***
Dealt to af4ec50d 
Dealt to b7765bf 
Dealt to 976f4e5d 
Dealt to 73c50263 
Dealt to Hero [4s 3s]
73c50263: raises $0.08 to $0.13
Hero: folds
af4ec50d: folds
b7765bf: folds
976f4e5d: folds
Uncalled bet ($0.08) returned to 73c50263
*** SHOWDOWN ***
73c50263 collected $0.12 from pot
*** SUMMARY ***
Total pot $0.12 | Rake $0 | Jackpot $0 | Bingo $0 | Fortune $0
Seat 2: af4ec50d (button) folded before Flop (didn't bet)
Seat 3: b7765bf (small blind) folded before Flop
Seat 4: 976f4e5d (big blind) folded before Flop
Seat 5: 73c50263 collected ($0.12)
Seat 6: Hero folded before Flop (didn't bet)


Poker Hand #HD1152915993: Hold'em No Limit  ($0.02/$0.05) - 2023/03/09 17:09:58
Table 'NLHBlue126' 6-max Seat #6 is the button
Seat 2: af4ec50d ($11.36 in chips)
Seat 3: b7765bf ($4.33 in chips)
Seat 4: 976f4e5d ($5 in chips)
Seat 5: 73c50263 ($5 in chips)
Seat 6: Hero ($5.37 in chips)
af4ec50d: posts small blind $0.02
b7765bf: posts big blind $0.05
*** HOLE CARDS ***
Dealt to af4ec50d 
Dealt to b7765bf 
Dealt to 976f4e5d 
Dealt to 73c50263 
Dealt to Hero [7s Kd]
976f4e5d: folds
73c50263: folds
Hero: folds
af4ec50d: folds
Uncalled bet ($0.03) returned to b7765bf
*** SHOWDOWN ***
b7765bf collected $0.04 from pot
*** SUMMARY ***
Total pot $0.04 | Rake $0 | Jackpot $0 | Bingo $0 | Fortune $0
Seat 2: af4ec50d (small blind) folded before Flop
Seat 3: b7765bf (big blind) collected ($0.04)
Seat 4: 976f4e5d folded before Flop (didn't bet)
Seat 5: 73c50263 folded before Flop (didn't bet)
Seat 6: Hero (button) folded before Flop (didn't bet)


Poker Hand #HD1152915831: Hold'em No Limit  ($0.02/$0.05) - 2023/03/09 17:09:09
Table 'NLHBlue126' 6-max Seat #5 is the button
Seat 1: 84188b84 ($6.15 in chips)
Seat 2: af4ec50d ($11.15 in chips)
Seat 3: b7765bf ($4.33 in chips)
Seat 4: 976f4e5d ($5 in chips)
Seat 5: 73c50263 ($5 in chips)
Seat 6: Hero ($5.39 in chips)
Hero: posts small blind $0.02
84188b84: posts big blind $0.05
*** HOLE CARDS ***
Dealt to 84188b84 
Dealt to af4ec50d 
Dealt to b7765bf 
Dealt to 976f4e5d 
Dealt to 73c50263 
Dealt to Hero [3s 3h]
af4ec50d: raises $0.1 to $0.15
b7765bf: folds
976f4e5d: folds
73c50263: calls $0.15
Hero: folds
84188b84: folds
*** FLOP *** [4c 7d Ts]
af4ec50d: checks
73c50263: checks
*** TURN *** [4c 7d Ts] [As]
af4ec50d: bets $0.28
73c50263: folds
Uncalled bet ($0.28) returned to af4ec50d
*** SHOWDOWN ***
af4ec50d collected $0.36 from pot
*** SUMMARY ***
Total pot $0.37 | Rake $0.01 | Jackpot $0 | Bingo $0 | Fortune $0
Board [4c 7d Ts As]
Seat 1: 84188b84 (big blind) folded before Flop
Seat 2: af4ec50d won ($0.36)
Seat 3: b7765bf folded before Flop (didn't bet)
Seat 4: 976f4e5d folded before Flop (didn't bet)
Seat 5: 73c50263 (button) folded on the Turn
Seat 6: Hero (small blind) folded before Flop


Poker Hand #HD1152915773: Hold'em No Limit  ($0.02/$0.05) - 2023/03/09 17:08:49
Table 'NLHBlue126' 6-max Seat #4 is the button
Seat 1: 84188b84 ($6.15 in chips)
Seat 2: af4ec50d ($11.15 in chips)
Seat 3: b7765bf ($4.33 in chips)
Seat 4: 976f4e5d ($5 in chips)
Seat 5: 73c50263 ($5.02 in chips)
Seat 6: Hero ($5.37 in chips)
73c50263: posts small blind $0.02
Hero: posts big blind $0.05
*** HOLE CARDS ***
Dealt to 84188b84 
Dealt to af4ec50d 
Dealt to b7765bf 
Dealt to 976f4e5d 
Dealt to 73c50263 
Dealt to Hero [3c 4d]
84188b84: folds
af4ec50d: folds
b7765bf: folds
976f4e5d: folds
73c50263: folds
Uncalled bet ($0.03) returned to Hero
*** SHOWDOWN ***
Hero collected $0.04 from pot
*** SUMMARY ***
Total pot $0.04 | Rake $0 | Jackpot $0 | Bingo $0 | Fortune $0
Seat 1: 84188b84 folded before Flop (didn't bet)
Seat 2: af4ec50d folded before Flop (didn't bet)
Seat 3: b7765bf folded before Flop (didn't bet)
Seat 4: 976f4e5d (button) folded before Flop (didn't bet)
Seat 5: 73c50263 (small blind) folded before Flop
Seat 6: Hero (big blind) collected ($0.04)


Poker Hand #HD1152915740: Hold'em No Limit  ($0.02/$0.05) - 2023/03/09 17:08:41
Table 'NLHBlue126' 6-max Seat #3 is the button
Seat 1: 84188b84 ($6.15 in chips)
Seat 2: af4ec50d ($11.15 in chips)
Seat 3: b7765bf ($4.33 in chips)
Seat 4: 976f4e5d ($5 in chips)
Seat 5: 73c50263 ($5 in chips)
Seat 6: Hero ($5.37 in chips)
976f4e5d: posts small blind $0.02
73c50263: posts big blind $0.05
*** HOLE CARDS ***
Dealt to 84188b84 
Dealt to af4ec50d 
Dealt to b7765bf 
Dealt to 976f4e5d 
Dealt to 73c50263 
Dealt to Hero [7d Ks]
Hero: folds
84188b84: folds
af4ec50d: folds
b7765bf: folds
976f4e5d: folds
Uncalled bet ($0.03) returned to 73c50263
*** SHOWDOWN ***
73c50263 collected $0.04 from pot
*** SUMMARY ***
Total pot $0.04 | Rake $0 | Jackpot $0 | Bingo $0 | Fortune $0
Seat 1: 84188b84 folded before Flop (didn't bet)
Seat 2: af4ec50d folded before Flop (didn't bet)
Seat 3: b7765bf (button) folded before Flop (didn't bet)
Seat 4: 976f4e5d (small blind) folded before Flop
Seat 5: 73c50263 (big blind) collected ($0.04)
Seat 6: Hero folded before Flop (didn't bet)


Poker Hand #HD1152865627: Hold'em No Limit  ($0.02/$0.05) - 2023/03/09 17:08:09
Table 'NLHBlue126' 6-max Seat #2 is the button
Seat 1: 84188b84 ($5.67 in chips)
Seat 2: af4ec50d ($11.15 in chips)
Seat 3: b7765bf ($4.35 in chips)
Seat 4: 976f4e5d ($5 in chips)
Seat 5: 73c50263 ($5 in chips)
Seat 6: Hero ($5.37 in chips)
b7765bf: posts small blind $0.02
976f4e5d: posts big blind $0.05
*** HOLE CARDS ***
Dealt to 84188b84 
Dealt to af4ec50d 
Dealt to b7765bf 
Dealt to 976f4e5d 
Dealt to 73c50263 
Dealt to Hero [Tc 7h]
73c50263: raises $0.08 to $0.13
Hero: folds
84188b84: raises $0.33 to $0.46
af4ec50d: folds
b7765bf: folds
976f4e5d: folds
73c50263: calls $0.33
*** FLOP *** [3d 2c 2d]
73c50263: checks
84188b84: bets $0.99
73c50263: folds
Uncalled bet ($0.99) returned to 84188b84
*** SHOWDOWN ***
84188b84 collected $0.94 from pot
*** SUMMARY ***
Total pot $0.99 | Rake $0.05 | Jackpot $0 | Bingo $0 | Fortune $0
Board [3d 2c 2d]
Seat 1: 84188b84 won ($0.94)
Seat 2: af4ec50d (button) folded before Flop (didn't bet)
Seat 3: b7765bf (small blind) folded before Flop
Seat 4: 976f4e5d (big blind) folded before Flop
Seat 5: 73c50263 folded on the Flop
Seat 6: Hero folded before Flop (didn't bet)


Poker Hand #HD1152865598: Hold'em No Limit  ($0.02/$0.05) - 2023/03/09 17:07:59
Table 'NLHBlue126' 6-max Seat #1 is the button
Seat 1: 84188b84 ($5.67 in chips)
Seat 2: af4ec50d ($11.17 in chips)
Seat 3: b7765bf ($4.33 in chips)
Seat 4: 976f4e5d ($5 in chips)
Seat 5: 73c50263 ($5 in chips)
Seat 6: Hero ($5.37 in chips)
af4ec50d: posts small blind $0.02
b7765bf: posts big blind $0.05
*** HOLE CARDS ***
Dealt to 84188b84 
Dealt to af4ec50d 
Dealt to b7765bf 
Dealt to 976f4e5d 
Dealt to 73c50263 
Dealt to Hero [6h 3s]
976f4e5d: folds
73c50263: folds
Hero: folds
84188b84: folds
af4ec50d: folds
Uncalled bet ($0.03) returned to b7765bf
*** SHOWDOWN ***
b7765bf collected $0.04 from pot
*** SUMMARY ***
Total pot $0.04 | Rake $0 | Jackpot $0 | Bingo $0 | Fortune $0
Seat 1: 84188b84 (button) folded before Flop (didn't bet)
Seat 2: af4ec50d (small blind) folded before Flop
Seat 3: b7765bf (big blind) collected ($0.04)
Seat 4: 976f4e5d folded before Flop (didn't bet)
Seat 5: 73c50263 folded before Flop (didn't bet)
Seat 6: Hero folded before Flop (didn't bet)


Poker Hand #HD1152865552: Hold'em No Limit  ($0.02/$0.05) - 2023/03/09 17:07:43
Table 'NLHBlue126' 6-max Seat #6 is the button
Seat 1: 84188b84 ($5.62 in chips)
Seat 2: af4ec50d ($11.22 in chips)
Seat 3: b7765bf ($4.33 in chips)
Seat 4: 976f4e5d ($5 in chips)
Seat 5: 73c50263 ($5 in chips)
Seat 6: Hero ($5.37 in chips)
84188b84: posts small blind $0.02
af4ec50d: posts big blind $0.05
*** HOLE CARDS ***
Dealt to 84188b84 
Dealt to af4ec50d 
Dealt to b7765bf 
Dealt to 976f4e5d 
Dealt to 73c50263 
Dealt to Hero [8c 6s]
b7765bf: folds
976f4e5d: folds
73c50263: folds
Hero: folds
84188b84: raises $0.1 to $0.15
af4ec50d: folds
Uncalled bet ($0.1) returned to 84188b84
*** SHOWDOWN ***
84188b84 collected $0.1 from pot
*** SUMMARY ***
Total pot $0.1 | Rake $0 | Jackpot $0 | Bingo $0 | Fortune $0
Seat 1: 84188b84 (small blind) collected ($0.1)
Seat 2: af4ec50d (big blind) folded before Flop
Seat 3: b7765bf folded before Flop (didn't bet)
Seat 4: 976f4e5d folded before Flop (didn't bet)
Seat 5: 73c50263 folded before Flop (didn't bet)
Seat 6: Hero (button) folded before Flop (didn't bet)


Poker Hand #HD1152865496: Hold'em No Limit  ($0.02/$0.05) - 2023/03/09 17:07:29
Table 'NLHBlue126' 6-max Seat #5 is the button
Seat 1: 84188b84 ($5.67 in chips)
Seat 2: af4ec50d ($11.15 in chips)
Seat 3: b7765bf ($4.33 in chips)
Seat 4: 976f4e5d ($5 in chips)
Seat 5: 73c50263 ($5 in chips)
Seat 6: Hero ($5.39 in chips)
Hero: posts small blind $0.02
84188b84: posts big blind $0.05
*** HOLE CARDS ***
Dealt to 84188b84 
Dealt to af4ec50d 
Dealt to b7765bf 
Dealt to 976f4e5d 
Dealt to 73c50263 
Dealt to Hero [Kd 5h]
af4ec50d: raises $0.1 to $0.15
b7765bf: folds
976f4e5d: folds
73c50263: folds
Hero: folds
84188b84: folds
Uncalled bet ($0.1) returned to af4ec50d
*** SHOWDOWN ***
af4ec50d collected $0.12 from pot
*** SUMMARY ***
Total pot $0.12 | Rake $0 | Jackpot $0 | Bingo $0 | Fortune $0
Seat 1: 84188b84 (big blind) folded before Flop
Seat 2: af4ec50d collected ($0.12)
Seat 3: b7765bf folded before Flop (didn't bet)
Seat 4: 976f4e5d folded before Flop (didn't bet)
Seat 5: 73c50263 (button) folded before Flop (didn't bet)
Seat 6: Hero (small blind) folded before Flop


Poker Hand #HD1152865426: Hold'em No Limit  ($0.02/$0.05) - 2023/03/09 17:07:07
Table 'NLHBlue126' 6-max Seat #4 is the button
Seat 1: 84188b84 ($5.67 in chips)
Seat 2: af4ec50d ($11.3 in chips)
Seat 3: b7765bf ($4.33 in chips)
Seat 4: 976f4e5d ($5 in chips)
Seat 5: 73c50263 ($5 in chips)
Seat 6: Hero ($5.23 in chips)
73c50263: posts small blind $0.02
Hero: posts big blind $0.05
*** HOLE CARDS ***
Dealt to 84188b84 
Dealt to af4ec50d 
Dealt to b7765bf 
Dealt to 976f4e5d 
Dealt to 73c50263 
Dealt to Hero [Kd As]
84188b84: folds
af4ec50d: raises $0.1 to $0.15
b7765bf: folds
976f4e5d: folds
73c50263: folds
Hero: raises $0.45 to $0.6
af4ec50d: folds
Uncalled bet ($0.45) returned to Hero
*** SHOWDOWN ***
Hero collected $0.31 from pot
*** SUMMARY ***
Total pot $0.32 | Rake $0.01 | Jackpot $0 | Bingo $0 | Fortune $0
Seat 1: 84188b84 folded before Flop (didn't bet)
Seat 2: af4ec50d folded before Flop
Seat 3: b7765bf folded before Flop (didn't bet)
Seat 4: 976f4e5d (button) folded before Flop (didn't bet)
Seat 5: 73c50263 (small blind) folded before Flop
Seat 6: Hero (big blind) collected ($0.31)


Poker Hand #HD1152865262: Hold'em No Limit  ($0.02/$0.05) - 2023/03/09 17:06:18
Table 'NLHBlue126' 6-max Seat #3 is the button
Seat 1: 84188b84 ($5.67 in chips)
Seat 2: af4ec50d ($11.3 in chips)
Seat 3: b7765bf ($4.07 in chips)
Seat 4: 976f4e5d ($5.02 in chips)
Seat 5: 73c50263 ($5 in chips)
Seat 6: Hero ($5.23 in chips)
976f4e5d: posts small blind $0.02
73c50263: posts big blind $0.05
*** HOLE CARDS ***
Dealt to 84188b84 
Dealt to af4ec50d 
Dealt to b7765bf 
Dealt to 976f4e5d 
Dealt to 73c50263 
Dealt to Hero [6c 2d]
Hero: folds
84188b84: folds
af4ec50d: folds
b7765bf: raises $0.1 to $0.15
976f4e5d: folds
73c50263: calls $0.1
*** FLOP *** [9s 8d 4h]
73c50263: checks
b7765bf: bets $0.11
73c50263: calls $0.11
*** TURN *** [9s 8d 4h] [Qh]
73c50263: checks
b7765bf: bets $0.22
73c50263: folds
Uncalled bet ($0.22) returned to b7765bf
*** SHOWDOWN ***
b7765bf collected $0.52 from pot
*** SUMMARY ***
Total pot $0.54 | Rake $0.02 | Jackpot $0 | Bingo $0 | Fortune $0
Board [9s 8d 4h Qh]
Seat 1: 84188b84 folded before Flop (didn't bet)
Seat 2: af4ec50d folded before Flop (didn't bet)
Seat 3: b7765bf (button) won ($0.52)
Seat 4: 976f4e5d (small blind) folded before Flop
Seat 5: 73c50263 (big blind) folded on the Turn
Seat 6: Hero folded before Flop (didn't bet)


Poker Hand #HD1152865215: Hold'em No Limit  ($0.02/$0.05) - 2023/03/09 17:06:05
Table 'NLHBlue126' 6-max Seat #2 is the button
Seat 1: 84188b84 ($5.67 in chips)
Seat 2: af4ec50d ($11.3 in chips)
Seat 3: b7765bf ($4.09 in chips)
Seat 4: 976f4e5d ($5 in chips)
Seat 5: 73c50263 ($5 in chips)
Seat 6: Hero ($5.23 in chips)
b7765bf: posts small blind $0.02
976f4e5d: posts big blind $0.05
*** HOLE CARDS ***
Dealt to 84188b84 
Dealt to af4ec50d 
Dealt to b7765bf 
Dealt to 976f4e5d 
Dealt to 73c50263 
Dealt to Hero [Js 4c]
73c50263: folds
Hero: folds
84188b84: folds
af4ec50d: folds
b7765bf: folds
Uncalled bet ($0.03) returned to 976f4e5d
*** SHOWDOWN ***
976f4e5d collected $0.04 from pot
*** SUMMARY ***
Total pot $0.04 | Rake $0 | Jackpot $0 | Bingo $0 | Fortune $0
Seat 1: 84188b84 folded before Flop (didn't bet)
Seat 2: af4ec50d (button) folded before Flop (didn't bet)
Seat 3: b7765bf (small blind) folded before Flop
Seat 4: 976f4e5d (big blind) collected ($0.04)
Seat 5: 73c50263 folded before Flop (didn't bet)
Seat 6: Hero folded before Flop (didn't bet)


Poker Hand #HD1152865086: Hold'em No Limit  ($0.02/$0.05) - 2023/03/09 17:05:27
Table 'NLHBlue126' 6-max Seat #1 is the button
Seat 1: 84188b84 ($5.67 in chips)
Seat 2: af4ec50d ($11.42 in chips)
Seat 3: b7765bf ($4.14 in chips)
Seat 4: d3c21aa3 ($5.11 in chips)
Seat 5: 73c50263 ($5 in chips)
Seat 6: Hero ($5.07 in chips)
af4ec50d: posts small blind $0.02
b7765bf: posts big blind $0.05
*** HOLE CARDS ***
Dealt to 84188b84 
Dealt to af4ec50d 
Dealt to b7765bf 
Dealt to d3c21aa3 
Dealt to 73c50263 
Dealt to Hero [Qh Kc]
d3c21aa3: folds
73c50263: folds
Hero: raises $0.07 to $0.12
84188b84: folds
af4ec50d: calls $0.1
b7765bf: folds
*** FLOP *** [Kd Ks Th]
af4ec50d: checks
Hero: bets $0.22
af4ec50d: folds
Uncalled bet ($0.22) returned to Hero
*** SHOWDOWN ***
Hero collected $0.28 from pot
*** SUMMARY ***
Total pot $0.29 | Rake $0.01 | Jackpot $0 | Bingo $0 | Fortune $0
Board [Kd Ks Th]
Seat 1: 84188b84 (button) folded before Flop (didn't bet)
Seat 2: af4ec50d (small blind) folded on the Flop
Seat 3: b7765bf (big blind) folded before Flop
Seat 4: d3c21aa3 folded before Flop (didn't bet)
Seat 5: 73c50263 folded before Flop (didn't bet)
Seat 6: Hero won ($0.28)


Poker Hand #HD1152864903: Hold'em No Limit  ($0.02/$0.05) - 2023/03/09 17:04:29
Table 'NLHBlue126' 6-max Seat #6 is the button
Seat 1: 84188b84 ($5.69 in chips)
Seat 2: af4ec50d ($11.47 in chips)
Seat 3: b7765bf ($4.42 in chips)
Seat 4: d3c21aa3 ($4.79 in chips)
Seat 5: 73c50263 ($5 in chips)
Seat 6: Hero ($5.07 in chips)
84188b84: posts small blind $0.02
af4ec50d: posts big blind $0.05
*** HOLE CARDS ***
Dealt to 84188b84 
Dealt to af4ec50d 
Dealt to b7765bf 
Dealt to d3c21aa3 
Dealt to 73c50263 
Dealt to Hero [Ts Kc]
b7765bf: raises $0.1 to $0.15
d3c21aa3: calls $0.15
73c50263: folds
Hero: folds
84188b84: folds
af4ec50d: folds
*** FLOP *** [Qc 4d 3c]
b7765bf: bets $0.13
d3c21aa3: calls $0.13
*** TURN *** [Qc 4d 3c] [Qh]
b7765bf: checks
d3c21aa3: bets $0.3
b7765bf: folds
Uncalled bet ($0.3) returned to d3c21aa3
*** SHOWDOWN ***
d3c21aa3 collected $0.6 from pot
*** SUMMARY ***
Total pot $0.63 | Rake $0.03 | Jackpot $0 | Bingo $0 | Fortune $0
Board [Qc 4d 3c Qh]
Seat 1: 84188b84 (small blind) folded before Flop
Seat 2: af4ec50d (big blind) folded before Flop
Seat 3: b7765bf folded on the Turn
Seat 4: d3c21aa3 won ($0.6)
Seat 5: 73c50263 folded before Flop (didn't bet)
Seat 6: Hero (button) folded before Flop (didn't bet)


Poker Hand #HD1152864821: Hold'em No Limit  ($0.02/$0.05) - 2023/03/09 17:04:04
Table 'NLHBlue126' 6-max Seat #5 is the button
Seat 1: 84188b84 ($5.55 in chips)
Seat 2: af4ec50d ($11.47 in chips)
Seat 3: b7765bf ($4.42 in chips)
Seat 4: d3c21aa3 ($4.79 in chips)
Seat 5: 73c50263 ($5 in chips)
Seat 6: Hero ($5.09 in chips)
Hero: posts small blind $0.02
84188b84: posts big blind $0.05
*** HOLE CARDS ***
Dealt to 84188b84 
Dealt to af4ec50d 
Dealt to b7765bf 
Dealt to d3c21aa3 
Dealt to 73c50263 
Dealt to Hero [3c 2h]
af4ec50d: folds
b7765bf: folds
d3c21aa3: folds
73c50263: raises $0.08 to $0.13
Hero: folds
84188b84: raises $0.32 to $0.45
73c50263: folds
Uncalled bet ($0.32) returned to 84188b84
*** SHOWDOWN ***
84188b84 collected $0.27 from pot
*** SUMMARY ***
Total pot $0.28 | Rake $0.01 | Jackpot $0 | Bingo $0 | Fortune $0
Seat 1: 84188b84 (big blind) collected ($0.27)
Seat 2: af4ec50d folded before Flop (didn't bet)
Seat 3: b7765bf folded before Flop (didn't bet)
Seat 4: d3c21aa3 folded before Flop (didn't bet)
Seat 5: 73c50263 (button) folded before Flop
Seat 6: Hero (small blind) folded before Flop


Poker Hand #HD1152864732: Hold'em No Limit  ($0.02/$0.05) - 2023/03/09 17:03:37
Table 'NLHBlue126' 6-max Seat #4 is the button
Seat 1: 84188b84 ($5.55 in chips)
Seat 2: af4ec50d ($11.47 in chips)
Seat 3: b7765bf ($4.42 in chips)
Seat 4: d3c21aa3 ($4.72 in chips)
Seat 5: 73c50263 ($5 in chips)
Seat 6: Hero ($5.14 in chips)
73c50263: posts small blind $0.02
Hero: posts big blind $0.05
*** HOLE CARDS ***
Dealt to 84188b84 
Dealt to af4ec50d 
Dealt to b7765bf 
Dealt to d3c21aa3 
Dealt to 73c50263 
Dealt to Hero [5c 6s]
84188b84: folds
af4ec50d: folds
b7765bf: folds
d3c21aa3: raises $0.1 to $0.15
73c50263: folds
Hero: folds
Uncalled bet ($0.1) returned to d3c21aa3
*** SHOWDOWN ***
d3c21aa3 collected $0.12 from pot
*** SUMMARY ***
Total pot $0.12 | Rake $0 | Jackpot $0 | Bingo $0 | Fortune $0
Seat 1: 84188b84 folded before Flop (didn't bet)
Seat 2: af4ec50d folded before Flop (didn't bet)
Seat 3: b7765bf folded before Flop (didn't bet)
Seat 4: d3c21aa3 (button) collected ($0.12)
Seat 5: 73c50263 (small blind) folded before Flop
Seat 6: Hero (big blind) folded before Flop


Poker Hand #HD1152864586: Hold'em No Limit  ($0.02/$0.05) - 2023/03/09 17:02:56
Table 'NLHBlue126' 6-max Seat #3 is the button
Seat 1: 84188b84 ($5.55 in chips)
Seat 2: af4ec50d ($11.29 in chips)
Seat 3: b7765bf ($4.42 in chips)
Seat 4: d3c21aa3 ($4.74 in chips)
Seat 5: 73c50263 ($5 in chips)
Seat 6: Hero ($5.26 in chips)
d3c21aa3: posts small blind $0.02
73c50263: posts big blind $0.05
*** HOLE CARDS ***
Dealt to 84188b84 
Dealt to af4ec50d 
Dealt to b7765bf 
Dealt to d3c21aa3 
Dealt to 73c50263 
Dealt to Hero [8h 8s]
Hero: raises $0.07 to $0.12
84188b84: folds
af4ec50d: raises $0.34 to $0.46
b7765bf: folds
d3c21aa3: folds
73c50263: folds
Hero: folds
Uncalled bet ($0.34) returned to af4ec50d
*** SHOWDOWN ***
af4ec50d collected $0.3 from pot
*** SUMMARY ***
Total pot $0.31 | Rake $0.01 | Jackpot $0 | Bingo $0 | Fortune $0
Seat 1: 84188b84 folded before Flop (didn't bet)
Seat 2: af4ec50d collected ($0.3)
Seat 3: b7765bf (button) folded before Flop (didn't bet)
Seat 4: d3c21aa3 (small blind) folded before Flop
Seat 5: 73c50263 (big blind) folded before Flop
Seat 6: Hero folded before Flop


Poker Hand #HD1152864377: Hold'em No Limit  ($0.02/$0.05) - 2023/03/09 17:01:58
Table 'NLHBlue126' 6-max Seat #2 is the button
Seat 1: 84188b84 ($5.55 in chips)
Seat 2: af4ec50d ($11.29 in chips)
Seat 3: b7765bf ($4.67 in chips)
Seat 4: d3c21aa3 ($4.51 in chips)
Seat 6: Hero ($5.26 in chips)
b7765bf: posts small blind $0.02
d3c21aa3: posts big blind $0.05
*** HOLE CARDS ***
Dealt to 84188b84 
Dealt to af4ec50d 
Dealt to b7765bf 
Dealt to d3c21aa3 
Dealt to Hero [4c Tc]
Hero: folds
84188b84: folds
af4ec50d: folds
b7765bf: raises $0.1 to $0.15
d3c21aa3: calls $0.1
*** FLOP *** [Ks 7s 6h]
b7765bf: bets $0.1
d3c21aa3: raises $0.25 to $0.35
b7765bf: folds
Uncalled bet ($0.25) returned to d3c21aa3
*** SHOWDOWN ***
d3c21aa3 collected $0.48 from pot
*** SUMMARY ***
Total pot $0.5 | Rake $0.02 | Jackpot $0 | Bingo $0 | Fortune $0
Board [Ks 7s 6h]
Seat 1: 84188b84 folded before Flop (didn't bet)
Seat 2: af4ec50d (button) folded before Flop (didn't bet)
Seat 3: b7765bf (small blind) folded on the Flop
Seat 4: d3c21aa3 (big blind) won ($0.48)
Seat 6: Hero folded before Flop (didn't bet)


Poker Hand #HD1152864336: Hold'em No Limit  ($0.02/$0.05) - 2023/03/09 17:01:47
Table 'NLHBlue126' 6-max Seat #1 is the button
Seat 1: 84188b84 ($5.55 in chips)
Seat 2: af4ec50d ($11.31 in chips)
Seat 3: b7765bf ($4.72 in chips)
Seat 4: d3c21aa3 ($4.51 in chips)
Seat 6: Hero ($5.19 in chips)
af4ec50d: posts small blind $0.02
b7765bf: posts big blind $0.05
*** HOLE CARDS ***
Dealt to 84188b84 
Dealt to af4ec50d 
Dealt to b7765bf 
Dealt to d3c21aa3 
Dealt to Hero [2d Ad]
d3c21aa3: folds
Hero: raises $0.07 to $0.12
84188b84: folds
af4ec50d: folds
b7765bf: folds
Uncalled bet ($0.07) returned to Hero
*** SHOWDOWN ***
Hero collected $0.12 from pot
*** SUMMARY ***
Total pot $0.12 | Rake $0 | Jackpot $0 | Bingo $0 | Fortune $0
Seat 1: 84188b84 (button) folded before Flop (didn't bet)
Seat 2: af4ec50d (small blind) folded before Flop
Seat 3: b7765bf (big blind) folded before Flop
Seat 4: d3c21aa3 folded before Flop (didn't bet)
Seat 6: Hero collected ($0.12)


Poker Hand #HD1152864315: Hold'em No Limit  ($0.02/$0.05) - 2023/03/09 17:01:38
Table 'NLHBlue126' 6-max Seat #6 is the button
Seat 1: 84188b84 ($5.5 in chips)
Seat 2: af4ec50d ($11.36 in chips)
Seat 3: b7765bf ($4.72 in chips)
Seat 4: d3c21aa3 ($4.51 in chips)
Seat 6: Hero ($5.19 in chips)
84188b84: posts small blind $0.02
af4ec50d: posts big blind $0.05
*** HOLE CARDS ***
Dealt to 84188b84 
Dealt to af4ec50d 
Dealt to b7765bf 
Dealt to d3c21aa3 
Dealt to Hero [6d 7c]
b7765bf: folds
d3c21aa3: folds
Hero: folds
84188b84: raises $0.1 to $0.15
af4ec50d: folds
Uncalled bet ($0.1) returned to 84188b84
*** SHOWDOWN ***
84188b84 collected $0.1 from pot
*** SUMMARY ***
Total pot $0.1 | Rake $0 | Jackpot $0 | Bingo $0 | Fortune $0
Seat 1: 84188b84 (small blind) collected ($0.1)
Seat 2: af4ec50d (big blind) folded before Flop
Seat 3: b7765bf folded before Flop (didn't bet)
Seat 4: d3c21aa3 folded before Flop (didn't bet)
Seat 6: Hero (button) folded before Flop (didn't bet)


Poker Hand #HD1152864244: Hold'em No Limit  ($0.02/$0.05) - 2023/03/09 17:01:17
Table 'NLHBlue126' 6-max Seat #4 is the button
Seat 1: 84188b84 ($5.55 in chips)
Seat 2: af4ec50d ($11.36 in chips)
Seat 3: b7765bf ($4.72 in chips)
Seat 4: d3c21aa3 ($4.66 in chips)
Seat 6: Hero ($5 in chips)
Hero: posts small blind $0.02
84188b84: posts big blind $0.05
*** HOLE CARDS ***
Dealt to 84188b84 
Dealt to af4ec50d 
Dealt to b7765bf 
Dealt to d3c21aa3 
Dealt to Hero [Qh Ac]
af4ec50d: folds
b7765bf: folds
d3c21aa3: raises $0.1 to $0.15
Hero: raises $0.53 to $0.68
84188b84: folds
d3c21aa3: folds
Uncalled bet ($0.53) returned to Hero
*** SHOWDOWN ***
Hero collected $0.34 from pot
*** SUMMARY ***
Total pot $0.35 | Rake $0.01 | Jackpot $0 | Bingo $0 | Fortune $0
Seat 1: 84188b84 (big blind) folded before Flop
Seat 2: af4ec50d folded before Flop (didn't bet)
Seat 3: b7765bf folded before Flop (didn't bet)
Seat 4: d3c21aa3 (button) folded before Flop
Seat 6: Hero (small blind) collected ($0.34)


Poker Hand #HD1152864074: Hold'em No Limit  ($0.02/$0.05) - 2023/03/09 17:00:26
Table 'NLHBlue126' 6-max Seat #3 is the button
Seat 1: 84188b84 ($5.55 in chips)
Seat 2: af4ec50d ($11.71 in chips)
Seat 3: b7765bf ($4.72 in chips)
Seat 4: d3c21aa3 ($4.29 in chips)
Seat 6: Hero ($5 in chips)
d3c21aa3: posts small blind $0.02
Hero: posts big blind $0.05
*** HOLE CARDS ***
Dealt to 84188b84 
Dealt to af4ec50d 
Dealt to b7765bf 
Dealt to d3c21aa3 
Dealt to Hero [5d 2c]
84188b84: folds
af4ec50d: raises $0.1 to $0.15
b7765bf: folds
d3c21aa3: calls $0.13
Hero: folds
*** FLOP *** [Kh Ts 9d]
d3c21aa3: checks
af4ec50d: checks
*** TURN *** [Kh Ts 9d] [2d]
d3c21aa3: bets $0.2
af4ec50d: calls $0.2
*** RIVER *** [Kh Ts 9d 2d] [3s]
d3c21aa3: bets $0.3
af4ec50d: folds
Uncalled bet ($0.3) returned to d3c21aa3
*** SHOWDOWN ***
d3c21aa3 collected $0.72 from pot
*** SUMMARY ***
Total pot $0.75 | Rake $0.03 | Jackpot $0 | Bingo $0 | Fortune $0
Board [Kh Ts 9d 2d 3s]
Seat 1: 84188b84 folded before Flop (didn't bet)
Seat 2: af4ec50d folded on the River
Seat 3: b7765bf (button) folded before Flop (didn't bet)
Seat 4: d3c21aa3 (small blind) won ($0.72)
Seat 6: Hero (big blind) folded before Flop


