Poker Hand #HD1600950329: Hold'em No Limit ($0.02/$0.05) - 2024/01/22 17:46:26
Table 'NLHBlue15' 6-max Seat #4 is the button
Seat 1: Hero ($5.21 in chips)
Seat 2: 700c3193 ($3.98 in chips)
Seat 3: 2e664e6d ($6.56 in chips)
Seat 4: f3bd97d ($5 in chips)
Seat 5: c82f58b1 ($4.67 in chips)
Seat 6: f296f260 ($11.6 in chips)
c82f58b1: posts small blind $0.02
f296f260: posts big blind $0.05
*** HOLE CARDS ***
Dealt to Hero [7d 3s]
Dealt to 700c3193 
Dealt to 2e664e6d 
Dealt to f3bd97d 
Dealt to c82f58b1 
Dealt to f296f260 
Hero: folds
700c3193: folds
2e664e6d: raises $0.1 to $0.15
f3bd97d: folds
c82f58b1: folds
f296f260: folds
Uncalled bet ($0.1) returned to 2e664e6d
*** SHOWDOWN ***
2e664e6d collected $0.12 from pot
*** SUMMARY ***
Total pot $0.12 | Rake $0 | Jackpot $0 | Bingo $0 | Fortune $0 | Tax $0
Seat 1: Hero folded before Flop (didn't bet)
Seat 2: 700c3193 folded before Flop (didn't bet)
Seat 3: 2e664e6d collected ($0.12)
Seat 4: f3bd97d (button) folded before Flop (didn't bet)
Seat 5: c82f58b1 (small blind) folded before Flop
Seat 6: f296f260 (big blind) folded before Flop


Poker Hand #HD1600950294: Hold'em No Limit ($0.02/$0.05) - 2024/01/22 17:46:08
Table 'NLHBlue15' 6-max Seat #3 is the button
Seat 1: Hero ($5.21 in chips)
Seat 2: 700c3193 ($3.91 in chips)
Seat 3: 2e664e6d ($6.56 in chips)
Seat 4: f3bd97d ($5 in chips)
Seat 5: c82f58b1 ($4.72 in chips)
Seat 6: f296f260 ($11.6 in chips)
f3bd97d: posts small blind $0.02
c82f58b1: posts big blind $0.05
*** HOLE CARDS ***
Dealt to Hero [7h 3d]
Dealt to 700c3193 
Dealt to 2e664e6d 
Dealt to f3bd97d 
Dealt to c82f58b1 
Dealt to f296f260 
f296f260: folds
Hero: folds
700c3193: raises $0.1 to $0.15
2e664e6d: folds
f3bd97d: folds
c82f58b1: folds
Uncalled bet ($0.1) returned to 700c3193
*** SHOWDOWN ***
700c3193 collected $0.12 from pot
*** SUMMARY ***
Total pot $0.12 | Rake $0 | Jackpot $0 | Bingo $0 | Fortune $0 | Tax $0
Seat 1: Hero folded before Flop (didn't bet)
Seat 2: 700c3193 collected ($0.12)
Seat 3: 2e664e6d (button) folded before Flop (didn't bet)
Seat 4: f3bd97d (small blind) folded before Flop
Seat 5: c82f58b1 (big blind) folded before Flop
Seat 6: f296f260 folded before Flop (didn't bet)


Poker Hand #HD1600950171: Hold'em No Limit ($0.02/$0.05) - 2024/01/22 17:45:15
Table 'NLHBlue15' 6-max Seat #2 is the button
Seat 1: Hero ($6.9 in chips)
Seat 2: 700c3193 ($3.91 in chips)
Seat 3: 2e664e6d ($6.58 in chips)
Seat 4: f3bd97d ($5 in chips)
Seat 5: c82f58b1 ($4.72 in chips)
Seat 6: f296f260 ($10.06 in chips)
2e664e6d: posts small blind $0.02
f3bd97d: posts big blind $0.05
*** HOLE CARDS ***
Dealt to Hero [Ac As]
Dealt to 700c3193 
Dealt to 2e664e6d 
Dealt to f3bd97d 
Dealt to c82f58b1 
Dealt to f296f260 
c82f58b1: folds
f296f260: raises $0.05 to $0.1
Hero: raises $0.22 to $0.32
700c3193: folds
2e664e6d: folds
f3bd97d: folds
f296f260: calls $0.22
*** FLOP *** [8s 7c 5d]
f296f260: checks
Hero: bets $0.24
f296f260: raises $0.44 to $0.68
Hero: calls $0.44
*** TURN *** [8s 7c 5d] [6h]
f296f260: bets $0.69
Hero: calls $0.69
*** RIVER *** [8s 7c 5d 6h] [Js]
f296f260: bets $1.34
Hero: folds
Uncalled bet ($1.34) returned to f296f260
*** SHOWDOWN ***
f296f260 collected $3.23 from pot
*** SUMMARY ***
Total pot $3.45 | Rake $0.17 | Jackpot $0.05 | Bingo $0 | Fortune $0 | Tax $0
Board [8s 7c 5d 6h Js]
Seat 1: Hero folded on the River
Seat 2: 700c3193 (button) folded before Flop (didn't bet)
Seat 3: 2e664e6d (small blind) folded before Flop
Seat 4: f3bd97d (big blind) folded before Flop
Seat 5: c82f58b1 folded before Flop (didn't bet)
Seat 6: f296f260 won ($3.23)


Poker Hand #HD1600950093: Hold'em No Limit ($0.02/$0.05) - 2024/01/22 17:44:36
Table 'NLHBlue15' 6-max Seat #1 is the button
Seat 1: Hero ($6.74 in chips)
Seat 2: 700c3193 ($4.03 in chips)
Seat 3: 2e664e6d ($6.63 in chips)
Seat 4: f3bd97d ($5 in chips)
Seat 5: c82f58b1 ($4.72 in chips)
Seat 6: f296f260 ($10.06 in chips)
700c3193: posts small blind $0.02
2e664e6d: posts big blind $0.05
*** HOLE CARDS ***
Dealt to Hero [7h 7s]
Dealt to 700c3193 
Dealt to 2e664e6d 
Dealt to f3bd97d 
Dealt to c82f58b1 
Dealt to f296f260 
f3bd97d: folds
c82f58b1: folds
f296f260: folds
Hero: raises $0.07 to $0.12
700c3193: calls $0.1
2e664e6d: folds
*** FLOP *** [4d Qc As]
700c3193: checks
Hero: bets $0.16
700c3193: folds
Uncalled bet ($0.16) returned to Hero
*** SHOWDOWN ***
Hero collected $0.28 from pot
*** SUMMARY ***
Total pot $0.29 | Rake $0.01 | Jackpot $0 | Bingo $0 | Fortune $0 | Tax $0
Board [4d Qc As]
Seat 1: Hero (button) won ($0.28)
Seat 2: 700c3193 (small blind) folded on the Flop
Seat 3: 2e664e6d (big blind) folded before Flop
Seat 4: f3bd97d folded before Flop (didn't bet)
Seat 5: c82f58b1 folded before Flop (didn't bet)
Seat 6: f296f260 folded before Flop (didn't bet)


Poker Hand #HD1600950056: Hold'em No Limit ($0.02/$0.05) - 2024/01/22 17:44:16
Table 'NLHBlue15' 6-max Seat #6 is the button
Seat 1: Hero ($6.76 in chips)
Seat 2: 700c3193 ($4.01 in chips)
Seat 3: 2e664e6d ($6.63 in chips)
Seat 4: f3bd97d ($5 in chips)
Seat 5: c82f58b1 ($4.72 in chips)
Seat 6: f296f260 ($10.06 in chips)
Hero: posts small blind $0.02
700c3193: posts big blind $0.05
*** HOLE CARDS ***
Dealt to Hero [Qd 6c]
Dealt to 700c3193 
Dealt to 2e664e6d 
Dealt to f3bd97d 
Dealt to c82f58b1 
Dealt to f296f260 
2e664e6d: folds
f3bd97d: folds
c82f58b1: folds
f296f260: folds
Hero: folds
Uncalled bet ($0.03) returned to 700c3193
*** SHOWDOWN ***
700c3193 collected $0.04 from pot
*** SUMMARY ***
Total pot $0.04 | Rake $0 | Jackpot $0 | Bingo $0 | Fortune $0 | Tax $0
Seat 1: Hero (small blind) folded before Flop
Seat 2: 700c3193 (big blind) collected ($0.04)
Seat 3: 2e664e6d folded before Flop (didn't bet)
Seat 4: f3bd97d folded before Flop (didn't bet)
Seat 5: c82f58b1 folded before Flop (didn't bet)
Seat 6: f296f260 (button) folded before Flop (didn't bet)


Poker Hand #HD1600950023: Hold'em No Limit ($0.02/$0.05) - 2024/01/22 17:44:00
Table 'NLHBlue15' 6-max Seat #5 is the button
Seat 1: Hero ($6.74 in chips)
Seat 2: 700c3193 ($4.01 in chips)
Seat 3: 2e664e6d ($6.63 in chips)
Seat 4: f3bd97d ($5 in chips)
Seat 5: c82f58b1 ($4.72 in chips)
Seat 6: f296f260 ($10.08 in chips)
f296f260: posts small blind $0.02
Hero: posts big blind $0.05
*** HOLE CARDS ***
Dealt to Hero [Kd 9s]
Dealt to 700c3193 
Dealt to 2e664e6d 
Dealt to f3bd97d 
Dealt to c82f58b1 
Dealt to f296f260 
700c3193: folds
2e664e6d: folds
f3bd97d: folds
c82f58b1: folds
f296f260: folds
Uncalled bet ($0.03) returned to Hero
*** SHOWDOWN ***
Hero collected $0.04 from pot
*** SUMMARY ***
Total pot $0.04 | Rake $0 | Jackpot $0 | Bingo $0 | Fortune $0 | Tax $0
Seat 1: Hero (big blind) collected ($0.04)
Seat 2: 700c3193 folded before Flop (didn't bet)
Seat 3: 2e664e6d folded before Flop (didn't bet)
Seat 4: f3bd97d folded before Flop (didn't bet)
Seat 5: c82f58b1 (button) folded before Flop (didn't bet)
Seat 6: f296f260 (small blind) folded before Flop


Poker Hand #HD1600949879: Hold'em No Limit ($0.02/$0.05) - 2024/01/22 17:42:51
Table 'NLHBlue15' 6-max Seat #4 is the button
Seat 1: Hero ($6.74 in chips)
Seat 2: 700c3193 ($4.01 in chips)
Seat 3: 2e664e6d ($5.02 in chips)
Seat 4: f3bd97d ($5.05 in chips)
Seat 5: c82f58b1 ($4.74 in chips)
Seat 6: f296f260 ($11.69 in chips)
c82f58b1: posts small blind $0.02
f296f260: posts big blind $0.05
*** HOLE CARDS ***
Dealt to Hero [4s 5c]
Dealt to 700c3193 
Dealt to 2e664e6d 
Dealt to f3bd97d 
Dealt to c82f58b1 
Dealt to f296f260 
Hero: folds
700c3193: folds
2e664e6d: calls $0.05
f3bd97d: raises $0.15 to $0.2
c82f58b1: folds
f296f260: raises $0.71 to $0.91
2e664e6d: calls $0.86
f3bd97d: folds
*** FLOP *** [Ts 8s 5d]
f296f260: bets $0.7
2e664e6d: raises $1.72 to $2.42
f296f260: folds
Uncalled bet ($1.72) returned to 2e664e6d
*** SHOWDOWN ***
2e664e6d collected $3.22 from pot
*** SUMMARY ***
Total pot $3.44 | Rake $0.17 | Jackpot $0.05 | Bingo $0 | Fortune $0 | Tax $0
Board [Ts 8s 5d]
Seat 1: Hero folded before Flop (didn't bet)
Seat 2: 700c3193 folded before Flop (didn't bet)
Seat 3: 2e664e6d won ($3.22)
Seat 4: f3bd97d (button) folded before Flop
Seat 5: c82f58b1 (small blind) folded before Flop
Seat 6: f296f260 (big blind) folded on the Flop


Poker Hand #HD1600949852: Hold'em No Limit ($0.02/$0.05) - 2024/01/22 17:42:38
Table 'NLHBlue15' 6-max Seat #3 is the button
Seat 1: Hero ($6.74 in chips)
Seat 2: 700c3193 ($4.01 in chips)
Seat 3: 2e664e6d ($5.02 in chips)
Seat 4: f3bd97d ($5 in chips)
Seat 5: c82f58b1 ($4.79 in chips)
Seat 6: f296f260 ($11.69 in chips)
f3bd97d: posts small blind $0.02
c82f58b1: posts big blind $0.05
*** HOLE CARDS ***
Dealt to Hero [3h 9h]
Dealt to 700c3193 
Dealt to 2e664e6d 
Dealt to f3bd97d 
Dealt to c82f58b1 
Dealt to f296f260 
f296f260: folds
Hero: folds
700c3193: folds
2e664e6d: folds
f3bd97d: raises $0.07 to $0.12
c82f58b1: folds
Uncalled bet ($0.07) returned to f3bd97d
*** SHOWDOWN ***
f3bd97d collected $0.1 from pot
*** SUMMARY ***
Total pot $0.1 | Rake $0 | Jackpot $0 | Bingo $0 | Fortune $0 | Tax $0
Seat 1: Hero folded before Flop (didn't bet)
Seat 2: 700c3193 folded before Flop (didn't bet)
Seat 3: 2e664e6d (button) folded before Flop (didn't bet)
Seat 4: f3bd97d (small blind) collected ($0.1)
Seat 5: c82f58b1 (big blind) folded before Flop
Seat 6: f296f260 folded before Flop (didn't bet)


Poker Hand #HD1600949764: Hold'em No Limit ($0.02/$0.05) - 2024/01/22 17:42:01
Table 'NLHBlue15' 6-max Seat #2 is the button
Seat 1: Hero ($6.74 in chips)
Seat 2: 700c3193 ($3.9 in chips)
Seat 3: 2e664e6d ($5.04 in chips)
Seat 4: f3bd97d ($5 in chips)
Seat 5: c82f58b1 ($4.79 in chips)
Seat 6: f296f260 ($11.69 in chips)
2e664e6d: posts small blind $0.02
f3bd97d: posts big blind $0.05
*** HOLE CARDS ***
Dealt to Hero [6d 2c]
Dealt to 700c3193 
Dealt to 2e664e6d 
Dealt to f3bd97d 
Dealt to c82f58b1 
Dealt to f296f260 
c82f58b1: folds
f296f260: folds
Hero: folds
700c3193: raises $0.05 to $0.1
2e664e6d: folds
f3bd97d: calls $0.05
*** FLOP *** [Js Ac Kc]
f3bd97d: checks
700c3193: bets $0.08
f3bd97d: folds
Uncalled bet ($0.08) returned to 700c3193
*** SHOWDOWN ***
700c3193 collected $0.21 from pot
*** SUMMARY ***
Total pot $0.22 | Rake $0.01 | Jackpot $0 | Bingo $0 | Fortune $0 | Tax $0
Board [Js Ac Kc]
Seat 1: Hero folded before Flop (didn't bet)
Seat 2: 700c3193 (button) won ($0.21)
Seat 3: 2e664e6d (small blind) folded before Flop
Seat 4: f3bd97d (big blind) folded on the Flop
Seat 5: c82f58b1 folded before Flop (didn't bet)
Seat 6: f296f260 folded before Flop (didn't bet)


Poker Hand #HD1600949742: Hold'em No Limit ($0.02/$0.05) - 2024/01/22 17:41:44
Table 'NLHBlue15' 6-max Seat #1 is the button
Seat 1: Hero ($6.74 in chips)
Seat 2: 700c3193 ($3.92 in chips)
Seat 3: 2e664e6d ($5.02 in chips)
Seat 5: c82f58b1 ($4.79 in chips)
Seat 6: f296f260 ($11.69 in chips)
700c3193: posts small blind $0.02
2e664e6d: posts big blind $0.05
*** HOLE CARDS ***
Dealt to Hero [Qh 9s]
Dealt to 700c3193 
Dealt to 2e664e6d 
Dealt to c82f58b1 
Dealt to f296f260 
c82f58b1: folds
f296f260: folds
Hero: folds
700c3193: folds
Uncalled bet ($0.03) returned to 2e664e6d
*** SHOWDOWN ***
2e664e6d collected $0.04 from pot
*** SUMMARY ***
Total pot $0.04 | Rake $0 | Jackpot $0 | Bingo $0 | Fortune $0 | Tax $0
Seat 1: Hero (button) folded before Flop (didn't bet)
Seat 2: 700c3193 (small blind) folded before Flop
Seat 3: 2e664e6d (big blind) collected ($0.04)
Seat 5: c82f58b1 folded before Flop (didn't bet)
Seat 6: f296f260 folded before Flop (didn't bet)


Poker Hand #HD1600949712: Hold'em No Limit ($0.02/$0.05) - 2024/01/22 17:41:27
Table 'NLHBlue15' 6-max Seat #6 is the button
Seat 1: Hero ($6.76 in chips)
Seat 2: 700c3193 ($3.97 in chips)
Seat 3: 2e664e6d ($4.95 in chips)
Seat 5: c82f58b1 ($4.79 in chips)
Seat 6: f296f260 ($11.69 in chips)
Hero: posts small blind $0.02
700c3193: posts big blind $0.05
*** HOLE CARDS ***
Dealt to Hero [7d Ah]
Dealt to 700c3193 
Dealt to 2e664e6d 
Dealt to c82f58b1 
Dealt to f296f260 
2e664e6d: raises $0.05 to $0.1
c82f58b1: folds
f296f260: folds
Hero: folds
700c3193: folds
Uncalled bet ($0.05) returned to 2e664e6d
*** SHOWDOWN ***
2e664e6d collected $0.12 from pot
*** SUMMARY ***
Total pot $0.12 | Rake $0 | Jackpot $0 | Bingo $0 | Fortune $0 | Tax $0
Seat 1: Hero (small blind) folded before Flop
Seat 2: 700c3193 (big blind) folded before Flop
Seat 3: 2e664e6d collected ($0.12)
Seat 5: c82f58b1 folded before Flop (didn't bet)
Seat 6: f296f260 (button) folded before Flop (didn't bet)


Poker Hand #HD1600949666: Hold'em No Limit ($0.02/$0.05) - 2024/01/22 17:41:06
Table 'NLHBlue15' 6-max Seat #5 is the button
Seat 1: Hero ($6.81 in chips)
Seat 2: 700c3193 ($3.97 in chips)
Seat 3: 2e664e6d ($5 in chips)
Seat 5: c82f58b1 ($4.79 in chips)
Seat 6: f296f260 ($11.59 in chips)
f296f260: posts small blind $0.02
Hero: posts big blind $0.05
2e664e6d: posts big blind $0.05
*** HOLE CARDS ***
Dealt to Hero [6d 9h]
Dealt to 700c3193 
Dealt to 2e664e6d 
Dealt to c82f58b1 
Dealt to f296f260 
700c3193: folds
2e664e6d: checks
c82f58b1: folds
f296f260: raises $0.25 to $0.3
Hero: folds
2e664e6d: folds
Uncalled bet ($0.25) returned to f296f260
*** SHOWDOWN ***
f296f260 collected $0.15 from pot
*** SUMMARY ***
Total pot $0.15 | Rake $0 | Jackpot $0 | Bingo $0 | Fortune $0 | Tax $0
Seat 1: Hero (big blind) folded before Flop
Seat 2: 700c3193 folded before Flop (didn't bet)
Seat 3: 2e664e6d folded before Flop
Seat 5: c82f58b1 (button) folded before Flop (didn't bet)
Seat 6: f296f260 (small blind) collected ($0.15)


Poker Hand #HD1600949620: Hold'em No Limit ($0.02/$0.05) - 2024/01/22 17:40:44
Table 'NLHBlue15' 6-max Seat #2 is the button
Seat 1: Hero ($6.81 in chips)
Seat 2: 700c3193 ($3.97 in chips)
Seat 5: c82f58b1 ($4.74 in chips)
Seat 6: f296f260 ($11.64 in chips)
c82f58b1: posts small blind $0.02
f296f260: posts big blind $0.05
*** HOLE CARDS ***
Dealt to Hero [2h 7c]
Dealt to 700c3193 
Dealt to c82f58b1 
Dealt to f296f260 
Hero: folds
700c3193: folds
c82f58b1: raises $0.15 to $0.2
f296f260: folds
Uncalled bet ($0.15) returned to c82f58b1
*** SHOWDOWN ***
c82f58b1 collected $0.1 from pot
*** SUMMARY ***
Total pot $0.1 | Rake $0 | Jackpot $0 | Bingo $0 | Fortune $0 | Tax $0
Seat 1: Hero folded before Flop (didn't bet)
Seat 2: 700c3193 (button) folded before Flop (didn't bet)
Seat 5: c82f58b1 (small blind) collected ($0.1)
Seat 6: f296f260 (big blind) folded before Flop


Poker Hand #HD1600949581: Hold'em No Limit ($0.02/$0.05) - 2024/01/22 17:40:27
Table 'NLHBlue15' 6-max Seat #1 is the button
Seat 1: Hero ($6.81 in chips)
Seat 2: 700c3193 ($3.92 in chips)
Seat 4: a3374281 ($5 in chips)
Seat 5: c82f58b1 ($4.74 in chips)
Seat 6: f296f260 ($11.64 in chips)
700c3193: posts small blind $0.02
a3374281: posts big blind $0.05
*** HOLE CARDS ***
Dealt to Hero [3s 5h]
Dealt to 700c3193 
Dealt to a3374281 
Dealt to c82f58b1 
Dealt to f296f260 
c82f58b1: folds
f296f260: folds
Hero: folds
700c3193: raises $0.05 to $0.1
a3374281: folds
Uncalled bet ($0.05) returned to 700c3193
*** SHOWDOWN ***
700c3193 collected $0.1 from pot
*** SUMMARY ***
Total pot $0.1 | Rake $0 | Jackpot $0 | Bingo $0 | Fortune $0 | Tax $0
Seat 1: Hero (button) folded before Flop (didn't bet)
Seat 2: 700c3193 (small blind) collected ($0.1)
Seat 4: a3374281 (big blind) folded before Flop
Seat 5: c82f58b1 folded before Flop (didn't bet)
Seat 6: f296f260 folded before Flop (didn't bet)


Poker Hand #HD1600949523: Hold'em No Limit ($0.02/$0.05) - 2024/01/22 17:40:03
Table 'NLHBlue15' 6-max Seat #6 is the button
Seat 1: Hero ($6.83 in chips)
Seat 2: 700c3193 ($3.97 in chips)
Seat 3: 7ecd2b18 ($5.28 in chips)
Seat 4: a3374281 ($5 in chips)
Seat 5: c82f58b1 ($4.74 in chips)
Seat 6: f296f260 ($11.57 in chips)
Hero: posts small blind $0.02
700c3193: posts big blind $0.05
*** HOLE CARDS ***
Dealt to Hero [Js 3s]
Dealt to 700c3193 
Dealt to 7ecd2b18 
Dealt to a3374281 
Dealt to c82f58b1 
Dealt to f296f260 
7ecd2b18: folds
a3374281: folds
c82f58b1: folds
f296f260: raises $0.07 to $0.12
Hero: folds
700c3193: folds
Uncalled bet ($0.07) returned to f296f260
*** SHOWDOWN ***
f296f260 collected $0.12 from pot
*** SUMMARY ***
Total pot $0.12 | Rake $0 | Jackpot $0 | Bingo $0 | Fortune $0 | Tax $0
Seat 1: Hero (small blind) folded before Flop
Seat 2: 700c3193 (big blind) folded before Flop
Seat 3: 7ecd2b18 folded before Flop (didn't bet)
Seat 4: a3374281 folded before Flop (didn't bet)
Seat 5: c82f58b1 folded before Flop (didn't bet)
Seat 6: f296f260 (button) collected ($0.12)


Poker Hand #HD1600949451: Hold'em No Limit ($0.02/$0.05) - 2024/01/22 17:39:32
Table 'NLHBlue15' 6-max Seat #5 is the button
Seat 1: Hero ($6.88 in chips)
Seat 2: 700c3193 ($3.97 in chips)
Seat 3: 7ecd2b18 ($5.28 in chips)
Seat 4: a3374281 ($3.2 in chips)
Seat 5: c82f58b1 ($4.87 in chips)
Seat 6: f296f260 ($11.4 in chips)
f296f260: posts small blind $0.02
Hero: posts big blind $0.05
*** HOLE CARDS ***
Dealt to Hero [Ks 8d]
Dealt to 700c3193 
Dealt to 7ecd2b18 
Dealt to a3374281 
Dealt to c82f58b1 
Dealt to f296f260 
700c3193: folds
7ecd2b18: folds
a3374281: folds
c82f58b1: raises $0.08 to $0.13
f296f260: raises $0.41 to $0.54
Hero: folds
c82f58b1: folds
Uncalled bet ($0.41) returned to f296f260
*** SHOWDOWN ***
f296f260 collected $0.3 from pot
*** SUMMARY ***
Total pot $0.31 | Rake $0.01 | Jackpot $0 | Bingo $0 | Fortune $0 | Tax $0
Seat 1: Hero (big blind) folded before Flop
Seat 2: 700c3193 folded before Flop (didn't bet)
Seat 3: 7ecd2b18 folded before Flop (didn't bet)
Seat 4: a3374281 folded before Flop (didn't bet)
Seat 5: c82f58b1 (button) folded before Flop
Seat 6: f296f260 (small blind) collected ($0.3)


Poker Hand #HD1600949335: Hold'em No Limit ($0.02/$0.05) - 2024/01/22 17:38:40
Table 'NLHBlue15' 6-max Seat #4 is the button
Seat 1: Hero ($6.88 in chips)
Seat 2: 700c3193 ($3.97 in chips)
Seat 3: 7ecd2b18 ($5.28 in chips)
Seat 4: a3374281 ($4.3 in chips)
Seat 5: c82f58b1 ($4.89 in chips)
Seat 6: f296f260 ($10.43 in chips)
c82f58b1: posts small blind $0.02
f296f260: posts big blind $0.05
*** HOLE CARDS ***
Dealt to Hero [2c 2h]
Dealt to 700c3193 
Dealt to 7ecd2b18 
Dealt to a3374281 
Dealt to c82f58b1 
Dealt to f296f260 
Hero: folds
700c3193: folds
7ecd2b18: folds
a3374281: raises $0.08 to $0.13
c82f58b1: folds
f296f260: raises $0.42 to $0.55
a3374281: raises $0.55 to $1.1
f296f260: raises $9.33 to $10.43 and is all-in
a3374281: folds
Uncalled bet ($9.33) returned to f296f260
*** SHOWDOWN ***
f296f260 collected $2.07 from pot
*** SUMMARY ***
Total pot $2.22 | Rake $0.1 | Jackpot $0.05 | Bingo $0 | Fortune $0 | Tax $0
Seat 1: Hero folded before Flop (didn't bet)
Seat 2: 700c3193 folded before Flop (didn't bet)
Seat 3: 7ecd2b18 folded before Flop (didn't bet)
Seat 4: a3374281 (button) folded before Flop
Seat 5: c82f58b1 (small blind) folded before Flop
Seat 6: f296f260 (big blind) collected ($2.07)


Poker Hand #HD1600949161: Hold'em No Limit ($0.02/$0.05) - 2024/01/22 17:37:17
Table 'NLHBlue15' 6-max Seat #3 is the button
Seat 1: Hero ($6.88 in chips)
Seat 2: 700c3193 ($3.97 in chips)
Seat 3: 7ecd2b18 ($5 in chips)
Seat 4: a3374281 ($4.49 in chips)
Seat 5: c82f58b1 ($5 in chips)
Seat 6: f296f260 ($10.43 in chips)
a3374281: posts small blind $0.02
c82f58b1: posts big blind $0.05
*** HOLE CARDS ***
Dealt to Hero [7s Kh]
Dealt to 700c3193 
Dealt to 7ecd2b18 
Dealt to a3374281 
Dealt to c82f58b1 
Dealt to f296f260 
f296f260: folds
Hero: folds
700c3193: folds
7ecd2b18: raises $0.06 to $0.11
a3374281: calls $0.09
c82f58b1: calls $0.06
*** FLOP *** [Ks 3h Ts]
a3374281: checks
c82f58b1: checks
7ecd2b18: checks
*** TURN *** [Ks 3h Ts] [6c]
a3374281: checks
c82f58b1: checks
7ecd2b18: checks
*** RIVER *** [Ks 3h Ts 6c] [8d]
a3374281: checks
c82f58b1: checks
7ecd2b18: bets $0.08
a3374281: calls $0.08
c82f58b1: folds
7ecd2b18: shows [Td As] (Pair of Tens)
a3374281: shows [7h 6h] (Pair of Sixes)
*** SHOWDOWN ***
7ecd2b18 collected $0.47 from pot
*** SUMMARY ***
Total pot $0.49 | Rake $0.02 | Jackpot $0 | Bingo $0 | Fortune $0 | Tax $0
Board [Ks 3h Ts 6c 8d]
Seat 1: Hero folded before Flop (didn't bet)
Seat 2: 700c3193 folded before Flop (didn't bet)
Seat 3: 7ecd2b18 (button) showed [Td As] and won ($0.47) with Pair of Tens
Seat 4: a3374281 (small blind) showed [7h 6h] and lost with Pair of Sixes
Seat 5: c82f58b1 (big blind) folded on the River
Seat 6: f296f260 folded before Flop (didn't bet)


Poker Hand #HD1600949120: Hold'em No Limit ($0.02/$0.05) - 2024/01/22 17:36:58
Table 'NLHBlue15' 6-max Seat #2 is the button
Seat 1: Hero ($6.81 in chips)
Seat 2: 700c3193 ($3.97 in chips)
Seat 3: 7ecd2b18 ($5.02 in chips)
Seat 4: a3374281 ($4.54 in chips)
Seat 6: f296f260 ($10.43 in chips)
7ecd2b18: posts small blind $0.02
a3374281: posts big blind $0.05
*** HOLE CARDS ***
Dealt to Hero [6d Ad]
Dealt to 700c3193 
Dealt to 7ecd2b18 
Dealt to a3374281 
Dealt to f296f260 
f296f260: folds
Hero: raises $0.07 to $0.12
700c3193: folds
7ecd2b18: folds
a3374281: folds
Uncalled bet ($0.07) returned to Hero
*** SHOWDOWN ***
Hero collected $0.12 from pot
*** SUMMARY ***
Total pot $0.12 | Rake $0 | Jackpot $0 | Bingo $0 | Fortune $0 | Tax $0
Seat 1: Hero collected ($0.12)
Seat 2: 700c3193 (button) folded before Flop (didn't bet)
Seat 3: 7ecd2b18 (small blind) folded before Flop
Seat 4: a3374281 (big blind) folded before Flop
Seat 6: f296f260 folded before Flop (didn't bet)


Poker Hand #HD1600949016: Hold'em No Limit ($0.02/$0.05) - 2024/01/22 17:36:06
Table 'NLHBlue15' 6-max Seat #1 is the button
Seat 1: Hero ($5.93 in chips)
Seat 2: 700c3193 ($3.99 in chips)
Seat 3: 7ecd2b18 ($5.07 in chips)
Seat 4: a3374281 ($5.49 in chips)
Seat 6: f296f260 ($10.43 in chips)
700c3193: posts small blind $0.02
7ecd2b18: posts big blind $0.05
*** HOLE CARDS ***
Dealt to Hero [Ah Kh]
Dealt to 700c3193 
Dealt to 7ecd2b18 
Dealt to a3374281 
Dealt to f296f260 
a3374281: raises $0.05 to $0.1
f296f260: folds
Hero: raises $0.23 to $0.33
700c3193: folds
7ecd2b18: folds
a3374281: raises $0.62 to $0.95
Hero: raises $4.98 to $5.93 and is all-in
a3374281: folds
Uncalled bet ($4.98) returned to Hero
*** SHOWDOWN ***
Hero collected $1.83 from pot
*** SUMMARY ***
Total pot $1.97 | Rake $0.09 | Jackpot $0.05 | Bingo $0 | Fortune $0 | Tax $0
Seat 1: Hero (button) collected ($1.83)
Seat 2: 700c3193 (small blind) folded before Flop
Seat 3: 7ecd2b18 (big blind) folded before Flop
Seat 4: a3374281 folded before Flop
Seat 6: f296f260 folded before Flop (didn't bet)


Poker Hand #HD1600948965: Hold'em No Limit ($0.02/$0.05) - 2024/01/22 17:35:45
Table 'NLHBlue15' 6-max Seat #6 is the button
Seat 1: Hero ($5.95 in chips)
Seat 2: 700c3193 ($4.04 in chips)
Seat 3: 7ecd2b18 ($5 in chips)
Seat 4: a3374281 ($5.49 in chips)
Seat 6: f296f260 ($10.43 in chips)
Hero: posts small blind $0.02
700c3193: posts big blind $0.05
*** HOLE CARDS ***
Dealt to Hero [3c 2c]
Dealt to 700c3193 
Dealt to 7ecd2b18 
Dealt to a3374281 
Dealt to f296f260 
7ecd2b18: raises $0.09 to $0.14
a3374281: folds
f296f260: folds
Hero: folds
700c3193: folds
Uncalled bet ($0.09) returned to 7ecd2b18
*** SHOWDOWN ***
7ecd2b18 collected $0.12 from pot
*** SUMMARY ***
Total pot $0.12 | Rake $0 | Jackpot $0 | Bingo $0 | Fortune $0 | Tax $0
Seat 1: Hero (small blind) folded before Flop
Seat 2: 700c3193 (big blind) folded before Flop
Seat 3: 7ecd2b18 collected ($0.12)
Seat 4: a3374281 folded before Flop (didn't bet)
Seat 6: f296f260 (button) folded before Flop (didn't bet)


Poker Hand #HD1600948900: Hold'em No Limit ($0.02/$0.05) - 2024/01/22 17:35:18
Table 'NLHBlue15' 6-max Seat #4 is the button
Seat 1: Hero ($5.95 in chips)
Seat 2: 700c3193 ($3.97 in chips)
Seat 3: 7ecd2b18 ($5 in chips)
Seat 4: a3374281 ($5.49 in chips)
Seat 5: 5711db6 ($5 in chips)
Seat 6: f296f260 ($10.48 in chips)
5711db6: posts small blind $0.02
f296f260: posts big blind $0.05
*** HOLE CARDS ***
Dealt to Hero [5s 3d]
Dealt to 700c3193 
Dealt to 7ecd2b18 
Dealt to a3374281 
Dealt to 5711db6 
Dealt to f296f260 
Hero: folds
700c3193: raises $0.05 to $0.1
7ecd2b18: folds
a3374281: folds
5711db6: folds
f296f260: folds
Uncalled bet ($0.05) returned to 700c3193
*** SHOWDOWN ***
700c3193 collected $0.12 from pot
*** SUMMARY ***
Total pot $0.12 | Rake $0 | Jackpot $0 | Bingo $0 | Fortune $0 | Tax $0
Seat 1: Hero folded before Flop (didn't bet)
Seat 2: 700c3193 collected ($0.12)
Seat 3: 7ecd2b18 folded before Flop (didn't bet)
Seat 4: a3374281 (button) folded before Flop (didn't bet)
Seat 5: 5711db6 (small blind) folded before Flop
Seat 6: f296f260 (big blind) folded before Flop


Poker Hand #HD1600948767: Hold'em No Limit ($0.02/$0.05) - 2024/01/22 17:34:18
Table 'NLHBlue15' 6-max Seat #3 is the button
Seat 1: Hero ($5.68 in chips)
Seat 2: 700c3193 ($3.97 in chips)
Seat 3: 7ecd2b18 ($5 in chips)
Seat 4: a3374281 ($5.51 in chips)
Seat 5: 5711db6 ($5.14 in chips)
Seat 6: f296f260 ($10.48 in chips)
a3374281: posts small blind $0.02
5711db6: posts big blind $0.05
*** HOLE CARDS ***
Dealt to Hero [Kh 8h]
Dealt to 700c3193 
Dealt to 7ecd2b18 
Dealt to a3374281 
Dealt to 5711db6 
Dealt to f296f260 
f296f260: folds
Hero: raises $0.07 to $0.12
700c3193: folds
7ecd2b18: folds
a3374281: folds
5711db6: calls $0.07
*** FLOP *** [4h Ah 6h]
5711db6: checks
Hero: bets $0.15
5711db6: calls $0.15
*** TURN *** [4h Ah 6h] [6d]
5711db6: checks
Hero: bets $0.31
5711db6: folds
Uncalled bet ($0.31) returned to Hero
*** SHOWDOWN ***
Hero collected $0.54 from pot
*** SUMMARY ***
Total pot $0.56 | Rake $0.02 | Jackpot $0 | Bingo $0 | Fortune $0 | Tax $0
Board [4h Ah 6h 6d]
Seat 1: Hero won ($0.54)
Seat 2: 700c3193 folded before Flop (didn't bet)
Seat 3: 7ecd2b18 (button) folded before Flop (didn't bet)
Seat 4: a3374281 (small blind) folded before Flop
Seat 5: 5711db6 (big blind) folded on the Turn
Seat 6: f296f260 folded before Flop (didn't bet)


Poker Hand #HD1600948721: Hold'em No Limit ($0.02/$0.05) - 2024/01/22 17:33:58
Table 'NLHBlue15' 6-max Seat #2 is the button
Seat 1: Hero ($5.68 in chips)
Seat 2: 700c3193 ($3.97 in chips)
Seat 3: 7ecd2b18 ($5 in chips)
Seat 4: a3374281 ($5.56 in chips)
Seat 5: 5711db6 ($5.07 in chips)
Seat 6: f296f260 ($10.48 in chips)
7ecd2b18: posts small blind $0.02
a3374281: posts big blind $0.05
*** HOLE CARDS ***
Dealt to Hero [5s Ah]
Dealt to 700c3193 
Dealt to 7ecd2b18 
Dealt to a3374281 
Dealt to 5711db6 
Dealt to f296f260 
5711db6: raises $0.1 to $0.15
f296f260: folds
Hero: folds
700c3193: folds
7ecd2b18: folds
a3374281: folds
Uncalled bet ($0.1) returned to 5711db6
*** SHOWDOWN ***
5711db6 collected $0.12 from pot
*** SUMMARY ***
Total pot $0.12 | Rake $0 | Jackpot $0 | Bingo $0 | Fortune $0 | Tax $0
Seat 1: Hero folded before Flop (didn't bet)
Seat 2: 700c3193 (button) folded before Flop (didn't bet)
Seat 3: 7ecd2b18 (small blind) folded before Flop
Seat 4: a3374281 (big blind) folded before Flop
Seat 5: 5711db6 collected ($0.12)
Seat 6: f296f260 folded before Flop (didn't bet)


Poker Hand #HD1600948682: Hold'em No Limit ($0.02/$0.05) - 2024/01/22 17:33:42
Table 'NLHBlue15' 6-max Seat #1 is the button
Seat 1: Hero ($5.68 in chips)
Seat 2: 700c3193 ($3.99 in chips)
Seat 3: 7ecd2b18 ($5 in chips)
Seat 4: a3374281 ($5.56 in chips)
Seat 5: 5711db6 ($5.07 in chips)
Seat 6: f296f260 ($10.41 in chips)
700c3193: posts small blind $0.02
7ecd2b18: posts big blind $0.05
*** HOLE CARDS ***
Dealt to Hero [8d Qh]
Dealt to 700c3193 
Dealt to 7ecd2b18 
Dealt to a3374281 
Dealt to 5711db6 
Dealt to f296f260 
a3374281: folds
5711db6: folds
f296f260: raises $0.05 to $0.1
Hero: folds
700c3193: folds
7ecd2b18: folds
Uncalled bet ($0.05) returned to f296f260
*** SHOWDOWN ***
f296f260 collected $0.12 from pot
*** SUMMARY ***
Total pot $0.12 | Rake $0 | Jackpot $0 | Bingo $0 | Fortune $0 | Tax $0
Seat 1: Hero (button) folded before Flop (didn't bet)
Seat 2: 700c3193 (small blind) folded before Flop
Seat 3: 7ecd2b18 (big blind) folded before Flop
Seat 4: a3374281 folded before Flop (didn't bet)
Seat 5: 5711db6 folded before Flop (didn't bet)
Seat 6: f296f260 collected ($0.12)


Poker Hand #HD1600948616: Hold'em No Limit ($0.02/$0.05) - 2024/01/22 17:33:12
Table 'NLHBlue15' 6-max Seat #6 is the button
Seat 1: Hero ($5.7 in chips)
Seat 2: 700c3193 ($4.04 in chips)
Seat 4: a3374281 ($5.56 in chips)
Seat 5: 5711db6 ($5 in chips)
Seat 6: f296f260 ($10.41 in chips)
Hero: posts small blind $0.02
700c3193: posts big blind $0.05
*** HOLE CARDS ***
Dealt to Hero [Ad 2d]
Dealt to 700c3193 
Dealt to a3374281 
Dealt to 5711db6 
Dealt to f296f260 
a3374281: folds
5711db6: raises $0.12 to $0.17
f296f260: folds
Hero: folds
700c3193: folds
Uncalled bet ($0.12) returned to 5711db6
*** SHOWDOWN ***
5711db6 collected $0.12 from pot
*** SUMMARY ***
Total pot $0.12 | Rake $0 | Jackpot $0 | Bingo $0 | Fortune $0 | Tax $0
Seat 1: Hero (small blind) folded before Flop
Seat 2: 700c3193 (big blind) folded before Flop
Seat 4: a3374281 folded before Flop (didn't bet)
Seat 5: 5711db6 collected ($0.12)
Seat 6: f296f260 (button) folded before Flop (didn't bet)


Poker Hand #HD1600948590: Hold'em No Limit ($0.02/$0.05) - 2024/01/22 17:33:00
Table 'NLHBlue15' 6-max Seat #5 is the button
Seat 1: Hero ($5.75 in chips)
Seat 2: 700c3193 ($4.04 in chips)
Seat 4: a3374281 ($5.56 in chips)
Seat 5: 5711db6 ($5 in chips)
Seat 6: f296f260 ($10.36 in chips)
f296f260: posts small blind $0.02
Hero: posts big blind $0.05
*** HOLE CARDS ***
Dealt to Hero [4s 8c]
Dealt to 700c3193 
Dealt to a3374281 
Dealt to 5711db6 
Dealt to f296f260 
700c3193: folds
a3374281: folds
5711db6: folds
f296f260: raises $0.1 to $0.15
Hero: folds
Uncalled bet ($0.1) returned to f296f260
*** SHOWDOWN ***
f296f260 collected $0.1 from pot
*** SUMMARY ***
Total pot $0.1 | Rake $0 | Jackpot $0 | Bingo $0 | Fortune $0 | Tax $0
Seat 1: Hero (big blind) folded before Flop
Seat 2: 700c3193 folded before Flop (didn't bet)
Seat 4: a3374281 folded before Flop (didn't bet)
Seat 5: 5711db6 (button) folded before Flop (didn't bet)
Seat 6: f296f260 (small blind) collected ($0.1)


Poker Hand #HD1600948477: Hold'em No Limit ($0.02/$0.05) - 2024/01/22 17:32:05
Table 'NLHBlue15' 6-max Seat #4 is the button
Seat 1: Hero ($5.75 in chips)
Seat 2: 700c3193 ($4.04 in chips)
Seat 4: a3374281 ($5.56 in chips)
Seat 5: 5711db6 ($5 in chips)
Seat 6: f296f260 ($10.17 in chips)
5711db6: posts small blind $0.02
f296f260: posts big blind $0.05
*** HOLE CARDS ***
Dealt to Hero [Qh Ts]
Dealt to 700c3193 
Dealt to a3374281 
Dealt to 5711db6 
Dealt to f296f260 
Hero: folds
700c3193: folds
a3374281: folds
5711db6: raises $0.09 to $0.14
f296f260: calls $0.09
*** FLOP *** [5s As Js]
5711db6: checks
f296f260: bets $0.07
5711db6: calls $0.07
*** TURN *** [5s As Js] [3s]
5711db6: checks
f296f260: bets $0.16
5711db6: folds
Uncalled bet ($0.16) returned to f296f260
*** SHOWDOWN ***
f296f260 collected $0.4 from pot
*** SUMMARY ***
Total pot $0.42 | Rake $0.02 | Jackpot $0 | Bingo $0 | Fortune $0 | Tax $0
Board [5s As Js 3s]
Seat 1: Hero folded before Flop (didn't bet)
Seat 2: 700c3193 folded before Flop (didn't bet)
Seat 4: a3374281 (button) folded before Flop (didn't bet)
Seat 5: 5711db6 (small blind) folded on the Turn
Seat 6: f296f260 (big blind) won ($0.4)


Poker Hand #HD1600948360: Hold'em No Limit ($0.02/$0.05) - 2024/01/22 17:31:12
Table 'NLHBlue15' 6-max Seat #2 is the button
Seat 1: Hero ($5.36 in chips)
Seat 2: 700c3193 ($4.04 in chips)
Seat 4: a3374281 ($5.58 in chips)
Seat 5: 5711db6 ($5 in chips)
Seat 6: f296f260 ($10.53 in chips)
a3374281: posts small blind $0.02
5711db6: posts big blind $0.05
*** HOLE CARDS ***
Dealt to Hero [As Ah]
Dealt to 700c3193 
Dealt to a3374281 
Dealt to 5711db6 
Dealt to f296f260 
f296f260: raises $0.05 to $0.1
Hero: raises $0.26 to $0.36
700c3193: folds
a3374281: folds
5711db6: folds
f296f260: calls $0.26
*** FLOP *** [9h 4c 5d]
f296f260: checks
Hero: bets $0.44
f296f260: folds
Uncalled bet ($0.44) returned to Hero
*** SHOWDOWN ***
Hero collected $0.75 from pot
*** SUMMARY ***
Total pot $0.79 | Rake $0.04 | Jackpot $0 | Bingo $0 | Fortune $0 | Tax $0
Board [9h 4c 5d]
Seat 1: Hero won ($0.75)
Seat 2: 700c3193 (button) folded before Flop (didn't bet)
Seat 4: a3374281 (small blind) folded before Flop
Seat 5: 5711db6 (big blind) folded before Flop
Seat 6: f296f260 folded on the Flop


Poker Hand #HD1600948226: Hold'em No Limit ($0.02/$0.05) - 2024/01/22 17:30:10
Table 'NLHBlue15' 6-max Seat #1 is the button
Seat 1: Hero ($5.36 in chips)
Seat 2: 700c3193 ($4.24 in chips)
Seat 4: a3374281 ($5.4 in chips)
Seat 6: f296f260 ($10.53 in chips)
700c3193: posts small blind $0.02
a3374281: posts big blind $0.05
*** HOLE CARDS ***
Dealt to Hero [6s 5c]
Dealt to 700c3193 
Dealt to a3374281 
Dealt to f296f260 
f296f260: folds
Hero: folds
700c3193: calls $0.03
a3374281: raises $0.15 to $0.2
700c3193: calls $0.15
*** FLOP *** [Jh 7s 6h]
700c3193: checks
a3374281: checks
*** TURN *** [Jh 7s 6h] [Qs]
700c3193: checks
a3374281: bets $0.6
700c3193: folds
Uncalled bet ($0.6) returned to a3374281
*** SHOWDOWN ***
a3374281 collected $0.38 from pot
*** SUMMARY ***
Total pot $0.4 | Rake $0.02 | Jackpot $0 | Bingo $0 | Fortune $0 | Tax $0
Board [Jh 7s 6h Qs]
Seat 1: Hero (button) folded before Flop (didn't bet)
Seat 2: 700c3193 (small blind) folded on the Turn
Seat 4: a3374281 (big blind) won ($0.38)
Seat 6: f296f260 folded before Flop (didn't bet)


Poker Hand #HD1600948185: Hold'em No Limit ($0.02/$0.05) - 2024/01/22 17:29:57
Table 'NLHBlue15' 6-max Seat #6 is the button
Seat 1: Hero ($5.38 in chips)
Seat 2: 700c3193 ($4.29 in chips)
Seat 4: a3374281 ($5.4 in chips)
Seat 6: f296f260 ($10.46 in chips)
Hero: posts small blind $0.02
700c3193: posts big blind $0.05
*** HOLE CARDS ***
Dealt to Hero [9c Qh]
Dealt to 700c3193 
Dealt to a3374281 
Dealt to f296f260 
a3374281: folds
f296f260: raises $0.07 to $0.12
Hero: folds
700c3193: folds
Uncalled bet ($0.07) returned to f296f260
*** SHOWDOWN ***
f296f260 collected $0.12 from pot
*** SUMMARY ***
Total pot $0.12 | Rake $0 | Jackpot $0 | Bingo $0 | Fortune $0 | Tax $0
Seat 1: Hero (small blind) folded before Flop
Seat 2: 700c3193 (big blind) folded before Flop
Seat 4: a3374281 folded before Flop (didn't bet)
Seat 6: f296f260 (button) collected ($0.12)


Poker Hand #HD1600948024: Hold'em No Limit ($0.02/$0.05) - 2024/01/22 17:28:44
Table 'NLHBlue15' 6-max Seat #4 is the button
Seat 1: Hero ($5.38 in chips)
Seat 2: 700c3193 ($4.59 in chips)
Seat 4: a3374281 ($5.4 in chips)
Seat 5: aeebca35 ($0.3 in chips)
Seat 6: f296f260 ($9.9 in chips)
aeebca35: posts small blind $0.02
f296f260: posts big blind $0.05
*** HOLE CARDS ***
Dealt to Hero [Jd 8c]
Dealt to 700c3193 
Dealt to a3374281 
Dealt to aeebca35 
Dealt to f296f260 
Hero: folds
700c3193: calls $0.05
a3374281: folds
aeebca35: raises $0.25 to $0.3 and is all-in
f296f260: calls $0.25
700c3193: calls $0.25
*** FLOP *** [7c 3d Jh]
f296f260: bets $0.24
700c3193: folds
Uncalled bet ($0.24) returned to f296f260
f296f260: shows [6s 6d] (Pair of Sixes)
aeebca35: shows [4s 4d] (Pair of Fours)
*** TURN *** [7c 3d Jh] [9c]
*** RIVER *** [7c 3d Jh 9c] [As]
*** SHOWDOWN ***
f296f260 collected $0.86 from pot
*** SUMMARY ***
Total pot $0.9 | Rake $0.04 | Jackpot $0 | Bingo $0 | Fortune $0 | Tax $0
Board [7c 3d Jh 9c As]
Seat 1: Hero folded before Flop (didn't bet)
Seat 2: 700c3193 folded on the Flop
Seat 4: a3374281 (button) folded before Flop (didn't bet)
Seat 5: aeebca35 (small blind) showed [4s 4d] and lost with Pair of Fours
Seat 6: f296f260 (big blind) showed [6s 6d] and won ($0.86) with Pair of Sixes


Poker Hand #HD1600947946: Hold'em No Limit ($0.02/$0.05) - 2024/01/22 17:28:03
Table 'NLHBlue15' 6-max Seat #2 is the button
Seat 1: Hero ($5 in chips)
Seat 2: 700c3193 ($4.59 in chips)
Seat 4: a3374281 ($5.42 in chips)
Seat 5: aeebca35 ($0.35 in chips)
Seat 6: f296f260 ($10.24 in chips)
a3374281: posts small blind $0.02
aeebca35: posts big blind $0.05
*** HOLE CARDS ***
Dealt to Hero [Ts Th]
Dealt to 700c3193 
Dealt to a3374281 
Dealt to aeebca35 
Dealt to f296f260 
f296f260: raises $0.05 to $0.1
Hero: raises $0.24 to $0.34
700c3193: folds
a3374281: folds
aeebca35: folds
f296f260: calls $0.24
*** FLOP *** [2d 5s 2h]
f296f260: checks
Hero: bets $0.42
f296f260: folds
Uncalled bet ($0.42) returned to Hero
*** SHOWDOWN ***
Hero collected $0.72 from pot
*** SUMMARY ***
Total pot $0.75 | Rake $0.03 | Jackpot $0 | Bingo $0 | Fortune $0 | Tax $0
Board [2d 5s 2h]
Seat 1: Hero won ($0.72)
Seat 2: 700c3193 (button) folded before Flop (didn't bet)
Seat 4: a3374281 (small blind) folded before Flop
Seat 5: aeebca35 (big blind) folded before Flop
Seat 6: f296f260 folded on the Flop


Poker Hand #HD1600947843: Hold'em No Limit ($0.02/$0.05) - 2024/01/22 17:27:13
Table 'NLHBlue15' 6-max Seat #1 is the button
Seat 1: Hero ($5 in chips)
Seat 2: 700c3193 ($3.22 in chips)
Seat 4: a3374281 ($5.47 in chips)
Seat 5: aeebca35 ($1.87 in chips)
Seat 6: f296f260 ($10.24 in chips)
700c3193: posts small blind $0.02
a3374281: posts big blind $0.05
*** HOLE CARDS ***
Dealt to Hero [Jd 6d]
Dealt to 700c3193 
Dealt to a3374281 
Dealt to aeebca35 
Dealt to f296f260 
aeebca35: raises $0.1 to $0.15
f296f260: folds
Hero: folds
700c3193: raises $0.1 to $0.25
a3374281: folds
aeebca35: calls $0.1
*** FLOP *** [Ad 8s Js]
700c3193: checks
aeebca35: checks
*** TURN *** [Ad 8s Js] [5d]
700c3193: bets $0.28
aeebca35: raises $0.37 to $0.65
700c3193: calls $0.37
*** RIVER *** [Ad 8s Js 5d] [Ac]
700c3193: checks
aeebca35: bets $0.62
700c3193: calls $0.62
aeebca35: shows [As 9s] (Three Aces)
700c3193: shows [Qh Ah] (Three Aces)
*** SHOWDOWN ***
700c3193 collected $2.89 from pot
*** SUMMARY ***
Total pot $3.09 | Rake $0.15 | Jackpot $0.05 | Bingo $0 | Fortune $0 | Tax $0
Board [Ad 8s Js 5d Ac]
Seat 1: Hero (button) folded before Flop (didn't bet)
Seat 2: 700c3193 (small blind) showed [Qh Ah] and won ($2.89) with Three Aces
Seat 4: a3374281 (big blind) folded before Flop
Seat 5: aeebca35 showed [As 9s] and lost with Three Aces
Seat 6: f296f260 folded before Flop (didn't bet)


Poker Hand #HD1600947706: Hold'em No Limit ($0.02/$0.05) - 2024/01/22 17:26:04
Table 'NLHBlue15' 6-max Seat #6 is the button
Seat 1: Hero ($5 in chips)
Seat 2: 700c3193 ($3.27 in chips)
Seat 4: a3374281 ($5.47 in chips)
Seat 5: aeebca35 ($1.8 in chips)
Seat 6: f296f260 ($10.24 in chips)
Hero: posts small blind $0.02
700c3193: posts big blind $0.05
aeebca35: posts big blind $0.05
*** HOLE CARDS ***
Dealt to Hero [3c 2s]
Dealt to 700c3193 
Dealt to a3374281 
Dealt to aeebca35 
Dealt to f296f260 
a3374281: folds
aeebca35: checks
f296f260: folds
Hero: folds
700c3193: checks
*** FLOP *** [5h 8d 2d]
700c3193: checks
aeebca35: checks
*** TURN *** [5h 8d 2d] [9c]
700c3193: checks
aeebca35: checks
*** RIVER *** [5h 8d 2d 9c] [Ts]
700c3193: checks
aeebca35: checks
700c3193: shows [7s 4c] (Ten-High)
aeebca35: shows [5c 6d] (Pair of Fives)
*** SHOWDOWN ***
aeebca35 collected $0.12 from pot
*** SUMMARY ***
Total pot $0.12 | Rake $0 | Jackpot $0 | Bingo $0 | Fortune $0 | Tax $0
Board [5h 8d 2d 9c Ts]
Seat 1: Hero (small blind) folded before Flop
Seat 2: 700c3193 (big blind) showed [7s 4c] and lost with Ten-High
Seat 4: a3374281 folded before Flop (didn't bet)
Seat 5: aeebca35 showed [5c 6d] and won ($0.12) with Pair of Fives
Seat 6: f296f260 (button) folded before Flop (didn't bet)


Poker Hand #HD1600947667: Hold'em No Limit ($0.02/$0.05) - 2024/01/22 17:25:49
Table 'NLHBlue15' 6-max Seat #4 is the button
Seat 1: Hero ($5 in chips)
Seat 2: 700c3193 ($3.27 in chips)
Seat 4: a3374281 ($5.47 in chips)
Seat 6: f296f260 ($10.19 in chips)
f296f260: posts small blind $0.02
Hero: posts big blind $0.05
*** HOLE CARDS ***
Dealt to Hero [4c 6h]
Dealt to 700c3193 
Dealt to a3374281 
Dealt to f296f260 
700c3193: folds
a3374281: folds
f296f260: raises $0.1 to $0.15
Hero: folds
Uncalled bet ($0.1) returned to f296f260
*** SHOWDOWN ***
f296f260 collected $0.1 from pot
*** SUMMARY ***
Total pot $0.1 | Rake $0 | Jackpot $0 | Bingo $0 | Fortune $0 | Tax $0
Seat 1: Hero (big blind) folded before Flop
Seat 2: 700c3193 folded before Flop (didn't bet)
Seat 4: a3374281 (button) folded before Flop (didn't bet)
Seat 6: f296f260 (small blind) collected ($0.1)


