Poker Hand #HD1207142504: Hold'em No Limit  ($0.02/$0.05) - 2023/04/17 22:24:25
Table 'NLHBlue93' 6-max Seat #6 is the button
Seat 1: fbc5d0fc ($7.56 in chips)
Seat 2: 5cfa5182 ($5 in chips)
Seat 3: Hero ($5.63 in chips)
Seat 4: ede133eb ($7.8 in chips)
Seat 5: 788cbcd2 ($5.35 in chips)
Seat 6: f5c18075 ($5.42 in chips)
fbc5d0fc: posts small blind $0.02
5cfa5182: posts big blind $0.05
*** HOLE CARDS ***
Dealt to fbc5d0fc 
Dealt to 5cfa5182 
Dealt to Hero [4s 9h]
Dealt to ede133eb 
Dealt to 788cbcd2 
Dealt to f5c18075 
Hero: folds
ede133eb: raises $0.08 to $0.13
788cbcd2: raises $0.25 to $0.38
f5c18075: folds
fbc5d0fc: folds
5cfa5182: folds
ede133eb: folds
Uncalled bet ($0.25) returned to 788cbcd2
*** SHOWDOWN ***
788cbcd2 collected $0.32 from pot
*** SUMMARY ***
Total pot $0.33 | Rake $0.01 | Jackpot $0 | Bingo $0 | Fortune $0
Seat 1: fbc5d0fc (small blind) folded before Flop
Seat 2: 5cfa5182 (big blind) folded before Flop
Seat 3: Hero folded before Flop (didn't bet)
Seat 4: ede133eb folded before Flop
Seat 5: 788cbcd2 collected ($0.32)
Seat 6: f5c18075 (button) folded before Flop (didn't bet)


Poker Hand #HD1207142383: Hold'em No Limit  ($0.02/$0.05) - 2023/04/17 22:23:23
Table 'NLHBlue93' 6-max Seat #5 is the button
Seat 1: fbc5d0fc ($7.86 in chips)
Seat 2: 5cfa5182 ($5 in chips)
Seat 3: Hero ($5.63 in chips)
Seat 4: ede133eb ($7.8 in chips)
Seat 5: 788cbcd2 ($5.35 in chips)
Seat 6: f5c18075 ($5.15 in chips)
f5c18075: posts small blind $0.02
fbc5d0fc: posts big blind $0.05
*** HOLE CARDS ***
Dealt to fbc5d0fc 
Dealt to 5cfa5182 
Dealt to Hero [8h 4d]
Dealt to ede133eb 
Dealt to 788cbcd2 
Dealt to f5c18075 
5cfa5182: folds
Hero: folds
ede133eb: folds
788cbcd2: folds
f5c18075: calls $0.03
fbc5d0fc: checks
*** FLOP *** [Kh Qh 6s]
f5c18075: bets $0.1
fbc5d0fc: calls $0.1
*** TURN *** [Kh Qh 6s] [4c]
f5c18075: bets $0.15
fbc5d0fc: calls $0.15
*** RIVER *** [Kh Qh 6s 4c] [2c]
f5c18075: bets $0.3
fbc5d0fc: folds
Uncalled bet ($0.3) returned to f5c18075
*** SHOWDOWN ***
f5c18075 collected $0.57 from pot
*** SUMMARY ***
Total pot $0.6 | Rake $0.03 | Jackpot $0 | Bingo $0 | Fortune $0
Board [Kh Qh 6s 4c 2c]
Seat 1: fbc5d0fc (big blind) folded on the River
Seat 2: 5cfa5182 folded before Flop (didn't bet)
Seat 3: Hero folded before Flop (didn't bet)
Seat 4: ede133eb folded before Flop (didn't bet)
Seat 5: 788cbcd2 (button) folded before Flop (didn't bet)
Seat 6: f5c18075 (small blind) won ($0.57)


Poker Hand #HD1207142319: Hold'em No Limit  ($0.02/$0.05) - 2023/04/17 22:22:44
Table 'NLHBlue93' 6-max Seat #4 is the button
Seat 1: fbc5d0fc ($7.96 in chips)
Seat 2: 5cfa5182 ($5.07 in chips)
Seat 3: Hero ($5.63 in chips)
Seat 4: ede133eb ($7.9 in chips)
Seat 5: 788cbcd2 ($5.02 in chips)
Seat 6: f5c18075 ($5.2 in chips)
788cbcd2: posts small blind $0.02
f5c18075: posts big blind $0.05
*** HOLE CARDS ***
Dealt to fbc5d0fc 
Dealt to 5cfa5182 
Dealt to Hero [5s 8h]
Dealt to ede133eb 
Dealt to 788cbcd2 
Dealt to f5c18075 
fbc5d0fc: raises $0.05 to $0.1
5cfa5182: calls $0.1
Hero: folds
ede133eb: calls $0.1
788cbcd2: raises $0.45 to $0.55
f5c18075: folds
fbc5d0fc: folds
5cfa5182: folds
ede133eb: folds
Uncalled bet ($0.45) returned to 788cbcd2
*** SHOWDOWN ***
788cbcd2 collected $0.43 from pot
*** SUMMARY ***
Total pot $0.45 | Rake $0.02 | Jackpot $0 | Bingo $0 | Fortune $0
Seat 1: fbc5d0fc folded before Flop
Seat 2: 5cfa5182 folded before Flop
Seat 3: Hero folded before Flop (didn't bet)
Seat 4: ede133eb (button) folded before Flop
Seat 5: 788cbcd2 (small blind) collected ($0.43)
Seat 6: f5c18075 (big blind) folded before Flop


Poker Hand #HD1207142294: Hold'em No Limit  ($0.02/$0.05) - 2023/04/17 22:22:28
Table 'NLHBlue93' 6-max Seat #3 is the button
Seat 1: fbc5d0fc ($7.96 in chips)
Seat 2: 5cfa5182 ($5.07 in chips)
Seat 3: Hero ($5.63 in chips)
Seat 4: ede133eb ($7.92 in chips)
Seat 5: 788cbcd2 ($5 in chips)
Seat 6: f5c18075 ($5.2 in chips)
ede133eb: posts small blind $0.02
788cbcd2: posts big blind $0.05
*** HOLE CARDS ***
Dealt to fbc5d0fc 
Dealt to 5cfa5182 
Dealt to Hero [7d Tc]
Dealt to ede133eb 
Dealt to 788cbcd2 
Dealt to f5c18075 
f5c18075: folds
fbc5d0fc: folds
5cfa5182: folds
Hero: folds
ede133eb: folds
Uncalled bet ($0.03) returned to 788cbcd2
*** SHOWDOWN ***
788cbcd2 collected $0.04 from pot
*** SUMMARY ***
Total pot $0.04 | Rake $0 | Jackpot $0 | Bingo $0 | Fortune $0
Seat 1: fbc5d0fc folded before Flop (didn't bet)
Seat 2: 5cfa5182 folded before Flop (didn't bet)
Seat 3: Hero (button) folded before Flop (didn't bet)
Seat 4: ede133eb (small blind) folded before Flop
Seat 5: 788cbcd2 (big blind) collected ($0.04)
Seat 6: f5c18075 folded before Flop (didn't bet)


Poker Hand #HD1207142263: Hold'em No Limit  ($0.02/$0.05) - 2023/04/17 22:22:11
Table 'NLHBlue93' 6-max Seat #2 is the button
Seat 1: fbc5d0fc ($7.96 in chips)
Seat 2: 5cfa5182 ($5 in chips)
Seat 3: Hero ($5.65 in chips)
Seat 4: ede133eb ($7.97 in chips)
Seat 5: 788cbcd2 ($5 in chips)
Seat 6: f5c18075 ($5.2 in chips)
Hero: posts small blind $0.02
ede133eb: posts big blind $0.05
*** HOLE CARDS ***
Dealt to fbc5d0fc 
Dealt to 5cfa5182 
Dealt to Hero [7d 2s]
Dealt to ede133eb 
Dealt to 788cbcd2 
Dealt to f5c18075 
788cbcd2: folds
f5c18075: folds
fbc5d0fc: folds
5cfa5182: raises $0.05 to $0.1
Hero: folds
ede133eb: folds
Uncalled bet ($0.05) returned to 5cfa5182
*** SHOWDOWN ***
5cfa5182 collected $0.12 from pot
*** SUMMARY ***
Total pot $0.12 | Rake $0 | Jackpot $0 | Bingo $0 | Fortune $0
Seat 1: fbc5d0fc folded before Flop (didn't bet)
Seat 2: 5cfa5182 (button) collected ($0.12)
Seat 3: Hero (small blind) folded before Flop
Seat 4: ede133eb (big blind) folded before Flop
Seat 5: 788cbcd2 folded before Flop (didn't bet)
Seat 6: f5c18075 folded before Flop (didn't bet)


Poker Hand #HD1207142166: Hold'em No Limit  ($0.02/$0.05) - 2023/04/17 22:21:16
Table 'NLHBlue93' 6-max Seat #1 is the button
Seat 1: fbc5d0fc ($7.96 in chips)
Seat 2: 5cfa5182 ($5.14 in chips)
Seat 3: Hero ($5.85 in chips)
Seat 4: ede133eb ($7.97 in chips)
Seat 5: 788cbcd2 ($5 in chips)
Seat 6: f5c18075 ($4.65 in chips)
5cfa5182: posts small blind $0.02
Hero: posts big blind $0.05
*** HOLE CARDS ***
Dealt to fbc5d0fc 
Dealt to 5cfa5182 
Dealt to Hero [7c Jc]
Dealt to ede133eb 
Dealt to 788cbcd2 
Dealt to f5c18075 
ede133eb: folds
788cbcd2: folds
f5c18075: calls $0.05
fbc5d0fc: folds
5cfa5182: raises $0.15 to $0.2
Hero: calls $0.15
f5c18075: calls $0.15
*** FLOP *** [Tc Ts As]
5cfa5182: bets $0.2
Hero: folds
f5c18075: calls $0.2
*** TURN *** [Tc Ts As] [Th]
5cfa5182: checks
f5c18075: bets $0.5
5cfa5182: folds
Uncalled bet ($0.5) returned to f5c18075
*** SHOWDOWN ***
f5c18075 collected $0.95 from pot
*** SUMMARY ***
Total pot $1 | Rake $0.05 | Jackpot $0 | Bingo $0 | Fortune $0
Board [Tc Ts As Th]
Seat 1: fbc5d0fc (button) folded before Flop (didn't bet)
Seat 2: 5cfa5182 (small blind) folded on the Turn
Seat 3: Hero (big blind) folded on the Flop
Seat 4: ede133eb folded before Flop (didn't bet)
Seat 5: 788cbcd2 folded before Flop (didn't bet)
Seat 6: f5c18075 won ($0.95)


Poker Hand #HD1207142077: Hold'em No Limit  ($0.02/$0.05) - 2023/04/17 22:20:34
Table 'NLHBlue93' 6-max Seat #6 is the button
Seat 1: fbc5d0fc ($7.98 in chips)
Seat 2: 5cfa5182 ($5.19 in chips)
Seat 3: Hero ($5.85 in chips)
Seat 4: ede133eb ($7.97 in chips)
Seat 5: 788cbcd2 ($5 in chips)
Seat 6: f5c18075 ($4.46 in chips)
fbc5d0fc: posts small blind $0.02
5cfa5182: posts big blind $0.05
*** HOLE CARDS ***
Dealt to fbc5d0fc 
Dealt to 5cfa5182 
Dealt to Hero [4d 8c]
Dealt to ede133eb 
Dealt to 788cbcd2 
Dealt to f5c18075 
Hero: folds
ede133eb: folds
788cbcd2: raises $0.08 to $0.13
f5c18075: calls $0.13
fbc5d0fc: folds
5cfa5182: folds
*** FLOP *** [2d Qh 4c]
788cbcd2: checks
f5c18075: bets $0.17
788cbcd2: folds
Uncalled bet ($0.17) returned to f5c18075
*** SHOWDOWN ***
f5c18075 collected $0.32 from pot
*** SUMMARY ***
Total pot $0.33 | Rake $0.01 | Jackpot $0 | Bingo $0 | Fortune $0
Board [2d Qh 4c]
Seat 1: fbc5d0fc (small blind) folded before Flop
Seat 2: 5cfa5182 (big blind) folded before Flop
Seat 3: Hero folded before Flop (didn't bet)
Seat 4: ede133eb folded before Flop (didn't bet)
Seat 5: 788cbcd2 folded on the Flop
Seat 6: f5c18075 (button) won ($0.32)


Poker Hand #HD1207141953: Hold'em No Limit  ($0.02/$0.05) - 2023/04/17 22:19:23
Table 'NLHBlue93' 6-max Seat #5 is the button
Seat 1: fbc5d0fc ($7.93 in chips)
Seat 2: 5cfa5182 ($5.19 in chips)
Seat 3: Hero ($5.85 in chips)
Seat 4: ede133eb ($7.97 in chips)
Seat 5: 788cbcd2 ($4.98 in chips)
Seat 6: f5c18075 ($4.51 in chips)
f5c18075: posts small blind $0.02
fbc5d0fc: posts big blind $0.05
*** HOLE CARDS ***
Dealt to fbc5d0fc 
Dealt to 5cfa5182 
Dealt to Hero [8c 5h]
Dealt to ede133eb 
Dealt to 788cbcd2 
Dealt to f5c18075 
5cfa5182: folds
Hero: folds
ede133eb: folds
788cbcd2: folds
f5c18075: calls $0.03
fbc5d0fc: checks
*** FLOP *** [Js Ts As]
f5c18075: checks
fbc5d0fc: checks
*** TURN *** [Js Ts As] [9h]
f5c18075: checks
fbc5d0fc: checks
*** RIVER *** [Js Ts As 9h] [8s]
f5c18075: checks
fbc5d0fc: checks
f5c18075: shows [5d Kh] (Ace-High)
fbc5d0fc: shows [9d 6h] (Pair of Nines)
*** SHOWDOWN ***
fbc5d0fc collected $0.1 from pot
*** SUMMARY ***
Total pot $0.1 | Rake $0 | Jackpot $0 | Bingo $0 | Fortune $0
Board [Js Ts As 9h 8s]
Seat 1: fbc5d0fc (big blind) showed [9d 6h] and won ($0.1) with Pair of Nines
Seat 2: 5cfa5182 folded before Flop (didn't bet)
Seat 3: Hero folded before Flop (didn't bet)
Seat 4: ede133eb folded before Flop (didn't bet)
Seat 5: 788cbcd2 (button) folded before Flop (didn't bet)
Seat 6: f5c18075 (small blind) showed [5d Kh] and lost with Ace-High


Poker Hand #HD1207141909: Hold'em No Limit  ($0.02/$0.05) - 2023/04/17 22:19:03
Table 'NLHBlue93' 6-max Seat #4 is the button
Seat 1: fbc5d0fc ($7.93 in chips)
Seat 2: 5cfa5182 ($5.19 in chips)
Seat 3: Hero ($5.85 in chips)
Seat 4: ede133eb ($7.97 in chips)
Seat 5: 788cbcd2 ($5 in chips)
Seat 6: f5c18075 ($4.49 in chips)
788cbcd2: posts small blind $0.02
f5c18075: posts big blind $0.05
*** HOLE CARDS ***
Dealt to fbc5d0fc 
Dealt to 5cfa5182 
Dealt to Hero [8s 9h]
Dealt to ede133eb 
Dealt to 788cbcd2 
Dealt to f5c18075 
fbc5d0fc: folds
5cfa5182: folds
Hero: folds
ede133eb: folds
788cbcd2: folds
Uncalled bet ($0.03) returned to f5c18075
*** SHOWDOWN ***
f5c18075 collected $0.04 from pot
*** SUMMARY ***
Total pot $0.04 | Rake $0 | Jackpot $0 | Bingo $0 | Fortune $0
Seat 1: fbc5d0fc folded before Flop (didn't bet)
Seat 2: 5cfa5182 folded before Flop (didn't bet)
Seat 3: Hero folded before Flop (didn't bet)
Seat 4: ede133eb (button) folded before Flop (didn't bet)
Seat 5: 788cbcd2 (small blind) folded before Flop
Seat 6: f5c18075 (big blind) collected ($0.04)


Poker Hand #HD1207141833: Hold'em No Limit  ($0.02/$0.05) - 2023/04/17 22:18:26
Table 'NLHBlue93' 6-max Seat #3 is the button
Seat 1: fbc5d0fc ($7.93 in chips)
Seat 2: 5cfa5182 ($5.19 in chips)
Seat 3: Hero ($5.64 in chips)
Seat 4: ede133eb ($7.99 in chips)
Seat 5: 788cbcd2 ($5 in chips)
Seat 6: f5c18075 ($4.64 in chips)
ede133eb: posts small blind $0.02
788cbcd2: posts big blind $0.05
*** HOLE CARDS ***
Dealt to fbc5d0fc 
Dealt to 5cfa5182 
Dealt to Hero [Ac Qh]
Dealt to ede133eb 
Dealt to 788cbcd2 
Dealt to f5c18075 
f5c18075: raises $0.1 to $0.15
fbc5d0fc: folds
5cfa5182: folds
Hero: calls $0.15
ede133eb: folds
788cbcd2: folds
*** FLOP *** [8h As Qd]
f5c18075: checks
Hero: bets $0.28
f5c18075: folds
Uncalled bet ($0.28) returned to Hero
*** SHOWDOWN ***
Hero collected $0.36 from pot
*** SUMMARY ***
Total pot $0.37 | Rake $0.01 | Jackpot $0 | Bingo $0 | Fortune $0
Board [8h As Qd]
Seat 1: fbc5d0fc folded before Flop (didn't bet)
Seat 2: 5cfa5182 folded before Flop (didn't bet)
Seat 3: Hero (button) won ($0.36)
Seat 4: ede133eb (small blind) folded before Flop
Seat 5: 788cbcd2 (big blind) folded before Flop
Seat 6: f5c18075 folded on the Flop


Poker Hand #HD1207141783: Hold'em No Limit  ($0.02/$0.05) - 2023/04/17 22:17:59
Table 'NLHBlue93' 6-max Seat #2 is the button
Seat 1: fbc5d0fc ($7.93 in chips)
Seat 2: 5cfa5182 ($5.19 in chips)
Seat 3: Hero ($5.51 in chips)
Seat 4: ede133eb ($8.13 in chips)
Seat 5: 788cbcd2 ($5 in chips)
Seat 6: f5c18075 ($4.64 in chips)
Hero: posts small blind $0.02
ede133eb: posts big blind $0.05
*** HOLE CARDS ***
Dealt to fbc5d0fc 
Dealt to 5cfa5182 
Dealt to Hero [Ac 5h]
Dealt to ede133eb 
Dealt to 788cbcd2 
Dealt to f5c18075 
788cbcd2: folds
f5c18075: folds
fbc5d0fc: folds
5cfa5182: folds
Hero: raises $0.09 to $0.14
ede133eb: calls $0.09
*** FLOP *** [8d 3h 5d]
Hero: bets $0.14
ede133eb: folds
Uncalled bet ($0.14) returned to Hero
*** SHOWDOWN ***
Hero collected $0.27 from pot
*** SUMMARY ***
Total pot $0.28 | Rake $0.01 | Jackpot $0 | Bingo $0 | Fortune $0
Board [8d 3h 5d]
Seat 1: fbc5d0fc folded before Flop (didn't bet)
Seat 2: 5cfa5182 (button) folded before Flop (didn't bet)
Seat 3: Hero (small blind) won ($0.27)
Seat 4: ede133eb (big blind) folded on the Flop
Seat 5: 788cbcd2 folded before Flop (didn't bet)
Seat 6: f5c18075 folded before Flop (didn't bet)


Poker Hand #HD1207141705: Hold'em No Limit  ($0.02/$0.05) - 2023/04/17 22:17:25
Table 'NLHBlue93' 6-max Seat #1 is the button
Seat 1: fbc5d0fc ($7.37 in chips)
Seat 2: 5cfa5182 ($5.75 in chips)
Seat 3: Hero ($5.56 in chips)
Seat 4: ede133eb ($8.13 in chips)
Seat 5: 788cbcd2 ($5 in chips)
Seat 6: f5c18075 ($4.64 in chips)
5cfa5182: posts small blind $0.02
Hero: posts big blind $0.05
*** HOLE CARDS ***
Dealt to fbc5d0fc 
Dealt to 5cfa5182 
Dealt to Hero [Jh 9d]
Dealt to ede133eb 
Dealt to 788cbcd2 
Dealt to f5c18075 
ede133eb: folds
788cbcd2: folds
f5c18075: folds
fbc5d0fc: raises $0.08 to $0.13
5cfa5182: raises $0.43 to $0.56
Hero: folds
fbc5d0fc: raises $0.69 to $1.25
5cfa5182: folds
Uncalled bet ($0.69) returned to fbc5d0fc
*** SHOWDOWN ***
fbc5d0fc collected $1.12 from pot
*** SUMMARY ***
Total pot $1.17 | Rake $0.05 | Jackpot $0 | Bingo $0 | Fortune $0
Seat 1: fbc5d0fc (button) collected ($1.12)
Seat 2: 5cfa5182 (small blind) folded before Flop
Seat 3: Hero (big blind) folded before Flop
Seat 4: ede133eb folded before Flop (didn't bet)
Seat 5: 788cbcd2 folded before Flop (didn't bet)
Seat 6: f5c18075 folded before Flop (didn't bet)


Poker Hand #HD1207141652: Hold'em No Limit  ($0.02/$0.05) - 2023/04/17 22:16:55
Table 'NLHBlue93' 6-max Seat #6 is the button
Seat 1: fbc5d0fc ($7.23 in chips)
Seat 2: 5cfa5182 ($5.8 in chips)
Seat 3: Hero ($5.56 in chips)
Seat 4: ede133eb ($8.13 in chips)
Seat 5: 788cbcd2 ($5 in chips)
Seat 6: f5c18075 ($4.74 in chips)
fbc5d0fc: posts small blind $0.02
5cfa5182: posts big blind $0.05
*** HOLE CARDS ***
Dealt to fbc5d0fc 
Dealt to 5cfa5182 
Dealt to Hero [9d Ah]
Dealt to ede133eb 
Dealt to 788cbcd2 
Dealt to f5c18075 
Hero: folds
ede133eb: folds
788cbcd2: folds
f5c18075: raises $0.05 to $0.1
fbc5d0fc: raises $0.4 to $0.5
5cfa5182: folds
f5c18075: folds
Uncalled bet ($0.4) returned to fbc5d0fc
*** SHOWDOWN ***
fbc5d0fc collected $0.24 from pot
*** SUMMARY ***
Total pot $0.25 | Rake $0.01 | Jackpot $0 | Bingo $0 | Fortune $0
Seat 1: fbc5d0fc (small blind) collected ($0.24)
Seat 2: 5cfa5182 (big blind) folded before Flop
Seat 3: Hero folded before Flop (didn't bet)
Seat 4: ede133eb folded before Flop (didn't bet)
Seat 5: 788cbcd2 folded before Flop (didn't bet)
Seat 6: f5c18075 (button) folded before Flop


Poker Hand #HD1207141568: Hold'em No Limit  ($0.02/$0.05) - 2023/04/17 22:16:10
Table 'NLHBlue93' 6-max Seat #5 is the button
Seat 1: fbc5d0fc ($7.28 in chips)
Seat 2: 5cfa5182 ($5.8 in chips)
Seat 3: Hero ($5 in chips)
Seat 4: ede133eb ($8.13 in chips)
Seat 5: 788cbcd2 ($5 in chips)
Seat 6: f5c18075 ($5.31 in chips)
f5c18075: posts small blind $0.02
fbc5d0fc: posts big blind $0.05
*** HOLE CARDS ***
Dealt to fbc5d0fc 
Dealt to 5cfa5182 
Dealt to Hero [6h 6s]
Dealt to ede133eb 
Dealt to 788cbcd2 
Dealt to f5c18075 
5cfa5182: folds
Hero: raises $0.07 to $0.12
ede133eb: folds
788cbcd2: folds
f5c18075: calls $0.1
fbc5d0fc: folds
*** FLOP *** [4c 3h 2h]
f5c18075: bets $0.15
Hero: calls $0.15
*** TURN *** [4c 3h 2h] [8d]
f5c18075: checks
Hero: bets $0.3
f5c18075: calls $0.3
*** RIVER *** [4c 3h 2h 8d] [3s]
f5c18075: checks
Hero: checks
f5c18075: shows [5h 7h] (Pair of Treys)
Hero: shows [6h 6s] (Pair of Sixes and Pair of Treys)
*** SHOWDOWN ***
Hero collected $1.13 from pot
*** SUMMARY ***
Total pot $1.19 | Rake $0.06 | Jackpot $0 | Bingo $0 | Fortune $0
Board [4c 3h 2h 8d 3s]
Seat 1: fbc5d0fc (big blind) folded before Flop
Seat 2: 5cfa5182 folded before Flop (didn't bet)
Seat 3: Hero showed [6h 6s] and won ($1.13) with Pair of Sixes and Pair of Treys
Seat 4: ede133eb folded before Flop (didn't bet)
Seat 5: 788cbcd2 (button) folded before Flop (didn't bet)
Seat 6: f5c18075 (small blind) showed [5h 7h] and lost with Pair of Treys


Poker Hand #HD1207141473: Hold'em No Limit  ($0.02/$0.05) - 2023/04/17 22:15:18
Table 'NLHBlue93' 6-max Seat #4 is the button
Seat 1: fbc5d0fc ($7.28 in chips)
Seat 2: 5cfa5182 ($5.8 in chips)
Seat 3: Hero ($5 in chips)
Seat 4: ede133eb ($8.13 in chips)
Seat 5: 788cbcd2 ($5 in chips)
Seat 6: f5c18075 ($5 in chips)
788cbcd2: posts small blind $0.02
f5c18075: posts big blind $0.05
*** HOLE CARDS ***
Dealt to fbc5d0fc 
Dealt to 5cfa5182 
Dealt to Hero [Qc Jh]
Dealt to ede133eb 
Dealt to 788cbcd2 
Dealt to f5c18075 
fbc5d0fc: folds
5cfa5182: folds
Hero: raises $0.07 to $0.12
ede133eb: folds
788cbcd2: folds
f5c18075: calls $0.07
*** FLOP *** [Jd 4s Kh]
f5c18075: bets $0.2
Hero: calls $0.2
*** TURN *** [Jd 4s Kh] [8h]
f5c18075: checks
Hero: checks
*** RIVER *** [Jd 4s Kh 8h] [7h]
f5c18075: bets $0.22
Hero: folds
Uncalled bet ($0.22) returned to f5c18075
*** SHOWDOWN ***
f5c18075 collected $0.63 from pot
*** SUMMARY ***
Total pot $0.66 | Rake $0.03 | Jackpot $0 | Bingo $0 | Fortune $0
Board [Jd 4s Kh 8h 7h]
Seat 1: fbc5d0fc folded before Flop (didn't bet)
Seat 2: 5cfa5182 folded before Flop (didn't bet)
Seat 3: Hero folded on the River
Seat 4: ede133eb (button) folded before Flop (didn't bet)
Seat 5: 788cbcd2 (small blind) folded before Flop
Seat 6: f5c18075 (big blind) won ($0.63)


Poker Hand #HD1207141449: Hold'em No Limit  ($0.02/$0.05) - 2023/04/17 22:15:07
Table 'NLHBlue93' 6-max Seat #3 is the button
Seat 1: fbc5d0fc ($7.21 in chips)
Seat 2: 5cfa5182 ($5.8 in chips)
Seat 3: Hero ($5 in chips)
Seat 4: ede133eb ($8.15 in chips)
Seat 5: 788cbcd2 ($5 in chips)
ede133eb: posts small blind $0.02
788cbcd2: posts big blind $0.05
*** HOLE CARDS ***
Dealt to fbc5d0fc 
Dealt to 5cfa5182 
Dealt to Hero [4s Jd]
Dealt to ede133eb 
Dealt to 788cbcd2 
fbc5d0fc: raises $0.08 to $0.13
5cfa5182: folds
Hero: folds
ede133eb: folds
788cbcd2: folds
Uncalled bet ($0.08) returned to fbc5d0fc
*** SHOWDOWN ***
fbc5d0fc collected $0.12 from pot
*** SUMMARY ***
Total pot $0.12 | Rake $0 | Jackpot $0 | Bingo $0 | Fortune $0
Seat 1: fbc5d0fc collected ($0.12)
Seat 2: 5cfa5182 folded before Flop (didn't bet)
Seat 3: Hero (button) folded before Flop (didn't bet)
Seat 4: ede133eb (small blind) folded before Flop
Seat 5: 788cbcd2 (big blind) folded before Flop


Poker Hand #HD1207141403: Hold'em No Limit  ($0.02/$0.05) - 2023/04/17 22:14:43
Table 'NLHBlue93' 6-max Seat #2 is the button
Seat 1: fbc5d0fc ($7.34 in chips)
Seat 2: 5cfa5182 ($5.61 in chips)
Seat 3: Hero ($5 in chips)
Seat 4: ede133eb ($8.2 in chips)
Hero: posts small blind $0.02
ede133eb: posts big blind $0.05
*** HOLE CARDS ***
Dealt to fbc5d0fc 
Dealt to 5cfa5182 
Dealt to Hero [Ts 3d]
Dealt to ede133eb 
fbc5d0fc: raises $0.08 to $0.13
5cfa5182: raises $0.25 to $0.38
Hero: folds
ede133eb: folds
fbc5d0fc: folds
Uncalled bet ($0.25) returned to 5cfa5182
*** SHOWDOWN ***
5cfa5182 collected $0.32 from pot
*** SUMMARY ***
Total pot $0.33 | Rake $0.01 | Jackpot $0 | Bingo $0 | Fortune $0
Seat 1: fbc5d0fc folded before Flop
Seat 2: 5cfa5182 (button) collected ($0.32)
Seat 3: Hero (small blind) folded before Flop
Seat 4: ede133eb (big blind) folded before Flop


Poker Hand #HD1207141379: Hold'em No Limit  ($0.02/$0.05) - 2023/04/17 22:14:28
Table 'NLHBlue93' 6-max Seat #1 is the button
Seat 1: fbc5d0fc ($7.34 in chips)
Seat 2: 5cfa5182 ($5.63 in chips)
Seat 3: Hero ($5 in chips)
Seat 4: ede133eb ($8.13 in chips)
5cfa5182: posts small blind $0.02
Hero: posts big blind $0.05
*** HOLE CARDS ***
Dealt to fbc5d0fc 
Dealt to 5cfa5182 
Dealt to Hero [Qc 9h]
Dealt to ede133eb 
ede133eb: raises $0.08 to $0.13
fbc5d0fc: folds
5cfa5182: folds
Hero: folds
Uncalled bet ($0.08) returned to ede133eb
*** SHOWDOWN ***
ede133eb collected $0.12 from pot
*** SUMMARY ***
Total pot $0.12 | Rake $0 | Jackpot $0 | Bingo $0 | Fortune $0
Seat 1: fbc5d0fc (button) folded before Flop (didn't bet)
Seat 2: 5cfa5182 (small blind) folded before Flop
Seat 3: Hero (big blind) folded before Flop
Seat 4: ede133eb collected ($0.12)


Poker Hand #HD1207141276: Hold'em No Limit  ($0.02/$0.05) - 2023/04/17 22:13:37
Table 'NLHBlue93' 6-max Seat #4 is the button
Seat 1: fbc5d0fc ($7.36 in chips)
Seat 2: 5cfa5182 ($5.68 in chips)
Seat 3: Hero ($5.79 in chips)
Seat 4: ede133eb ($5.54 in chips)
fbc5d0fc: posts small blind $0.02
5cfa5182: posts big blind $0.05
*** HOLE CARDS ***
Dealt to fbc5d0fc 
Dealt to 5cfa5182 
Dealt to Hero [Kd Qh]
Dealt to ede133eb 
Hero: raises $0.07 to $0.12
ede133eb: raises $0.26 to $0.38
fbc5d0fc: folds
5cfa5182: folds
Hero: calls $0.26
*** FLOP *** [5h Qd 8s]
Hero: bets $0.42
ede133eb: calls $0.42
*** TURN *** [5h Qd 8s] [3d]
Hero: bets $0.84
ede133eb: calls $0.84
*** RIVER *** [5h Qd 8s 3d] [3h]
Hero: bets $1.21
ede133eb: calls $1.21
Hero: shows [Kd Qh] (Pair of Queens and Pair of Treys)
ede133eb: shows [As Ac] (Pair of Aces and Pair of Treys)
*** SHOWDOWN ***
ede133eb collected $5.44 from pot
*** SUMMARY ***
Total pot $5.77 | Rake $0.28 | Jackpot $0.05 | Bingo $0 | Fortune $0
Board [5h Qd 8s 3d 3h]
Seat 1: fbc5d0fc (small blind) folded before Flop
Seat 2: 5cfa5182 (big blind) folded before Flop
Seat 3: Hero showed [Kd Qh] and lost with Pair of Queens and Pair of Treys
Seat 4: ede133eb (button) showed [As Ac] and won ($5.44) with Pair of Aces and Pair of Treys


Poker Hand #HD1207141223: Hold'em No Limit  ($0.02/$0.05) - 2023/04/17 22:13:11
Table 'NLHBlue93' 6-max Seat #3 is the button
Seat 1: fbc5d0fc ($7.29 in chips)
Seat 2: 5cfa5182 ($5.68 in chips)
Seat 3: Hero ($5.79 in chips)
Seat 4: ede133eb ($5.56 in chips)
Seat 5: 788cbcd2 ($5 in chips)
ede133eb: posts small blind $0.02
788cbcd2: posts big blind $0.05
*** HOLE CARDS ***
Dealt to fbc5d0fc 
Dealt to 5cfa5182 
Dealt to Hero [7h 8d]
Dealt to ede133eb 
Dealt to 788cbcd2 
fbc5d0fc: raises $0.05 to $0.1
5cfa5182: folds
Hero: folds
ede133eb: folds
788cbcd2: folds
Uncalled bet ($0.05) returned to fbc5d0fc
*** SHOWDOWN ***
fbc5d0fc collected $0.12 from pot
*** SUMMARY ***
Total pot $0.12 | Rake $0 | Jackpot $0 | Bingo $0 | Fortune $0
Seat 1: fbc5d0fc collected ($0.12)
Seat 2: 5cfa5182 folded before Flop (didn't bet)
Seat 3: Hero (button) folded before Flop (didn't bet)
Seat 4: ede133eb (small blind) folded before Flop
Seat 5: 788cbcd2 (big blind) folded before Flop


Poker Hand #HD1207141197: Hold'em No Limit  ($0.02/$0.05) - 2023/04/17 22:12:56
Table 'NLHBlue93' 6-max Seat #2 is the button
Seat 1: fbc5d0fc ($7.29 in chips)
Seat 2: 5cfa5182 ($5.61 in chips)
Seat 3: Hero ($5.81 in chips)
Seat 4: ede133eb ($5.61 in chips)
Seat 5: 788cbcd2 ($5 in chips)
Hero: posts small blind $0.02
ede133eb: posts big blind $0.05
*** HOLE CARDS ***
Dealt to fbc5d0fc 
Dealt to 5cfa5182 
Dealt to Hero [2h 9c]
Dealt to ede133eb 
Dealt to 788cbcd2 
788cbcd2: folds
fbc5d0fc: folds
5cfa5182: raises $0.05 to $0.1
Hero: folds
ede133eb: folds
Uncalled bet ($0.05) returned to 5cfa5182
*** SHOWDOWN ***
5cfa5182 collected $0.12 from pot
*** SUMMARY ***
Total pot $0.12 | Rake $0 | Jackpot $0 | Bingo $0 | Fortune $0
Seat 1: fbc5d0fc folded before Flop (didn't bet)
Seat 2: 5cfa5182 (button) collected ($0.12)
Seat 3: Hero (small blind) folded before Flop
Seat 4: ede133eb (big blind) folded before Flop
Seat 5: 788cbcd2 folded before Flop (didn't bet)


Poker Hand #HD1207141166: Hold'em No Limit  ($0.02/$0.05) - 2023/04/17 22:12:40
Table 'NLHBlue93' 6-max Seat #1 is the button
Seat 1: fbc5d0fc ($7.22 in chips)
Seat 2: 5cfa5182 ($5.63 in chips)
Seat 3: Hero ($5.86 in chips)
Seat 4: ede133eb ($5.61 in chips)
Seat 5: 788cbcd2 ($5 in chips)
5cfa5182: posts small blind $0.02
Hero: posts big blind $0.05
*** HOLE CARDS ***
Dealt to fbc5d0fc 
Dealt to 5cfa5182 
Dealt to Hero [Tc 2c]
Dealt to ede133eb 
Dealt to 788cbcd2 
ede133eb: folds
788cbcd2: folds
fbc5d0fc: raises $0.08 to $0.13
5cfa5182: folds
Hero: folds
Uncalled bet ($0.08) returned to fbc5d0fc
*** SHOWDOWN ***
fbc5d0fc collected $0.12 from pot
*** SUMMARY ***
Total pot $0.12 | Rake $0 | Jackpot $0 | Bingo $0 | Fortune $0
Seat 1: fbc5d0fc (button) collected ($0.12)
Seat 2: 5cfa5182 (small blind) folded before Flop
Seat 3: Hero (big blind) folded before Flop
Seat 4: ede133eb folded before Flop (didn't bet)
Seat 5: 788cbcd2 folded before Flop (didn't bet)


Poker Hand #HD1207141102: Hold'em No Limit  ($0.02/$0.05) - 2023/04/17 22:12:07
Table 'NLHBlue93' 6-max Seat #5 is the button
Seat 1: fbc5d0fc ($7.7 in chips)
Seat 2: 5cfa5182 ($5.19 in chips)
Seat 3: Hero ($5.86 in chips)
Seat 4: ede133eb ($5.61 in chips)
Seat 5: 788cbcd2 ($5 in chips)
fbc5d0fc: posts small blind $0.02
5cfa5182: posts big blind $0.05
*** HOLE CARDS ***
Dealt to fbc5d0fc 
Dealt to 5cfa5182 
Dealt to Hero [9d Jc]
Dealt to ede133eb 
Dealt to 788cbcd2 
Hero: folds
ede133eb: folds
788cbcd2: folds
fbc5d0fc: raises $0.1 to $0.15
5cfa5182: raises $0.33 to $0.48
fbc5d0fc: calls $0.33
*** FLOP *** [Kd Tc 4h]
fbc5d0fc: checks
5cfa5182: bets $0.32
fbc5d0fc: folds
Uncalled bet ($0.32) returned to 5cfa5182
*** SHOWDOWN ***
5cfa5182 collected $0.92 from pot
*** SUMMARY ***
Total pot $0.96 | Rake $0.04 | Jackpot $0 | Bingo $0 | Fortune $0
Board [Kd Tc 4h]
Seat 1: fbc5d0fc (small blind) folded on the Flop
Seat 2: 5cfa5182 (big blind) won ($0.92)
Seat 3: Hero folded before Flop (didn't bet)
Seat 4: ede133eb folded before Flop (didn't bet)
Seat 5: 788cbcd2 (button) folded before Flop (didn't bet)


Poker Hand #HD1207141082: Hold'em No Limit  ($0.02/$0.05) - 2023/04/17 22:11:57
Table 'NLHBlue93' 6-max Seat #4 is the button
Seat 1: fbc5d0fc ($7.68 in chips)
Seat 2: 5cfa5182 ($5.19 in chips)
Seat 3: Hero ($5.86 in chips)
Seat 4: ede133eb ($5.61 in chips)
Seat 5: 788cbcd2 ($5 in chips)
788cbcd2: posts small blind $0.02
fbc5d0fc: posts big blind $0.05
*** HOLE CARDS ***
Dealt to fbc5d0fc 
Dealt to 5cfa5182 
Dealt to Hero [4d 2h]
Dealt to ede133eb 
Dealt to 788cbcd2 
5cfa5182: folds
Hero: folds
ede133eb: folds
788cbcd2: folds
Uncalled bet ($0.03) returned to fbc5d0fc
*** SHOWDOWN ***
fbc5d0fc collected $0.04 from pot
*** SUMMARY ***
Total pot $0.04 | Rake $0 | Jackpot $0 | Bingo $0 | Fortune $0
Seat 1: fbc5d0fc (big blind) collected ($0.04)
Seat 2: 5cfa5182 folded before Flop (didn't bet)
Seat 3: Hero folded before Flop (didn't bet)
Seat 4: ede133eb (button) folded before Flop (didn't bet)
Seat 5: 788cbcd2 (small blind) folded before Flop


Poker Hand #HD1207141041: Hold'em No Limit  ($0.02/$0.05) - 2023/04/17 22:11:37
Table 'NLHBlue93' 6-max Seat #3 is the button
Seat 1: fbc5d0fc ($7.68 in chips)
Seat 2: 5cfa5182 ($5.19 in chips)
Seat 3: Hero ($5.79 in chips)
Seat 4: ede133eb ($5.63 in chips)
Seat 5: 788cbcd2 ($5 in chips)
ede133eb: posts small blind $0.02
788cbcd2: posts big blind $0.05
*** HOLE CARDS ***
Dealt to fbc5d0fc 
Dealt to 5cfa5182 
Dealt to Hero [3h Ac]
Dealt to ede133eb 
Dealt to 788cbcd2 
fbc5d0fc: folds
5cfa5182: folds
Hero: raises $0.07 to $0.12
ede133eb: folds
788cbcd2: folds
Uncalled bet ($0.07) returned to Hero
*** SHOWDOWN ***
Hero collected $0.12 from pot
*** SUMMARY ***
Total pot $0.12 | Rake $0 | Jackpot $0 | Bingo $0 | Fortune $0
Seat 1: fbc5d0fc folded before Flop (didn't bet)
Seat 2: 5cfa5182 folded before Flop (didn't bet)
Seat 3: Hero (button) collected ($0.12)
Seat 4: ede133eb (small blind) folded before Flop
Seat 5: 788cbcd2 (big blind) folded before Flop


Poker Hand #HD1207140981: Hold'em No Limit  ($0.02/$0.05) - 2023/04/17 22:11:07
Table 'NLHBlue93' 6-max Seat #2 is the button
Seat 1: fbc5d0fc ($7.68 in chips)
Seat 2: 5cfa5182 ($5.12 in chips)
Seat 3: Hero ($5.81 in chips)
Seat 4: ede133eb ($5.68 in chips)
Seat 5: 788cbcd2 ($5 in chips)
Seat 6: 62cc8146 ($4.93 in chips)
Hero: posts small blind $0.02
ede133eb: posts big blind $0.05
*** HOLE CARDS ***
Dealt to fbc5d0fc 
Dealt to 5cfa5182 
Dealt to Hero [9d 7h]
Dealt to ede133eb 
Dealt to 788cbcd2 
Dealt to 62cc8146 
788cbcd2: folds
62cc8146: folds
fbc5d0fc: folds
5cfa5182: raises $0.05 to $0.1
Hero: folds
ede133eb: folds
Uncalled bet ($0.05) returned to 5cfa5182
*** SHOWDOWN ***
5cfa5182 collected $0.12 from pot
*** SUMMARY ***
Total pot $0.12 | Rake $0 | Jackpot $0 | Bingo $0 | Fortune $0
Seat 1: fbc5d0fc folded before Flop (didn't bet)
Seat 2: 5cfa5182 (button) collected ($0.12)
Seat 3: Hero (small blind) folded before Flop
Seat 4: ede133eb (big blind) folded before Flop
Seat 5: 788cbcd2 folded before Flop (didn't bet)
Seat 6: 62cc8146 folded before Flop (didn't bet)


Poker Hand #HD1207140954: Hold'em No Limit  ($0.02/$0.05) - 2023/04/17 22:10:52
Table 'NLHBlue93' 6-max Seat #1 is the button
Seat 1: fbc5d0fc ($7.68 in chips)
Seat 2: 5cfa5182 ($5.14 in chips)
Seat 3: Hero ($5.86 in chips)
Seat 4: ede133eb ($5.68 in chips)
Seat 5: 788cbcd2 ($5 in chips)
Seat 6: 62cc8146 ($4.86 in chips)
5cfa5182: posts small blind $0.02
Hero: posts big blind $0.05
*** HOLE CARDS ***
Dealt to fbc5d0fc 
Dealt to 5cfa5182 
Dealt to Hero [2h 6d]
Dealt to ede133eb 
Dealt to 788cbcd2 
Dealt to 62cc8146 
ede133eb: folds
788cbcd2: folds
62cc8146: raises $0.05 to $0.1
fbc5d0fc: folds
5cfa5182: folds
Hero: folds
Uncalled bet ($0.05) returned to 62cc8146
*** SHOWDOWN ***
62cc8146 collected $0.12 from pot
*** SUMMARY ***
Total pot $0.12 | Rake $0 | Jackpot $0 | Bingo $0 | Fortune $0
Seat 1: fbc5d0fc (button) folded before Flop (didn't bet)
Seat 2: 5cfa5182 (small blind) folded before Flop
Seat 3: Hero (big blind) folded before Flop
Seat 4: ede133eb folded before Flop (didn't bet)
Seat 5: 788cbcd2 folded before Flop (didn't bet)
Seat 6: 62cc8146 collected ($0.12)


Poker Hand #HD1207140877: Hold'em No Limit  ($0.02/$0.05) - 2023/04/17 22:10:19
Table 'NLHBlue93' 6-max Seat #6 is the button
Seat 1: fbc5d0fc ($7.83 in chips)
Seat 2: 5cfa5182 ($5 in chips)
Seat 3: Hero ($5.86 in chips)
Seat 4: ede133eb ($5.68 in chips)
Seat 5: 788cbcd2 ($5 in chips)
Seat 6: 62cc8146 ($4.86 in chips)
fbc5d0fc: posts small blind $0.02
5cfa5182: posts big blind $0.05
*** HOLE CARDS ***
Dealt to fbc5d0fc 
Dealt to 5cfa5182 
Dealt to Hero [3d Js]
Dealt to ede133eb 
Dealt to 788cbcd2 
Dealt to 62cc8146 
Hero: folds
ede133eb: folds
788cbcd2: folds
62cc8146: folds
fbc5d0fc: raises $0.1 to $0.15
5cfa5182: calls $0.1
*** FLOP *** [3c Kd Kh]
fbc5d0fc: checks
5cfa5182: bets $0.1
fbc5d0fc: folds
Uncalled bet ($0.1) returned to 5cfa5182
*** SHOWDOWN ***
5cfa5182 collected $0.29 from pot
*** SUMMARY ***
Total pot $0.3 | Rake $0.01 | Jackpot $0 | Bingo $0 | Fortune $0
Board [3c Kd Kh]
Seat 1: fbc5d0fc (small blind) folded on the Flop
Seat 2: 5cfa5182 (big blind) won ($0.29)
Seat 3: Hero folded before Flop (didn't bet)
Seat 4: ede133eb folded before Flop (didn't bet)
Seat 5: 788cbcd2 folded before Flop (didn't bet)
Seat 6: 62cc8146 (button) folded before Flop (didn't bet)


Poker Hand #HD1207140832: Hold'em No Limit  ($0.02/$0.05) - 2023/04/17 22:09:56
Table 'NLHBlue93' 6-max Seat #5 is the button
Seat 1: fbc5d0fc ($7.88 in chips)
Seat 3: Hero ($5.86 in chips)
Seat 4: ede133eb ($5.81 in chips)
Seat 5: 788cbcd2 ($5 in chips)
Seat 6: 62cc8146 ($4.69 in chips)
62cc8146: posts small blind $0.02
fbc5d0fc: posts big blind $0.05
*** HOLE CARDS ***
Dealt to fbc5d0fc 
Dealt to Hero [2h 8c]
Dealt to ede133eb 
Dealt to 788cbcd2 
Dealt to 62cc8146 
Hero: folds
ede133eb: raises $0.08 to $0.13
788cbcd2: folds
62cc8146: calls $0.11
fbc5d0fc: folds
*** FLOP *** [5h 3c 5c]
62cc8146: checks
ede133eb: checks
*** TURN *** [5h 3c 5c] [6c]
62cc8146: bets $0.15
ede133eb: folds
Uncalled bet ($0.15) returned to 62cc8146
*** SHOWDOWN ***
62cc8146 collected $0.3 from pot
*** SUMMARY ***
Total pot $0.31 | Rake $0.01 | Jackpot $0 | Bingo $0 | Fortune $0
Board [5h 3c 5c 6c]
Seat 1: fbc5d0fc (big blind) folded before Flop
Seat 3: Hero folded before Flop (didn't bet)
Seat 4: ede133eb folded on the Turn
Seat 5: 788cbcd2 (button) folded before Flop (didn't bet)
Seat 6: 62cc8146 (small blind) won ($0.3)


Poker Hand #HD1207140809: Hold'em No Limit  ($0.02/$0.05) - 2023/04/17 22:09:47
Table 'NLHBlue93' 6-max Seat #4 is the button
Seat 1: fbc5d0fc ($7.88 in chips)
Seat 3: Hero ($5.86 in chips)
Seat 4: ede133eb ($5.74 in chips)
Seat 5: 788cbcd2 ($5 in chips)
Seat 6: 62cc8146 ($4.74 in chips)
788cbcd2: posts small blind $0.02
62cc8146: posts big blind $0.05
*** HOLE CARDS ***
Dealt to fbc5d0fc 
Dealt to Hero [2c Ad]
Dealt to ede133eb 
Dealt to 788cbcd2 
Dealt to 62cc8146 
fbc5d0fc: folds
Hero: folds
ede133eb: raises $0.05 to $0.1
788cbcd2: folds
62cc8146: folds
Uncalled bet ($0.05) returned to ede133eb
*** SHOWDOWN ***
ede133eb collected $0.12 from pot
*** SUMMARY ***
Total pot $0.12 | Rake $0 | Jackpot $0 | Bingo $0 | Fortune $0
Seat 1: fbc5d0fc folded before Flop (didn't bet)
Seat 3: Hero folded before Flop (didn't bet)
Seat 4: ede133eb (button) collected ($0.12)
Seat 5: 788cbcd2 (small blind) folded before Flop
Seat 6: 62cc8146 (big blind) folded before Flop


Poker Hand #HD1207140722: Hold'em No Limit  ($0.02/$0.05) - 2023/04/17 22:09:06
Table 'NLHBlue93' 6-max Seat #3 is the button
Seat 1: fbc5d0fc ($7.88 in chips)
Seat 3: Hero ($5.52 in chips)
Seat 4: ede133eb ($5.76 in chips)
Seat 5: 788cbcd2 ($5 in chips)
Seat 6: 62cc8146 ($5.04 in chips)
ede133eb: posts small blind $0.02
788cbcd2: posts big blind $0.05
*** HOLE CARDS ***
Dealt to fbc5d0fc 
Dealt to Hero [Ah Qc]
Dealt to ede133eb 
Dealt to 788cbcd2 
Dealt to 62cc8146 
62cc8146: raises $0.05 to $0.1
fbc5d0fc: folds
Hero: raises $0.2 to $0.3
ede133eb: folds
788cbcd2: folds
62cc8146: calls $0.2
*** FLOP *** [Kc Js 5s]
62cc8146: checks
Hero: bets $0.48
62cc8146: folds
Uncalled bet ($0.48) returned to Hero
*** SHOWDOWN ***
Hero collected $0.64 from pot
*** SUMMARY ***
Total pot $0.67 | Rake $0.03 | Jackpot $0 | Bingo $0 | Fortune $0
Board [Kc Js 5s]
Seat 1: fbc5d0fc folded before Flop (didn't bet)
Seat 3: Hero (button) won ($0.64)
Seat 4: ede133eb (small blind) folded before Flop
Seat 5: 788cbcd2 (big blind) folded before Flop
Seat 6: 62cc8146 folded on the Flop


Poker Hand #HD1207140698: Hold'em No Limit  ($0.02/$0.05) - 2023/04/17 22:08:51
Table 'NLHBlue93' 6-max Seat #1 is the button
Seat 1: fbc5d0fc ($7.81 in chips)
Seat 3: Hero ($5.54 in chips)
Seat 4: ede133eb ($5.81 in chips)
Seat 5: 788cbcd2 ($5 in chips)
Seat 6: 62cc8146 ($5.04 in chips)
Hero: posts small blind $0.02
ede133eb: posts big blind $0.05
*** HOLE CARDS ***
Dealt to fbc5d0fc 
Dealt to Hero [6s Ts]
Dealt to ede133eb 
Dealt to 788cbcd2 
Dealt to 62cc8146 
788cbcd2: folds
62cc8146: folds
fbc5d0fc: raises $0.08 to $0.13
Hero: folds
ede133eb: folds
Uncalled bet ($0.08) returned to fbc5d0fc
*** SHOWDOWN ***
fbc5d0fc collected $0.12 from pot
*** SUMMARY ***
Total pot $0.12 | Rake $0 | Jackpot $0 | Bingo $0 | Fortune $0
Seat 1: fbc5d0fc (button) collected ($0.12)
Seat 3: Hero (small blind) folded before Flop
Seat 4: ede133eb (big blind) folded before Flop
Seat 5: 788cbcd2 folded before Flop (didn't bet)
Seat 6: 62cc8146 folded before Flop (didn't bet)


Poker Hand #HD1207140667: Hold'em No Limit  ($0.02/$0.05) - 2023/04/17 22:08:36
Table 'NLHBlue93' 6-max Seat #6 is the button
Seat 1: fbc5d0fc ($7.83 in chips)
Seat 3: Hero ($5.59 in chips)
Seat 4: ede133eb ($5.74 in chips)
Seat 5: 788cbcd2 ($5 in chips)
Seat 6: 62cc8146 ($5.04 in chips)
fbc5d0fc: posts small blind $0.02
Hero: posts big blind $0.05
*** HOLE CARDS ***
Dealt to fbc5d0fc 
Dealt to Hero [Js 4d]
Dealt to ede133eb 
Dealt to 788cbcd2 
Dealt to 62cc8146 
ede133eb: raises $0.08 to $0.13
788cbcd2: folds
62cc8146: folds
fbc5d0fc: folds
Hero: folds
Uncalled bet ($0.08) returned to ede133eb
*** SHOWDOWN ***
ede133eb collected $0.12 from pot
*** SUMMARY ***
Total pot $0.12 | Rake $0 | Jackpot $0 | Bingo $0 | Fortune $0
Seat 1: fbc5d0fc (small blind) folded before Flop
Seat 3: Hero (big blind) folded before Flop
Seat 4: ede133eb collected ($0.12)
Seat 5: 788cbcd2 folded before Flop (didn't bet)
Seat 6: 62cc8146 (button) folded before Flop (didn't bet)


Poker Hand #HD1207140627: Hold'em No Limit  ($0.02/$0.05) - 2023/04/17 22:08:16
Table 'NLHBlue93' 6-max Seat #5 is the button
Seat 1: fbc5d0fc ($7.88 in chips)
Seat 3: Hero ($5.59 in chips)
Seat 4: ede133eb ($5.74 in chips)
Seat 5: 788cbcd2 ($5 in chips)
Seat 6: 62cc8146 ($4.99 in chips)
62cc8146: posts small blind $0.02
fbc5d0fc: posts big blind $0.05
*** HOLE CARDS ***
Dealt to fbc5d0fc 
Dealt to Hero [3s 5d]
Dealt to ede133eb 
Dealt to 788cbcd2 
Dealt to 62cc8146 
Hero: folds
ede133eb: folds
788cbcd2: folds
62cc8146: raises $0.05 to $0.1
fbc5d0fc: folds
Uncalled bet ($0.05) returned to 62cc8146
*** SHOWDOWN ***
62cc8146 collected $0.1 from pot
*** SUMMARY ***
Total pot $0.1 | Rake $0 | Jackpot $0 | Bingo $0 | Fortune $0
Seat 1: fbc5d0fc (big blind) folded before Flop
Seat 3: Hero folded before Flop (didn't bet)
Seat 4: ede133eb folded before Flop (didn't bet)
Seat 5: 788cbcd2 (button) folded before Flop (didn't bet)
Seat 6: 62cc8146 (small blind) collected ($0.1)


Poker Hand #HD1207140544: Hold'em No Limit  ($0.02/$0.05) - 2023/04/17 22:07:42
Table 'NLHBlue93' 6-max Seat #4 is the button
Seat 1: fbc5d0fc ($7.88 in chips)
Seat 3: Hero ($5.43 in chips)
Seat 4: ede133eb ($5.74 in chips)
Seat 5: 788cbcd2 ($5.02 in chips)
Seat 6: 62cc8146 ($5.04 in chips)
788cbcd2: posts small blind $0.02
62cc8146: posts big blind $0.05
*** HOLE CARDS ***
Dealt to fbc5d0fc 
Dealt to Hero [7d 7h]
Dealt to ede133eb 
Dealt to 788cbcd2 
Dealt to 62cc8146 
fbc5d0fc: folds
Hero: raises $0.07 to $0.12
ede133eb: folds
788cbcd2: calls $0.1
62cc8146: folds
*** FLOP *** [4h Td 3c]
788cbcd2: checks
Hero: bets $0.1
788cbcd2: folds
Uncalled bet ($0.1) returned to Hero
*** SHOWDOWN ***
Hero collected $0.28 from pot
*** SUMMARY ***
Total pot $0.29 | Rake $0.01 | Jackpot $0 | Bingo $0 | Fortune $0
Board [4h Td 3c]
Seat 1: fbc5d0fc folded before Flop (didn't bet)
Seat 3: Hero won ($0.28)
Seat 4: ede133eb (button) folded before Flop (didn't bet)
Seat 5: 788cbcd2 (small blind) folded on the Flop
Seat 6: 62cc8146 (big blind) folded before Flop


Poker Hand #HD1207140498: Hold'em No Limit  ($0.02/$0.05) - 2023/04/17 22:07:20
Table 'NLHBlue93' 6-max Seat #3 is the button
Seat 1: fbc5d0fc ($7.88 in chips)
Seat 3: Hero ($5.43 in chips)
Seat 4: ede133eb ($5.76 in chips)
Seat 5: 788cbcd2 ($5 in chips)
Seat 6: 62cc8146 ($5.04 in chips)
ede133eb: posts small blind $0.02
788cbcd2: posts big blind $0.05
*** HOLE CARDS ***
Dealt to fbc5d0fc 
Dealt to Hero [Qd 2c]
Dealt to ede133eb 
Dealt to 788cbcd2 
Dealt to 62cc8146 
62cc8146: folds
fbc5d0fc: folds
Hero: folds
ede133eb: folds
Uncalled bet ($0.03) returned to 788cbcd2
*** SHOWDOWN ***
788cbcd2 collected $0.04 from pot
*** SUMMARY ***
Total pot $0.04 | Rake $0 | Jackpot $0 | Bingo $0 | Fortune $0
Seat 1: fbc5d0fc folded before Flop (didn't bet)
Seat 3: Hero (button) folded before Flop (didn't bet)
Seat 4: ede133eb (small blind) folded before Flop
Seat 5: 788cbcd2 (big blind) collected ($0.04)
Seat 6: 62cc8146 folded before Flop (didn't bet)


Poker Hand #HD1207140460: Hold'em No Limit  ($0.02/$0.05) - 2023/04/17 22:07:00
Table 'NLHBlue93' 6-max Seat #2 is the button
Seat 1: fbc5d0fc ($7.88 in chips)
Seat 2: 29dfb388 ($12.31 in chips)
Seat 3: Hero ($5.38 in chips)
Seat 4: ede133eb ($5.81 in chips)
Seat 5: 788cbcd2 ($5 in chips)
Seat 6: 62cc8146 ($5.04 in chips)
Hero: posts small blind $0.02
ede133eb: posts big blind $0.05
*** HOLE CARDS ***
Dealt to fbc5d0fc 
Dealt to 29dfb388 
Dealt to Hero [Qd 4d]
Dealt to ede133eb 
Dealt to 788cbcd2 
Dealt to 62cc8146 
788cbcd2: folds
62cc8146: folds
fbc5d0fc: folds
29dfb388: folds
Hero: raises $0.09 to $0.14
ede133eb: folds
Uncalled bet ($0.09) returned to Hero
*** SHOWDOWN ***
Hero collected $0.1 from pot
*** SUMMARY ***
Total pot $0.1 | Rake $0 | Jackpot $0 | Bingo $0 | Fortune $0
Seat 1: fbc5d0fc folded before Flop (didn't bet)
Seat 2: 29dfb388 (button) folded before Flop (didn't bet)
Seat 3: Hero (small blind) collected ($0.1)
Seat 4: ede133eb (big blind) folded before Flop
Seat 5: 788cbcd2 folded before Flop (didn't bet)
Seat 6: 62cc8146 folded before Flop (didn't bet)


Poker Hand #HD1207140384: Hold'em No Limit  ($0.02/$0.05) - 2023/04/17 22:06:27
Table 'NLHBlue93' 6-max Seat #1 is the button
Seat 1: fbc5d0fc ($7.88 in chips)
Seat 2: 29dfb388 ($12.33 in chips)
Seat 3: Hero ($5.24 in chips)
Seat 4: ede133eb ($5.81 in chips)
Seat 5: 788cbcd2 ($5 in chips)
Seat 6: 62cc8146 ($5.04 in chips)
29dfb388: posts small blind $0.02
Hero: posts big blind $0.05
*** HOLE CARDS ***
Dealt to fbc5d0fc 
Dealt to 29dfb388 
Dealt to Hero [6c 6d]
Dealt to ede133eb 
Dealt to 788cbcd2 
Dealt to 62cc8146 
ede133eb: folds
788cbcd2: raises $0.08 to $0.13
62cc8146: folds
fbc5d0fc: folds
29dfb388: folds
Hero: calls $0.08
*** FLOP *** [3c 6h Ah]
Hero: checks
788cbcd2: checks
*** TURN *** [3c 6h Ah] [7s]
Hero: bets $0.21
788cbcd2: folds
Uncalled bet ($0.21) returned to Hero
*** SHOWDOWN ***
Hero collected $0.27 from pot
*** SUMMARY ***
Total pot $0.28 | Rake $0.01 | Jackpot $0 | Bingo $0 | Fortune $0
Board [3c 6h Ah 7s]
Seat 1: fbc5d0fc (button) folded before Flop (didn't bet)
Seat 2: 29dfb388 (small blind) folded before Flop
Seat 3: Hero (big blind) won ($0.27)
Seat 4: ede133eb folded before Flop (didn't bet)
Seat 5: 788cbcd2 folded on the Turn
Seat 6: 62cc8146 folded before Flop (didn't bet)


Poker Hand #HD1207140361: Hold'em No Limit  ($0.02/$0.05) - 2023/04/17 22:06:15
Table 'NLHBlue93' 6-max Seat #6 is the button
Seat 1: fbc5d0fc ($7.9 in chips)
Seat 2: 29dfb388 ($12.31 in chips)
Seat 3: Hero ($5.24 in chips)
Seat 4: ede133eb ($5.81 in chips)
Seat 5: 788cbcd2 ($5 in chips)
Seat 6: 62cc8146 ($5.04 in chips)
fbc5d0fc: posts small blind $0.02
29dfb388: posts big blind $0.05
*** HOLE CARDS ***
Dealt to fbc5d0fc 
Dealt to 29dfb388 
Dealt to Hero [Jc Qh]
Dealt to ede133eb 
Dealt to 788cbcd2 
Dealt to 62cc8146 
Hero: folds
ede133eb: folds
788cbcd2: folds
62cc8146: folds
fbc5d0fc: folds
Uncalled bet ($0.03) returned to 29dfb388
*** SHOWDOWN ***
29dfb388 collected $0.04 from pot
*** SUMMARY ***
Total pot $0.04 | Rake $0 | Jackpot $0 | Bingo $0 | Fortune $0
Seat 1: fbc5d0fc (small blind) folded before Flop
Seat 2: 29dfb388 (big blind) collected ($0.04)
Seat 3: Hero folded before Flop (didn't bet)
Seat 4: ede133eb folded before Flop (didn't bet)
Seat 5: 788cbcd2 folded before Flop (didn't bet)
Seat 6: 62cc8146 (button) folded before Flop (didn't bet)


Poker Hand #HD1207140301: Hold'em No Limit  ($0.02/$0.05) - 2023/04/17 22:05:46
Table 'NLHBlue93' 6-max Seat #5 is the button
Seat 1: fbc5d0fc ($7.95 in chips)
Seat 2: 29dfb388 ($12.31 in chips)
Seat 3: Hero ($5.36 in chips)
Seat 4: ede133eb ($5.81 in chips)
Seat 5: 788cbcd2 ($5 in chips)
Seat 6: 62cc8146 ($4.88 in chips)
62cc8146: posts small blind $0.02
fbc5d0fc: posts big blind $0.05
*** HOLE CARDS ***
Dealt to fbc5d0fc 
Dealt to 29dfb388 
Dealt to Hero [4s 5s]
Dealt to ede133eb 
Dealt to 788cbcd2 
Dealt to 62cc8146 
29dfb388: folds
Hero: raises $0.07 to $0.12
ede133eb: folds
788cbcd2: folds
62cc8146: calls $0.1
fbc5d0fc: folds
*** FLOP *** [Ad Th 7c]
62cc8146: bets $0.05
Hero: folds
Uncalled bet ($0.05) returned to 62cc8146
*** SHOWDOWN ***
62cc8146 collected $0.28 from pot
*** SUMMARY ***
Total pot $0.29 | Rake $0.01 | Jackpot $0 | Bingo $0 | Fortune $0
Board [Ad Th 7c]
Seat 1: fbc5d0fc (big blind) folded before Flop
Seat 2: 29dfb388 folded before Flop (didn't bet)
Seat 3: Hero folded on the Flop
Seat 4: ede133eb folded before Flop (didn't bet)
Seat 5: 788cbcd2 (button) folded before Flop (didn't bet)
Seat 6: 62cc8146 (small blind) won ($0.28)


Poker Hand #HD1207140252: Hold'em No Limit  ($0.02/$0.05) - 2023/04/17 22:05:23
Table 'NLHBlue93' 6-max Seat #4 is the button
Seat 1: fbc5d0fc ($8.05 in chips)
Seat 2: 29dfb388 ($12.31 in chips)
Seat 3: Hero ($5.2 in chips)
Seat 4: ede133eb ($5.81 in chips)
Seat 5: 788cbcd2 ($5.02 in chips)
Seat 6: 62cc8146 ($4.93 in chips)
788cbcd2: posts small blind $0.02
62cc8146: posts big blind $0.05
*** HOLE CARDS ***
Dealt to fbc5d0fc 
Dealt to 29dfb388 
Dealt to Hero [Qh Qs]
Dealt to ede133eb 
Dealt to 788cbcd2 
Dealt to 62cc8146 
fbc5d0fc: raises $0.05 to $0.1
29dfb388: folds
Hero: raises $0.24 to $0.34
ede133eb: folds
788cbcd2: folds
62cc8146: folds
fbc5d0fc: folds
Uncalled bet ($0.24) returned to Hero
*** SHOWDOWN ***
Hero collected $0.26 from pot
*** SUMMARY ***
Total pot $0.27 | Rake $0.01 | Jackpot $0 | Bingo $0 | Fortune $0
Seat 1: fbc5d0fc folded before Flop
Seat 2: 29dfb388 folded before Flop (didn't bet)
Seat 3: Hero collected ($0.26)
Seat 4: ede133eb (button) folded before Flop (didn't bet)
Seat 5: 788cbcd2 (small blind) folded before Flop
Seat 6: 62cc8146 (big blind) folded before Flop


Poker Hand #HD1207140213: Hold'em No Limit  ($0.02/$0.05) - 2023/04/17 22:05:02
Table 'NLHBlue93' 6-max Seat #3 is the button
Seat 1: fbc5d0fc ($8.05 in chips)
Seat 2: 29dfb388 ($12.31 in chips)
Seat 3: Hero ($5.2 in chips)
Seat 4: ede133eb ($5.83 in chips)
Seat 5: 788cbcd2 ($5 in chips)
Seat 6: 62cc8146 ($4.93 in chips)
ede133eb: posts small blind $0.02
788cbcd2: posts big blind $0.05
*** HOLE CARDS ***
Dealt to fbc5d0fc 
Dealt to 29dfb388 
Dealt to Hero [2h Ts]
Dealt to ede133eb 
Dealt to 788cbcd2 
Dealt to 62cc8146 
62cc8146: folds
fbc5d0fc: folds
29dfb388: folds
Hero: folds
ede133eb: folds
Uncalled bet ($0.03) returned to 788cbcd2
*** SHOWDOWN ***
788cbcd2 collected $0.04 from pot
*** SUMMARY ***
Total pot $0.04 | Rake $0 | Jackpot $0 | Bingo $0 | Fortune $0
Seat 1: fbc5d0fc folded before Flop (didn't bet)
Seat 2: 29dfb388 folded before Flop (didn't bet)
Seat 3: Hero (button) folded before Flop (didn't bet)
Seat 4: ede133eb (small blind) folded before Flop
Seat 5: 788cbcd2 (big blind) collected ($0.04)
Seat 6: 62cc8146 folded before Flop (didn't bet)


Poker Hand #HD1207140163: Hold'em No Limit  ($0.02/$0.05) - 2023/04/17 22:04:38
Table 'NLHBlue93' 6-max Seat #2 is the button
Seat 1: fbc5d0fc ($8.05 in chips)
Seat 2: 29dfb388 ($12.31 in chips)
Seat 3: Hero ($5.15 in chips)
Seat 4: ede133eb ($5.88 in chips)
Seat 6: 62cc8146 ($4.93 in chips)
Hero: posts small blind $0.02
ede133eb: posts big blind $0.05
*** HOLE CARDS ***
Dealt to fbc5d0fc 
Dealt to 29dfb388 
Dealt to Hero [6c Tc]
Dealt to ede133eb 
Dealt to 62cc8146 
62cc8146: folds
fbc5d0fc: folds
29dfb388: folds
Hero: raises $0.09 to $0.14
ede133eb: folds
Uncalled bet ($0.09) returned to Hero
*** SHOWDOWN ***
Hero collected $0.1 from pot
*** SUMMARY ***
Total pot $0.1 | Rake $0 | Jackpot $0 | Bingo $0 | Fortune $0
Seat 1: fbc5d0fc folded before Flop (didn't bet)
Seat 2: 29dfb388 (button) folded before Flop (didn't bet)
Seat 3: Hero (small blind) collected ($0.1)
Seat 4: ede133eb (big blind) folded before Flop
Seat 6: 62cc8146 folded before Flop (didn't bet)


Poker Hand #HD1207140136: Hold'em No Limit  ($0.02/$0.05) - 2023/04/17 22:04:25
Table 'NLHBlue93' 6-max Seat #1 is the button
Seat 1: fbc5d0fc ($8.05 in chips)
Seat 2: 29dfb388 ($12.26 in chips)
Seat 3: Hero ($5.2 in chips)
Seat 4: ede133eb ($5.88 in chips)
Seat 6: 62cc8146 ($4.93 in chips)
29dfb388: posts small blind $0.02
Hero: posts big blind $0.05
*** HOLE CARDS ***
Dealt to fbc5d0fc 
Dealt to 29dfb388 
Dealt to Hero [Kd 2c]
Dealt to ede133eb 
Dealt to 62cc8146 
ede133eb: folds
62cc8146: folds
fbc5d0fc: folds
29dfb388: raises $0.1 to $0.15
Hero: folds
Uncalled bet ($0.1) returned to 29dfb388
*** SHOWDOWN ***
29dfb388 collected $0.1 from pot
*** SUMMARY ***
Total pot $0.1 | Rake $0 | Jackpot $0 | Bingo $0 | Fortune $0
Seat 1: fbc5d0fc (button) folded before Flop (didn't bet)
Seat 2: 29dfb388 (small blind) collected ($0.1)
Seat 3: Hero (big blind) folded before Flop
Seat 4: ede133eb folded before Flop (didn't bet)
Seat 6: 62cc8146 folded before Flop (didn't bet)


Poker Hand #HD1207140112: Hold'em No Limit  ($0.02/$0.05) - 2023/04/17 22:04:12
Table 'NLHBlue93' 6-max Seat #6 is the button
Seat 1: fbc5d0fc ($8 in chips)
Seat 2: 29dfb388 ($12.31 in chips)
Seat 3: Hero ($5.2 in chips)
Seat 4: ede133eb ($5.88 in chips)
Seat 6: 62cc8146 ($4.93 in chips)
fbc5d0fc: posts small blind $0.02
29dfb388: posts big blind $0.05
*** HOLE CARDS ***
Dealt to fbc5d0fc 
Dealt to 29dfb388 
Dealt to Hero [6h 8d]
Dealt to ede133eb 
Dealt to 62cc8146 
Hero: folds
ede133eb: folds
62cc8146: folds
fbc5d0fc: raises $0.1 to $0.15
29dfb388: folds
Uncalled bet ($0.1) returned to fbc5d0fc
*** SHOWDOWN ***
fbc5d0fc collected $0.1 from pot
*** SUMMARY ***
Total pot $0.1 | Rake $0 | Jackpot $0 | Bingo $0 | Fortune $0
Seat 1: fbc5d0fc (small blind) collected ($0.1)
Seat 2: 29dfb388 (big blind) folded before Flop
Seat 3: Hero folded before Flop (didn't bet)
Seat 4: ede133eb folded before Flop (didn't bet)
Seat 6: 62cc8146 (button) folded before Flop (didn't bet)


Poker Hand #HD1207140083: Hold'em No Limit  ($0.02/$0.05) - 2023/04/17 22:03:54
Table 'NLHBlue93' 6-max Seat #4 is the button
Seat 1: fbc5d0fc ($8.05 in chips)
Seat 2: 29dfb388 ($12.31 in chips)
Seat 3: Hero ($5.13 in chips)
Seat 4: ede133eb ($5.88 in chips)
Seat 6: 62cc8146 ($4.95 in chips)
62cc8146: posts small blind $0.02
fbc5d0fc: posts big blind $0.05
*** HOLE CARDS ***
Dealt to fbc5d0fc 
Dealt to 29dfb388 
Dealt to Hero [Jh Js]
Dealt to ede133eb 
Dealt to 62cc8146 
29dfb388: folds
Hero: raises $0.07 to $0.12
ede133eb: folds
62cc8146: folds
fbc5d0fc: folds
Uncalled bet ($0.07) returned to Hero
*** SHOWDOWN ***
Hero collected $0.12 from pot
*** SUMMARY ***
Total pot $0.12 | Rake $0 | Jackpot $0 | Bingo $0 | Fortune $0
Seat 1: fbc5d0fc (big blind) folded before Flop
Seat 2: 29dfb388 folded before Flop (didn't bet)
Seat 3: Hero collected ($0.12)
Seat 4: ede133eb (button) folded before Flop (didn't bet)
Seat 6: 62cc8146 (small blind) folded before Flop


Poker Hand #HD1207140029: Hold'em No Limit  ($0.02/$0.05) - 2023/04/17 22:03:31
Table 'NLHBlue93' 6-max Seat #3 is the button
Seat 1: fbc5d0fc ($8.05 in chips)
Seat 2: 29dfb388 ($12.31 in chips)
Seat 3: Hero ($5.13 in chips)
Seat 4: ede133eb ($5.83 in chips)
Seat 6: 62cc8146 ($5 in chips)
ede133eb: posts small blind $0.02
62cc8146: posts big blind $0.05
*** HOLE CARDS ***
Dealt to fbc5d0fc 
Dealt to 29dfb388 
Dealt to Hero [6h 2d]
Dealt to ede133eb 
Dealt to 62cc8146 
fbc5d0fc: folds
29dfb388: folds
Hero: folds
ede133eb: raises $0.08 to $0.13
62cc8146: folds
Uncalled bet ($0.08) returned to ede133eb
*** SHOWDOWN ***
ede133eb collected $0.1 from pot
*** SUMMARY ***
Total pot $0.1 | Rake $0 | Jackpot $0 | Bingo $0 | Fortune $0
Seat 1: fbc5d0fc folded before Flop (didn't bet)
Seat 2: 29dfb388 folded before Flop (didn't bet)
Seat 3: Hero (button) folded before Flop (didn't bet)
Seat 4: ede133eb (small blind) collected ($0.1)
Seat 6: 62cc8146 (big blind) folded before Flop


Poker Hand #HD1207140001: Hold'em No Limit  ($0.02/$0.05) - 2023/04/17 22:03:20
Table 'NLHBlue93' 6-max Seat #2 is the button
Seat 1: fbc5d0fc ($8.05 in chips)
Seat 2: 29dfb388 ($12.31 in chips)
Seat 3: Hero ($5.15 in chips)
Seat 4: ede133eb ($5.81 in chips)
Seat 6: 62cc8146 ($5 in chips)
Hero: posts small blind $0.02
ede133eb: posts big blind $0.05
*** HOLE CARDS ***
Dealt to fbc5d0fc 
Dealt to 29dfb388 
Dealt to Hero [5h 2h]
Dealt to ede133eb 
Dealt to 62cc8146 
62cc8146: folds
fbc5d0fc: folds
29dfb388: folds
Hero: folds
Uncalled bet ($0.03) returned to ede133eb
*** SHOWDOWN ***
ede133eb collected $0.04 from pot
*** SUMMARY ***
Total pot $0.04 | Rake $0 | Jackpot $0 | Bingo $0 | Fortune $0
Seat 1: fbc5d0fc folded before Flop (didn't bet)
Seat 2: 29dfb388 (button) folded before Flop (didn't bet)
Seat 3: Hero (small blind) folded before Flop
Seat 4: ede133eb (big blind) collected ($0.04)
Seat 6: 62cc8146 folded before Flop (didn't bet)


Poker Hand #HD1207139917: Hold'em No Limit  ($0.02/$0.05) - 2023/04/17 22:02:36
Table 'NLHBlue93' 6-max Seat #1 is the button
Seat 1: fbc5d0fc ($8.05 in chips)
Seat 2: 29dfb388 ($12.33 in chips)
Seat 3: Hero ($5.3 in chips)
Seat 4: ede133eb ($5.81 in chips)
Seat 6: 62cc8146 ($4.84 in chips)
29dfb388: posts small blind $0.02
Hero: posts big blind $0.05
*** HOLE CARDS ***
Dealt to fbc5d0fc 
Dealt to 29dfb388 
Dealt to Hero [4c 5c]
Dealt to ede133eb 
Dealt to 62cc8146 
ede133eb: folds
62cc8146: raises $0.05 to $0.1
fbc5d0fc: folds
29dfb388: folds
Hero: calls $0.05
*** FLOP *** [Qd 7s Ac]
Hero: checks
62cc8146: bets $0.05
Hero: calls $0.05
*** TURN *** [Qd 7s Ac] [Qh]
Hero: checks
62cc8146: checks
*** RIVER *** [Qd 7s Ac Qh] [3d]
Hero: checks
62cc8146: checks
Hero: shows [4c 5c] (Pair of Queens)
62cc8146: shows [6h 8s] (Pair of Queens)
*** SHOWDOWN ***
62cc8146 collected $0.31 from pot
*** SUMMARY ***
Total pot $0.32 | Rake $0.01 | Jackpot $0 | Bingo $0 | Fortune $0
Board [Qd 7s Ac Qh 3d]
Seat 1: fbc5d0fc (button) folded before Flop (didn't bet)
Seat 2: 29dfb388 (small blind) folded before Flop
Seat 3: Hero (big blind) showed [4c 5c] and lost with Pair of Queens
Seat 4: ede133eb folded before Flop (didn't bet)
Seat 6: 62cc8146 showed [6h 8s] and won ($0.31) with Pair of Queens


Poker Hand #HD1207139877: Hold'em No Limit  ($0.02/$0.05) - 2023/04/17 22:02:19
Table 'NLHBlue93' 6-max Seat #6 is the button
Seat 1: fbc5d0fc ($8.07 in chips)
Seat 2: 29dfb388 ($12.38 in chips)
Seat 3: Hero ($5.3 in chips)
Seat 4: ede133eb ($5.81 in chips)
Seat 6: 62cc8146 ($4.77 in chips)
fbc5d0fc: posts small blind $0.02
29dfb388: posts big blind $0.05
*** HOLE CARDS ***
Dealt to fbc5d0fc 
Dealt to 29dfb388 
Dealt to Hero [Kc 6d]
Dealt to ede133eb 
Dealt to 62cc8146 
Hero: folds
ede133eb: folds
62cc8146: raises $0.05 to $0.1
fbc5d0fc: folds
29dfb388: folds
Uncalled bet ($0.05) returned to 62cc8146
*** SHOWDOWN ***
62cc8146 collected $0.12 from pot
*** SUMMARY ***
Total pot $0.12 | Rake $0 | Jackpot $0 | Bingo $0 | Fortune $0
Seat 1: fbc5d0fc (small blind) folded before Flop
Seat 2: 29dfb388 (big blind) folded before Flop
Seat 3: Hero folded before Flop (didn't bet)
Seat 4: ede133eb folded before Flop (didn't bet)
Seat 6: 62cc8146 (button) collected ($0.12)


Poker Hand #HD1207139749: Hold'em No Limit  ($0.02/$0.05) - 2023/04/17 22:01:18
Table 'NLHBlue93' 6-max Seat #4 is the button
Seat 1: fbc5d0fc ($8.12 in chips)
Seat 2: 29dfb388 ($13.76 in chips)
Seat 3: Hero ($5.3 in chips)
Seat 4: ede133eb ($4.14 in chips)
Seat 6: 62cc8146 ($5.22 in chips)
62cc8146: posts small blind $0.02
fbc5d0fc: posts big blind $0.05
*** HOLE CARDS ***
Dealt to fbc5d0fc 
Dealt to 29dfb388 
Dealt to Hero [4d 6s]
Dealt to ede133eb 
Dealt to 62cc8146 
29dfb388: raises $0.1 to $0.15
Hero: folds
ede133eb: raises $0.3 to $0.45
62cc8146: calls $0.43
fbc5d0fc: folds
29dfb388: calls $0.3
*** FLOP *** [2d 4s 2c]
62cc8146: checks
29dfb388: checks
ede133eb: bets $0.93
62cc8146: folds
29dfb388: calls $0.93
*** TURN *** [2d 4s 2c] [Jh]
29dfb388: checks
ede133eb: bets $2.76 and is all-in
29dfb388: folds
Uncalled bet ($2.76) returned to ede133eb
*** SHOWDOWN ***
ede133eb collected $3.05 from pot
*** SUMMARY ***
Total pot $3.26 | Rake $0.16 | Jackpot $0.05 | Bingo $0 | Fortune $0
Board [2d 4s 2c Jh]
Seat 1: fbc5d0fc (big blind) folded before Flop
Seat 2: 29dfb388 folded on the Turn
Seat 3: Hero folded before Flop (didn't bet)
Seat 4: ede133eb (button) won ($3.05)
Seat 6: 62cc8146 (small blind) folded on the Flop


Poker Hand #HD1207139688: Hold'em No Limit  ($0.02/$0.05) - 2023/04/17 22:00:43
Table 'NLHBlue93' 6-max Seat #3 is the button
Seat 1: fbc5d0fc ($8.12 in chips)
Seat 2: 29dfb388 ($13.76 in chips)
Seat 3: Hero ($5.17 in chips)
Seat 4: ede133eb ($4.16 in chips)
Seat 6: 62cc8146 ($5.34 in chips)
ede133eb: posts small blind $0.02
62cc8146: posts big blind $0.05
*** HOLE CARDS ***
Dealt to fbc5d0fc 
Dealt to 29dfb388 
Dealt to Hero [7d Jd]
Dealt to ede133eb 
Dealt to 62cc8146 
fbc5d0fc: folds
29dfb388: folds
Hero: raises $0.07 to $0.12
ede133eb: folds
62cc8146: calls $0.07
*** FLOP *** [4d Ks 5d]
62cc8146: checks
Hero: bets $0.13
62cc8146: folds
Uncalled bet ($0.13) returned to Hero
*** SHOWDOWN ***
Hero collected $0.25 from pot
*** SUMMARY ***
Total pot $0.26 | Rake $0.01 | Jackpot $0 | Bingo $0 | Fortune $0
Board [4d Ks 5d]
Seat 1: fbc5d0fc folded before Flop (didn't bet)
Seat 2: 29dfb388 folded before Flop (didn't bet)
Seat 3: Hero (button) won ($0.25)
Seat 4: ede133eb (small blind) folded before Flop
Seat 6: 62cc8146 (big blind) folded on the Flop


Poker Hand #HD1207139607: Hold'em No Limit  ($0.02/$0.05) - 2023/04/17 21:59:59
Table 'NLHBlue93' 6-max Seat #2 is the button
Seat 1: fbc5d0fc ($8.25 in chips)
Seat 2: 29dfb388 ($13.76 in chips)
Seat 3: Hero ($5 in chips)
Seat 4: ede133eb ($4.21 in chips)
Seat 6: 62cc8146 ($5.34 in chips)
Hero: posts small blind $0.02
ede133eb: posts big blind $0.05
*** HOLE CARDS ***
Dealt to fbc5d0fc 
Dealt to 29dfb388 
Dealt to Hero [Js Jd]
Dealt to ede133eb 
Dealt to 62cc8146 
62cc8146: folds
fbc5d0fc: raises $0.08 to $0.13
29dfb388: folds
Hero: raises $0.47 to $0.6
ede133eb: folds
fbc5d0fc: folds
Uncalled bet ($0.47) returned to Hero
*** SHOWDOWN ***
Hero collected $0.3 from pot
*** SUMMARY ***
Total pot $0.31 | Rake $0.01 | Jackpot $0 | Bingo $0 | Fortune $0
Seat 1: fbc5d0fc folded before Flop
Seat 2: 29dfb388 (button) folded before Flop (didn't bet)
Seat 3: Hero (small blind) collected ($0.3)
Seat 4: ede133eb (big blind) folded before Flop
Seat 6: 62cc8146 folded before Flop (didn't bet)


Poker Hand #HD1207139556: Hold'em No Limit  ($0.02/$0.05) - 2023/04/17 21:59:34
Table 'NLHBlue93' 6-max Seat #1 is the button
Seat 1: fbc5d0fc ($8.09 in chips)
Seat 2: 29dfb388 ($13.78 in chips)
Seat 3: Hero ($5 in chips)
Seat 4: ede133eb ($4.21 in chips)
Seat 6: 62cc8146 ($5.44 in chips)
29dfb388: posts small blind $0.02
Hero: posts big blind $0.05
*** HOLE CARDS ***
Dealt to fbc5d0fc 
Dealt to 29dfb388 
Dealt to Hero [Td 5h]
Dealt to ede133eb 
Dealt to 62cc8146 
ede133eb: folds
62cc8146: raises $0.05 to $0.1
fbc5d0fc: raises $0.21 to $0.31
29dfb388: folds
Hero: folds
62cc8146: folds
Uncalled bet ($0.21) returned to fbc5d0fc
*** SHOWDOWN ***
fbc5d0fc collected $0.26 from pot
*** SUMMARY ***
Total pot $0.27 | Rake $0.01 | Jackpot $0 | Bingo $0 | Fortune $0
Seat 1: fbc5d0fc (button) collected ($0.26)
Seat 2: 29dfb388 (small blind) folded before Flop
Seat 3: Hero (big blind) folded before Flop
Seat 4: ede133eb folded before Flop (didn't bet)
Seat 6: 62cc8146 folded before Flop


Poker Hand #HD1207139528: Hold'em No Limit  ($0.02/$0.05) - 2023/04/17 21:59:21
Table 'NLHBlue93' 6-max Seat #6 is the button
Seat 1: fbc5d0fc ($8.11 in chips)
Seat 2: 29dfb388 ($13.76 in chips)
Seat 3: Hero ($5 in chips)
Seat 4: ede133eb ($4.21 in chips)
Seat 6: 62cc8146 ($5.44 in chips)
fbc5d0fc: posts small blind $0.02
29dfb388: posts big blind $0.05
*** HOLE CARDS ***
Dealt to fbc5d0fc 
Dealt to 29dfb388 
Dealt to Hero [Ah 7d]
Dealt to ede133eb 
Dealt to 62cc8146 
Hero: folds
ede133eb: folds
62cc8146: folds
fbc5d0fc: folds
Uncalled bet ($0.03) returned to 29dfb388
*** SHOWDOWN ***
29dfb388 collected $0.04 from pot
*** SUMMARY ***
Total pot $0.04 | Rake $0 | Jackpot $0 | Bingo $0 | Fortune $0
Seat 1: fbc5d0fc (small blind) folded before Flop
Seat 2: 29dfb388 (big blind) collected ($0.04)
Seat 3: Hero folded before Flop (didn't bet)
Seat 4: ede133eb folded before Flop (didn't bet)
Seat 6: 62cc8146 (button) folded before Flop (didn't bet)


Poker Hand #HD1207139512: Hold'em No Limit  ($0.02/$0.05) - 2023/04/17 21:59:14
Table 'NLHBlue93' 6-max Seat #4 is the button
Seat 1: fbc5d0fc ($8.09 in chips)
Seat 2: 29dfb388 ($13.76 in chips)
Seat 3: Hero ($5 in chips)
Seat 4: ede133eb ($4.21 in chips)
Seat 6: 62cc8146 ($5.46 in chips)
62cc8146: posts small blind $0.02
fbc5d0fc: posts big blind $0.05
*** HOLE CARDS ***
Dealt to fbc5d0fc 
Dealt to 29dfb388 
Dealt to Hero [9s 4s]
Dealt to ede133eb 
Dealt to 62cc8146 
29dfb388: folds
Hero: folds
ede133eb: folds
62cc8146: folds
Uncalled bet ($0.03) returned to fbc5d0fc
*** SHOWDOWN ***
fbc5d0fc collected $0.04 from pot
*** SUMMARY ***
Total pot $0.04 | Rake $0 | Jackpot $0 | Bingo $0 | Fortune $0
Seat 1: fbc5d0fc (big blind) collected ($0.04)
Seat 2: 29dfb388 folded before Flop (didn't bet)
Seat 3: Hero folded before Flop (didn't bet)
Seat 4: ede133eb (button) folded before Flop (didn't bet)
Seat 6: 62cc8146 (small blind) folded before Flop


Poker Hand #HD1207139481: Hold'em No Limit  ($0.02/$0.05) - 2023/04/17 21:58:59
Table 'NLHBlue93' 6-max Seat #3 is the button
Seat 1: fbc5d0fc ($8.09 in chips)
Seat 2: 29dfb388 ($13.76 in chips)
Seat 3: Hero ($5 in chips)
Seat 4: ede133eb ($4.23 in chips)
Seat 6: 62cc8146 ($5.44 in chips)
ede133eb: posts small blind $0.02
62cc8146: posts big blind $0.05
*** HOLE CARDS ***
Dealt to fbc5d0fc 
Dealt to 29dfb388 
Dealt to Hero [6c Js]
Dealt to ede133eb 
Dealt to 62cc8146 
fbc5d0fc: folds
29dfb388: folds
Hero: folds
ede133eb: folds
Uncalled bet ($0.03) returned to 62cc8146
*** SHOWDOWN ***
62cc8146 collected $0.04 from pot
*** SUMMARY ***
Total pot $0.04 | Rake $0 | Jackpot $0 | Bingo $0 | Fortune $0
Seat 1: fbc5d0fc folded before Flop (didn't bet)
Seat 2: 29dfb388 folded before Flop (didn't bet)
Seat 3: Hero (button) folded before Flop (didn't bet)
Seat 4: ede133eb (small blind) folded before Flop
Seat 6: 62cc8146 (big blind) collected ($0.04)


Poker Hand #HD1207139452: Hold'em No Limit  ($0.02/$0.05) - 2023/04/17 21:58:46
Table 'NLHBlue93' 6-max Seat #2 is the button
Seat 1: fbc5d0fc ($8.09 in chips)
Seat 2: 29dfb388 ($13.76 in chips)
Seat 3: Hero ($5.02 in chips)
Seat 4: ede133eb ($4.21 in chips)
Seat 6: 62cc8146 ($5.44 in chips)
Hero: posts small blind $0.02
ede133eb: posts big blind $0.05
*** HOLE CARDS ***
Dealt to fbc5d0fc 
Dealt to 29dfb388 
Dealt to Hero [7d Qs]
Dealt to ede133eb 
Dealt to 62cc8146 
62cc8146: folds
fbc5d0fc: folds
29dfb388: folds
Hero: folds
Uncalled bet ($0.03) returned to ede133eb
*** SHOWDOWN ***
ede133eb collected $0.04 from pot
*** SUMMARY ***
Total pot $0.04 | Rake $0 | Jackpot $0 | Bingo $0 | Fortune $0
Seat 1: fbc5d0fc folded before Flop (didn't bet)
Seat 2: 29dfb388 (button) folded before Flop (didn't bet)
Seat 3: Hero (small blind) folded before Flop
Seat 4: ede133eb (big blind) collected ($0.04)
Seat 6: 62cc8146 folded before Flop (didn't bet)


Poker Hand #HD1207139430: Hold'em No Limit  ($0.02/$0.05) - 2023/04/17 21:58:35
Table 'NLHBlue93' 6-max Seat #1 is the button
Seat 1: fbc5d0fc ($8.09 in chips)
Seat 2: 29dfb388 ($13.78 in chips)
Seat 3: Hero ($5 in chips)
Seat 4: ede133eb ($4.21 in chips)
Seat 6: 62cc8146 ($5.44 in chips)
29dfb388: posts small blind $0.02
Hero: posts big blind $0.05
*** HOLE CARDS ***
Dealt to fbc5d0fc 
Dealt to 29dfb388 
Dealt to Hero [9d 4h]
Dealt to ede133eb 
Dealt to 62cc8146 
ede133eb: folds
62cc8146: folds
fbc5d0fc: folds
29dfb388: folds
Uncalled bet ($0.03) returned to Hero
*** SHOWDOWN ***
Hero collected $0.04 from pot
*** SUMMARY ***
Total pot $0.04 | Rake $0 | Jackpot $0 | Bingo $0 | Fortune $0
Seat 1: fbc5d0fc (button) folded before Flop (didn't bet)
Seat 2: 29dfb388 (small blind) folded before Flop
Seat 3: Hero (big blind) collected ($0.04)
Seat 4: ede133eb folded before Flop (didn't bet)
Seat 6: 62cc8146 folded before Flop (didn't bet)


