Poker Hand #HD1209761199: Hold'em No Limit  ($0.02/$0.05) - 2023/04/19 20:56:45
Table 'NLHBlue58' 6-max Seat #4 is the button
Seat 1: 78254d04 ($5.28 in chips)
Seat 3: Hero ($5 in chips)
Seat 4: 610a09f6 ($5.36 in chips)
Seat 5: 77815369 ($5.82 in chips)
77815369: posts small blind $0.02
78254d04: posts big blind $0.05
*** HOLE CARDS ***
Dealt to 78254d04 
Dealt to Hero [8d Ah]
Dealt to 610a09f6 
Dealt to 77815369 
Hero: folds
610a09f6: folds
77815369: raises $0.1 to $0.15
78254d04: raises $0.3 to $0.45
77815369: folds
Uncalled bet ($0.3) returned to 78254d04
*** SHOWDOWN ***
78254d04 collected $0.29 from pot
*** SUMMARY ***
Total pot $0.3 | Rake $0.01 | Jackpot $0 | Bingo $0 | Fortune $0
Seat 1: 78254d04 (big blind) collected ($0.29)
Seat 3: Hero folded before Flop (didn't bet)
Seat 4: 610a09f6 (button) folded before Flop (didn't bet)
Seat 5: 77815369 (small blind) folded before Flop


Poker Hand #HD1209761174: Hold'em No Limit  ($0.02/$0.05) - 2023/04/19 20:56:29
Table 'NLHBlue58' 6-max Seat #3 is the button
Seat 1: 78254d04 ($5.28 in chips)
Seat 3: Hero ($5 in chips)
Seat 4: 610a09f6 ($5.31 in chips)
Seat 5: 77815369 ($5.87 in chips)
610a09f6: posts small blind $0.02
77815369: posts big blind $0.05
*** HOLE CARDS ***
Dealt to 78254d04 
Dealt to Hero [4h 7h]
Dealt to 610a09f6 
Dealt to 77815369 
78254d04: folds
Hero: folds
610a09f6: raises $0.09 to $0.14
77815369: folds
Uncalled bet ($0.09) returned to 610a09f6
*** SHOWDOWN ***
610a09f6 collected $0.1 from pot
*** SUMMARY ***
Total pot $0.1 | Rake $0 | Jackpot $0 | Bingo $0 | Fortune $0
Seat 1: 78254d04 folded before Flop (didn't bet)
Seat 3: Hero (button) folded before Flop (didn't bet)
Seat 4: 610a09f6 (small blind) collected ($0.1)
Seat 5: 77815369 (big blind) folded before Flop


Poker Hand #HD1209761104: Hold'em No Limit  ($0.02/$0.05) - 2023/04/19 20:55:53
Table 'NLHBlue58' 6-max Seat #1 is the button
Seat 1: 78254d04 ($5.28 in chips)
Seat 3: Hero ($5.17 in chips)
Seat 4: 610a09f6 ($5.08 in chips)
Seat 5: 77815369 ($5.87 in chips)
Hero: posts small blind $0.02
610a09f6: posts big blind $0.05
*** HOLE CARDS ***
Dealt to 78254d04 
Dealt to Hero [Qh 4h]
Dealt to 610a09f6 
Dealt to 77815369 
77815369: folds
78254d04: folds
Hero: raises $0.09 to $0.14
610a09f6: calls $0.09
*** FLOP *** [Th Jc 3s]
Hero: bets $0.11
610a09f6: raises $0.25 to $0.36
Hero: folds
Uncalled bet ($0.25) returned to 610a09f6
*** SHOWDOWN ***
610a09f6 collected $0.48 from pot
*** SUMMARY ***
Total pot $0.5 | Rake $0.02 | Jackpot $0 | Bingo $0 | Fortune $0
Board [Th Jc 3s]
Seat 1: 78254d04 (button) folded before Flop (didn't bet)
Seat 3: Hero (small blind) folded on the Flop
Seat 4: 610a09f6 (big blind) won ($0.48)
Seat 5: 77815369 folded before Flop (didn't bet)


Poker Hand #HD1209761064: Hold'em No Limit  ($0.02/$0.05) - 2023/04/19 20:55:29
Table 'NLHBlue58' 6-max Seat #5 is the button
Seat 1: 78254d04 ($5.43 in chips)
Seat 3: Hero ($5.03 in chips)
Seat 4: 610a09f6 ($5.08 in chips)
Seat 5: 77815369 ($5.87 in chips)
78254d04: posts small blind $0.02
Hero: posts big blind $0.05
*** HOLE CARDS ***
Dealt to 78254d04 
Dealt to Hero [8s 8h]
Dealt to 610a09f6 
Dealt to 77815369 
610a09f6: folds
77815369: folds
78254d04: raises $0.1 to $0.15
Hero: raises $0.29 to $0.44
78254d04: folds
Uncalled bet ($0.29) returned to Hero
*** SHOWDOWN ***
Hero collected $0.29 from pot
*** SUMMARY ***
Total pot $0.3 | Rake $0.01 | Jackpot $0 | Bingo $0 | Fortune $0
Seat 1: 78254d04 (small blind) folded before Flop
Seat 3: Hero (big blind) collected ($0.29)
Seat 4: 610a09f6 folded before Flop (didn't bet)
Seat 5: 77815369 (button) folded before Flop (didn't bet)


Poker Hand #HD1209761044: Hold'em No Limit  ($0.02/$0.05) - 2023/04/19 20:55:18
Table 'NLHBlue58' 6-max Seat #4 is the button
Seat 1: 78254d04 ($5.41 in chips)
Seat 3: Hero ($5.03 in chips)
Seat 4: 610a09f6 ($5.08 in chips)
Seat 5: 77815369 ($5.89 in chips)
77815369: posts small blind $0.02
78254d04: posts big blind $0.05
*** HOLE CARDS ***
Dealt to 78254d04 
Dealt to Hero [Jh 9s]
Dealt to 610a09f6 
Dealt to 77815369 
Hero: folds
610a09f6: folds
77815369: folds
Uncalled bet ($0.03) returned to 78254d04
*** SHOWDOWN ***
78254d04 collected $0.04 from pot
*** SUMMARY ***
Total pot $0.04 | Rake $0 | Jackpot $0 | Bingo $0 | Fortune $0
Seat 1: 78254d04 (big blind) collected ($0.04)
Seat 3: Hero folded before Flop (didn't bet)
Seat 4: 610a09f6 (button) folded before Flop (didn't bet)
Seat 5: 77815369 (small blind) folded before Flop


Poker Hand #HD1209761030: Hold'em No Limit  ($0.02/$0.05) - 2023/04/19 20:55:09
Table 'NLHBlue58' 6-max Seat #3 is the button
Seat 1: 78254d04 ($5.41 in chips)
Seat 3: Hero ($5.03 in chips)
Seat 4: 610a09f6 ($5.1 in chips)
Seat 5: 77815369 ($5.87 in chips)
610a09f6: posts small blind $0.02
77815369: posts big blind $0.05
*** HOLE CARDS ***
Dealt to 78254d04 
Dealt to Hero [5c 8d]
Dealt to 610a09f6 
Dealt to 77815369 
78254d04: folds
Hero: folds
610a09f6: folds
Uncalled bet ($0.03) returned to 77815369
*** SHOWDOWN ***
77815369 collected $0.04 from pot
*** SUMMARY ***
Total pot $0.04 | Rake $0 | Jackpot $0 | Bingo $0 | Fortune $0
Seat 1: 78254d04 folded before Flop (didn't bet)
Seat 3: Hero (button) folded before Flop (didn't bet)
Seat 4: 610a09f6 (small blind) folded before Flop
Seat 5: 77815369 (big blind) collected ($0.04)


Poker Hand #HD1209760981: Hold'em No Limit  ($0.02/$0.05) - 2023/04/19 20:54:42
Table 'NLHBlue58' 6-max Seat #1 is the button
Seat 1: 78254d04 ($5.25 in chips)
Seat 3: Hero ($5.05 in chips)
Seat 4: 610a09f6 ($5.25 in chips)
Seat 5: 77815369 ($5.87 in chips)
Hero: posts small blind $0.02
610a09f6: posts big blind $0.05
*** HOLE CARDS ***
Dealt to 78254d04 
Dealt to Hero [2s 4s]
Dealt to 610a09f6 
Dealt to 77815369 
77815369: folds
78254d04: raises $0.1 to $0.15
Hero: folds
610a09f6: calls $0.1
*** FLOP *** [2c Qd 6d]
610a09f6: checks
78254d04: checks
*** TURN *** [2c Qd 6d] [4d]
610a09f6: checks
78254d04: bets $0.24
610a09f6: folds
Uncalled bet ($0.24) returned to 78254d04
*** SHOWDOWN ***
78254d04 collected $0.31 from pot
*** SUMMARY ***
Total pot $0.32 | Rake $0.01 | Jackpot $0 | Bingo $0 | Fortune $0
Board [2c Qd 6d 4d]
Seat 1: 78254d04 (button) won ($0.31)
Seat 3: Hero (small blind) folded before Flop
Seat 4: 610a09f6 (big blind) folded on the Turn
Seat 5: 77815369 folded before Flop (didn't bet)


Poker Hand #HD1209760963: Hold'em No Limit  ($0.02/$0.05) - 2023/04/19 20:54:33
Table 'NLHBlue58' 6-max Seat #5 is the button
Seat 1: 78254d04 ($5.27 in chips)
Seat 3: Hero ($5.1 in chips)
Seat 4: 610a09f6 ($5.18 in chips)
Seat 5: 77815369 ($5.87 in chips)
78254d04: posts small blind $0.02
Hero: posts big blind $0.05
*** HOLE CARDS ***
Dealt to 78254d04 
Dealt to Hero [Jc 5d]
Dealt to 610a09f6 
Dealt to 77815369 
610a09f6: raises $0.09 to $0.14
77815369: folds
78254d04: folds
Hero: folds
Uncalled bet ($0.09) returned to 610a09f6
*** SHOWDOWN ***
610a09f6 collected $0.12 from pot
*** SUMMARY ***
Total pot $0.12 | Rake $0 | Jackpot $0 | Bingo $0 | Fortune $0
Seat 1: 78254d04 (small blind) folded before Flop
Seat 3: Hero (big blind) folded before Flop
Seat 4: 610a09f6 collected ($0.12)
Seat 5: 77815369 (button) folded before Flop (didn't bet)


Poker Hand #HD1209760855: Hold'em No Limit  ($0.02/$0.05) - 2023/04/19 20:53:29
Table 'NLHBlue58' 6-max Seat #4 is the button
Seat 1: 78254d04 ($5.9 in chips)
Seat 3: Hero ($5.1 in chips)
Seat 4: 610a09f6 ($5.18 in chips)
Seat 5: 77815369 ($5.3 in chips)
77815369: posts small blind $0.02
78254d04: posts big blind $0.05
*** HOLE CARDS ***
Dealt to 78254d04 
Dealt to Hero [Qs 5s]
Dealt to 610a09f6 
Dealt to 77815369 
Hero: folds
610a09f6: folds
77815369: raises $0.1 to $0.15
78254d04: calls $0.1
*** FLOP *** [2h Ac 2s]
77815369: bets $0.1
78254d04: calls $0.1
*** TURN *** [2h Ac 2s] [Th]
77815369: checks
78254d04: bets $0.38
77815369: calls $0.38
*** RIVER *** [2h Ac 2s Th] [Tc]
77815369: checks
78254d04: checks
77815369: shows [8s As] (Pair of Aces and Pair of Tens)
78254d04: shows [Ah 6c] (Pair of Aces and Pair of Tens)
*** SHOWDOWN ***
77815369 collected $1.2 from pot
*** SUMMARY ***
Total pot $1.26 | Rake $0.06 | Jackpot $0 | Bingo $0 | Fortune $0
Board [2h Ac 2s Th Tc]
Seat 1: 78254d04 (big blind) showed [Ah 6c] and lost with Pair of Aces and Pair of Tens
Seat 3: Hero folded before Flop (didn't bet)
Seat 4: 610a09f6 (button) folded before Flop (didn't bet)
Seat 5: 77815369 (small blind) showed [8s As] and won ($1.2) with Pair of Aces and Pair of Tens


Poker Hand #HD1209760836: Hold'em No Limit  ($0.02/$0.05) - 2023/04/19 20:53:19
Table 'NLHBlue58' 6-max Seat #3 is the button
Seat 1: 78254d04 ($5.9 in chips)
Seat 3: Hero ($5.1 in chips)
Seat 4: 610a09f6 ($5.13 in chips)
Seat 5: 77815369 ($5.35 in chips)
610a09f6: posts small blind $0.02
77815369: posts big blind $0.05
*** HOLE CARDS ***
Dealt to 78254d04 
Dealt to Hero [8h 5s]
Dealt to 610a09f6 
Dealt to 77815369 
78254d04: folds
Hero: folds
610a09f6: raises $0.09 to $0.14
77815369: folds
Uncalled bet ($0.09) returned to 610a09f6
*** SHOWDOWN ***
610a09f6 collected $0.1 from pot
*** SUMMARY ***
Total pot $0.1 | Rake $0 | Jackpot $0 | Bingo $0 | Fortune $0
Seat 1: 78254d04 folded before Flop (didn't bet)
Seat 3: Hero (button) folded before Flop (didn't bet)
Seat 4: 610a09f6 (small blind) collected ($0.1)
Seat 5: 77815369 (big blind) folded before Flop


Poker Hand #HD1209760776: Hold'em No Limit  ($0.02/$0.05) - 2023/04/19 20:52:43
Table 'NLHBlue58' 6-max Seat #1 is the button
Seat 1: 78254d04 ($5.9 in chips)
Seat 3: Hero ($5.24 in chips)
Seat 4: 610a09f6 ($5 in chips)
Seat 5: 77815369 ($5.35 in chips)
Hero: posts small blind $0.02
610a09f6: posts big blind $0.05
*** HOLE CARDS ***
Dealt to 78254d04 
Dealt to Hero [8d 6d]
Dealt to 610a09f6 
Dealt to 77815369 
77815369: folds
78254d04: folds
Hero: raises $0.09 to $0.14
610a09f6: calls $0.09
*** FLOP *** [Ac 9h 2c]
Hero: checks
610a09f6: checks
*** TURN *** [Ac 9h 2c] [5h]
Hero: checks
610a09f6: checks
*** RIVER *** [Ac 9h 2c 5h] [5c]
Hero: checks
610a09f6: checks
Hero: shows [8d 6d] (Pair of Fives)
610a09f6: shows [Qd Kc] (Pair of Fives)
*** SHOWDOWN ***
610a09f6 collected $0.27 from pot
*** SUMMARY ***
Total pot $0.28 | Rake $0.01 | Jackpot $0 | Bingo $0 | Fortune $0
Board [Ac 9h 2c 5h 5c]
Seat 1: 78254d04 (button) folded before Flop (didn't bet)
Seat 3: Hero (small blind) showed [8d 6d] and lost with Pair of Fives
Seat 4: 610a09f6 (big blind) showed [Qd Kc] and won ($0.27) with Pair of Fives
Seat 5: 77815369 folded before Flop (didn't bet)


Poker Hand #HD1209760755: Hold'em No Limit  ($0.02/$0.05) - 2023/04/19 20:52:33
Table 'NLHBlue58' 6-max Seat #5 is the button
Seat 1: 78254d04 ($5.92 in chips)
Seat 3: Hero ($5.22 in chips)
Seat 4: 610a09f6 ($5 in chips)
Seat 5: 77815369 ($5.35 in chips)
78254d04: posts small blind $0.02
Hero: posts big blind $0.05
*** HOLE CARDS ***
Dealt to 78254d04 
Dealt to Hero [4c 8h]
Dealt to 610a09f6 
Dealt to 77815369 
610a09f6: folds
77815369: folds
78254d04: folds
Uncalled bet ($0.03) returned to Hero
*** SHOWDOWN ***
Hero collected $0.04 from pot
*** SUMMARY ***
Total pot $0.04 | Rake $0 | Jackpot $0 | Bingo $0 | Fortune $0
Seat 1: 78254d04 (small blind) folded before Flop
Seat 3: Hero (big blind) collected ($0.04)
Seat 4: 610a09f6 folded before Flop (didn't bet)
Seat 5: 77815369 (button) folded before Flop (didn't bet)


Poker Hand #HD1209760663: Hold'em No Limit  ($0.02/$0.05) - 2023/04/19 20:51:46
Table 'NLHBlue58' 6-max Seat #4 is the button
Seat 1: 78254d04 ($5.77 in chips)
Seat 3: Hero ($5.22 in chips)
Seat 4: 610a09f6 ($5 in chips)
Seat 5: 77815369 ($5.37 in chips)
77815369: posts small blind $0.02
78254d04: posts big blind $0.05
*** HOLE CARDS ***
Dealt to 78254d04 
Dealt to Hero [Js Th]
Dealt to 610a09f6 
Dealt to 77815369 
Hero: folds
610a09f6: raises $0.09 to $0.14
77815369: folds
78254d04: calls $0.09
*** FLOP *** [Ks 4c 4h]
78254d04: checks
610a09f6: checks
*** TURN *** [Ks 4c 4h] [7d]
78254d04: checks
610a09f6: checks
*** RIVER *** [Ks 4c 4h 7d] [6c]
78254d04: bets $0.23
610a09f6: folds
Uncalled bet ($0.23) returned to 78254d04
*** SHOWDOWN ***
78254d04 collected $0.29 from pot
*** SUMMARY ***
Total pot $0.3 | Rake $0.01 | Jackpot $0 | Bingo $0 | Fortune $0
Board [Ks 4c 4h 7d 6c]
Seat 1: 78254d04 (big blind) won ($0.29)
Seat 3: Hero folded before Flop (didn't bet)
Seat 4: 610a09f6 (button) folded on the River
Seat 5: 77815369 (small blind) folded before Flop


Poker Hand #HD1209760575: Hold'em No Limit  ($0.02/$0.05) - 2023/04/19 20:50:54
Table 'NLHBlue58' 6-max Seat #3 is the button
Seat 1: 78254d04 ($5.58 in chips)
Seat 3: Hero ($5.22 in chips)
Seat 4: 610a09f6 ($5 in chips)
Seat 5: 77815369 ($5.42 in chips)
610a09f6: posts small blind $0.02
77815369: posts big blind $0.05
*** HOLE CARDS ***
Dealt to 78254d04 
Dealt to Hero [5d Qs]
Dealt to 610a09f6 
Dealt to 77815369 
78254d04: raises $0.1 to $0.15
Hero: folds
610a09f6: calls $0.13
77815369: folds
*** FLOP *** [8d 2c Ac]
610a09f6: checks
78254d04: checks
*** TURN *** [8d 2c Ac] [8h]
610a09f6: checks
78254d04: checks
*** RIVER *** [8d 2c Ac 8h] [6c]
610a09f6: checks
78254d04: checks
610a09f6: shows [Td Jc] (Pair of Eights)
78254d04: shows [Qc Kh] (Pair of Eights)
*** SHOWDOWN ***
78254d04 collected $0.34 from pot
*** SUMMARY ***
Total pot $0.35 | Rake $0.01 | Jackpot $0 | Bingo $0 | Fortune $0
Board [8d 2c Ac 8h 6c]
Seat 1: 78254d04 showed [Qc Kh] and won ($0.34) with Pair of Eights
Seat 3: Hero (button) folded before Flop (didn't bet)
Seat 4: 610a09f6 (small blind) showed [Td Jc] and lost with Pair of Eights
Seat 5: 77815369 (big blind) folded before Flop


Poker Hand #HD1209760526: Hold'em No Limit  ($0.02/$0.05) - 2023/04/19 20:50:28
Table 'NLHBlue58' 6-max Seat #1 is the button
Seat 1: 78254d04 ($5.58 in chips)
Seat 3: Hero ($5.24 in chips)
Seat 4: 610a09f6 ($5 in chips)
Seat 5: 77815369 ($5.29 in chips)
Hero: posts small blind $0.02
610a09f6: posts big blind $0.05
*** HOLE CARDS ***
Dealt to 78254d04 
Dealt to Hero [5d Kd]
Dealt to 610a09f6 
Dealt to 77815369 
77815369: raises $0.07 to $0.12
78254d04: folds
Hero: folds
610a09f6: calls $0.07
*** FLOP *** [Js 2c 7c]
610a09f6: checks
77815369: bets $0.13
610a09f6: folds
Uncalled bet ($0.13) returned to 77815369
*** SHOWDOWN ***
77815369 collected $0.25 from pot
*** SUMMARY ***
Total pot $0.26 | Rake $0.01 | Jackpot $0 | Bingo $0 | Fortune $0
Board [Js 2c 7c]
Seat 1: 78254d04 (button) folded before Flop (didn't bet)
Seat 3: Hero (small blind) folded before Flop
Seat 4: 610a09f6 (big blind) folded on the Flop
Seat 5: 77815369 won ($0.25)


Poker Hand #HD1209760509: Hold'em No Limit  ($0.02/$0.05) - 2023/04/19 20:50:20
Table 'NLHBlue58' 6-max Seat #5 is the button
Seat 1: 78254d04 ($5.6 in chips)
Seat 3: Hero ($5.22 in chips)
Seat 4: 610a09f6 ($5 in chips)
Seat 5: 77815369 ($5.29 in chips)
78254d04: posts small blind $0.02
Hero: posts big blind $0.05
*** HOLE CARDS ***
Dealt to 78254d04 
Dealt to Hero [9d 4d]
Dealt to 610a09f6 
Dealt to 77815369 
610a09f6: folds
77815369: folds
78254d04: folds
Uncalled bet ($0.03) returned to Hero
*** SHOWDOWN ***
Hero collected $0.04 from pot
*** SUMMARY ***
Total pot $0.04 | Rake $0 | Jackpot $0 | Bingo $0 | Fortune $0
Seat 1: 78254d04 (small blind) folded before Flop
Seat 3: Hero (big blind) collected ($0.04)
Seat 4: 610a09f6 folded before Flop (didn't bet)
Seat 5: 77815369 (button) folded before Flop (didn't bet)


Poker Hand #HD1209760467: Hold'em No Limit  ($0.02/$0.05) - 2023/04/19 20:49:54
Table 'NLHBlue58' 6-max Seat #4 is the button
Seat 1: 78254d04 ($5.46 in chips)
Seat 3: Hero ($5.22 in chips)
Seat 4: 610a09f6 ($5 in chips)
Seat 5: 77815369 ($5.44 in chips)
77815369: posts small blind $0.02
78254d04: posts big blind $0.05
*** HOLE CARDS ***
Dealt to 78254d04 
Dealt to Hero [7d 3d]
Dealt to 610a09f6 
Dealt to 77815369 
Hero: folds
610a09f6: folds
77815369: raises $0.1 to $0.15
78254d04: raises $0.3 to $0.45
77815369: folds
Uncalled bet ($0.3) returned to 78254d04
*** SHOWDOWN ***
78254d04 collected $0.29 from pot
*** SUMMARY ***
Total pot $0.3 | Rake $0.01 | Jackpot $0 | Bingo $0 | Fortune $0
Seat 1: 78254d04 (big blind) collected ($0.29)
Seat 3: Hero folded before Flop (didn't bet)
Seat 4: 610a09f6 (button) folded before Flop (didn't bet)
Seat 5: 77815369 (small blind) folded before Flop


Poker Hand #HD1209760439: Hold'em No Limit  ($0.02/$0.05) - 2023/04/19 20:49:37
Table 'NLHBlue58' 6-max Seat #3 is the button
Seat 1: 78254d04 ($5.46 in chips)
Seat 2: 1ea5cb00 ($6.04 in chips)
Seat 3: Hero ($5.22 in chips)
Seat 4: 610a09f6 ($5 in chips)
Seat 5: 77815369 ($5.49 in chips)
610a09f6: posts small blind $0.02
77815369: posts big blind $0.05
*** HOLE CARDS ***
Dealt to 78254d04 
Dealt to 1ea5cb00 
Dealt to Hero [Td 6s]
Dealt to 610a09f6 
Dealt to 77815369 
78254d04: folds
1ea5cb00: raises $0.05 to $0.1
Hero: folds
610a09f6: folds
77815369: folds
Uncalled bet ($0.05) returned to 1ea5cb00
*** SHOWDOWN ***
1ea5cb00 collected $0.12 from pot
*** SUMMARY ***
Total pot $0.12 | Rake $0 | Jackpot $0 | Bingo $0 | Fortune $0
Seat 1: 78254d04 folded before Flop (didn't bet)
Seat 2: 1ea5cb00 collected ($0.12)
Seat 3: Hero (button) folded before Flop (didn't bet)
Seat 4: 610a09f6 (small blind) folded before Flop
Seat 5: 77815369 (big blind) folded before Flop


Poker Hand #HD1209760350: Hold'em No Limit  ($0.02/$0.05) - 2023/04/19 20:48:48
Table 'NLHBlue58' 6-max Seat #2 is the button
Seat 1: 78254d04 ($5.46 in chips)
Seat 2: 1ea5cb00 ($6.04 in chips)
Seat 3: Hero ($4.95 in chips)
Seat 4: 610a09f6 ($5.07 in chips)
Seat 5: 77815369 ($5.49 in chips)
Hero: posts small blind $0.02
610a09f6: posts big blind $0.05
*** HOLE CARDS ***
Dealt to 78254d04 
Dealt to 1ea5cb00 
Dealt to Hero [Th Ac]
Dealt to 610a09f6 
Dealt to 77815369 
77815369: folds
78254d04: folds
1ea5cb00: folds
Hero: raises $0.07 to $0.12
610a09f6: calls $0.07
*** FLOP *** [5d Ts Js]
Hero: checks
610a09f6: bets $0.12
Hero: calls $0.12
*** TURN *** [5d Ts Js] [Jh]
Hero: checks
610a09f6: checks
*** RIVER *** [5d Ts Js Jh] [8d]
Hero: bets $0.24
610a09f6: folds
Uncalled bet ($0.24) returned to Hero
*** SHOWDOWN ***
Hero collected $0.46 from pot
*** SUMMARY ***
Total pot $0.48 | Rake $0.02 | Jackpot $0 | Bingo $0 | Fortune $0
Board [5d Ts Js Jh 8d]
Seat 1: 78254d04 folded before Flop (didn't bet)
Seat 2: 1ea5cb00 (button) folded before Flop (didn't bet)
Seat 3: Hero (small blind) won ($0.46)
Seat 4: 610a09f6 (big blind) folded on the River
Seat 5: 77815369 folded before Flop (didn't bet)


Poker Hand #HD1209760326: Hold'em No Limit  ($0.02/$0.05) - 2023/04/19 20:48:32
Table 'NLHBlue58' 6-max Seat #1 is the button
Seat 1: 78254d04 ($5.46 in chips)
Seat 2: 1ea5cb00 ($5.99 in chips)
Seat 3: Hero ($5 in chips)
Seat 4: 610a09f6 ($5.07 in chips)
Seat 5: 77815369 ($5.49 in chips)
1ea5cb00: posts small blind $0.02
Hero: posts big blind $0.05
*** HOLE CARDS ***
Dealt to 78254d04 
Dealt to 1ea5cb00 
Dealt to Hero [8d 6h]
Dealt to 610a09f6 
Dealt to 77815369 
610a09f6: folds
77815369: folds
78254d04: folds
1ea5cb00: raises $0.05 to $0.1
Hero: folds
Uncalled bet ($0.05) returned to 1ea5cb00
*** SHOWDOWN ***
1ea5cb00 collected $0.1 from pot
*** SUMMARY ***
Total pot $0.1 | Rake $0 | Jackpot $0 | Bingo $0 | Fortune $0
Seat 1: 78254d04 (button) folded before Flop (didn't bet)
Seat 2: 1ea5cb00 (small blind) collected ($0.1)
Seat 3: Hero (big blind) folded before Flop
Seat 4: 610a09f6 folded before Flop (didn't bet)
Seat 5: 77815369 folded before Flop (didn't bet)


Poker Hand #HD1209760297: Hold'em No Limit  ($0.02/$0.05) - 2023/04/19 20:48:15
Table 'NLHBlue58' 6-max Seat #5 is the button
Seat 1: 78254d04 ($5.48 in chips)
Seat 2: 1ea5cb00 ($6.04 in chips)
Seat 3: Hero ($5 in chips)
Seat 4: 610a09f6 ($5 in chips)
Seat 5: 77815369 ($5.49 in chips)
78254d04: posts small blind $0.02
1ea5cb00: posts big blind $0.05
*** HOLE CARDS ***
Dealt to 78254d04 
Dealt to 1ea5cb00 
Dealt to Hero [4c Th]
Dealt to 610a09f6 
Dealt to 77815369 
Hero: folds
610a09f6: raises $0.09 to $0.14
77815369: folds
78254d04: folds
1ea5cb00: folds
Uncalled bet ($0.09) returned to 610a09f6
*** SHOWDOWN ***
610a09f6 collected $0.12 from pot
*** SUMMARY ***
Total pot $0.12 | Rake $0 | Jackpot $0 | Bingo $0 | Fortune $0
Seat 1: 78254d04 (small blind) folded before Flop
Seat 2: 1ea5cb00 (big blind) folded before Flop
Seat 3: Hero folded before Flop (didn't bet)
Seat 4: 610a09f6 collected ($0.12)
Seat 5: 77815369 (button) folded before Flop (didn't bet)


Poker Hand #HD1209760254: Hold'em No Limit  ($0.02/$0.05) - 2023/04/19 20:47:52
Table 'NLHBlue58' 6-max Seat #4 is the button
Seat 1: 78254d04 ($5.37 in chips)
Seat 2: 1ea5cb00 ($6.14 in chips)
Seat 3: Hero ($5 in chips)
Seat 4: 610a09f6 ($5 in chips)
Seat 5: 77815369 ($5.51 in chips)
77815369: posts small blind $0.02
78254d04: posts big blind $0.05
*** HOLE CARDS ***
Dealt to 78254d04 
Dealt to 1ea5cb00 
Dealt to Hero [8d Tc]
Dealt to 610a09f6 
Dealt to 77815369 
1ea5cb00: raises $0.05 to $0.1
Hero: folds
610a09f6: folds
77815369: folds
78254d04: calls $0.05
*** FLOP *** [5h 4s 7c]
78254d04: checks
1ea5cb00: checks
*** TURN *** [5h 4s 7c] [Kd]
78254d04: bets $0.17
1ea5cb00: folds
Uncalled bet ($0.17) returned to 78254d04
*** SHOWDOWN ***
78254d04 collected $0.21 from pot
*** SUMMARY ***
Total pot $0.22 | Rake $0.01 | Jackpot $0 | Bingo $0 | Fortune $0
Board [5h 4s 7c Kd]
Seat 1: 78254d04 (big blind) won ($0.21)
Seat 2: 1ea5cb00 folded on the Turn
Seat 3: Hero folded before Flop (didn't bet)
Seat 4: 610a09f6 (button) folded before Flop (didn't bet)
Seat 5: 77815369 (small blind) folded before Flop


Poker Hand #HD1209760164: Hold'em No Limit  ($0.02/$0.05) - 2023/04/19 20:47:02
Table 'NLHBlue58' 6-max Seat #3 is the button
Seat 1: 78254d04 ($5.21 in chips)
Seat 2: 1ea5cb00 ($6.14 in chips)
Seat 3: Hero ($5 in chips)
Seat 4: 610a09f6 ($4.95 in chips)
Seat 5: 77815369 ($5.66 in chips)
Seat 6: b5601c17 ($1.69 in chips)
610a09f6: posts small blind $0.02
77815369: posts big blind $0.05
*** HOLE CARDS ***
Dealt to 78254d04 
Dealt to 1ea5cb00 
Dealt to Hero [4d 7s]
Dealt to 610a09f6 
Dealt to 77815369 
Dealt to b5601c17 
b5601c17: folds
78254d04: raises $0.1 to $0.15
1ea5cb00: folds
Hero: folds
610a09f6: folds
77815369: calls $0.1
*** FLOP *** [8d 7c 3s]
77815369: checks
78254d04: bets $0.24
77815369: folds
Uncalled bet ($0.24) returned to 78254d04
*** SHOWDOWN ***
78254d04 collected $0.31 from pot
*** SUMMARY ***
Total pot $0.32 | Rake $0.01 | Jackpot $0 | Bingo $0 | Fortune $0
Board [8d 7c 3s]
Seat 1: 78254d04 won ($0.31)
Seat 2: 1ea5cb00 folded before Flop (didn't bet)
Seat 3: Hero (button) folded before Flop (didn't bet)
Seat 4: 610a09f6 (small blind) folded before Flop
Seat 5: 77815369 (big blind) folded on the Flop
Seat 6: b5601c17 folded before Flop (didn't bet)


Poker Hand #HD1209760134: Hold'em No Limit  ($0.02/$0.05) - 2023/04/19 20:46:44
Table 'NLHBlue58' 6-max Seat #2 is the button
Seat 1: 78254d04 ($5.14 in chips)
Seat 2: 1ea5cb00 ($6.14 in chips)
Seat 3: Hero ($5 in chips)
Seat 4: 610a09f6 ($5 in chips)
Seat 5: 77815369 ($5.66 in chips)
Seat 6: b5601c17 ($1.69 in chips)
Hero: posts small blind $0.02
610a09f6: posts big blind $0.05
*** HOLE CARDS ***
Dealt to 78254d04 
Dealt to 1ea5cb00 
Dealt to Hero [Qd Th]
Dealt to 610a09f6 
Dealt to 77815369 
Dealt to b5601c17 
77815369: folds
b5601c17: folds
78254d04: raises $0.1 to $0.15
1ea5cb00: folds
Hero: folds
610a09f6: folds
Uncalled bet ($0.1) returned to 78254d04
*** SHOWDOWN ***
78254d04 collected $0.12 from pot
*** SUMMARY ***
Total pot $0.12 | Rake $0 | Jackpot $0 | Bingo $0 | Fortune $0
Seat 1: 78254d04 collected ($0.12)
Seat 2: 1ea5cb00 (button) folded before Flop (didn't bet)
Seat 3: Hero (small blind) folded before Flop
Seat 4: 610a09f6 (big blind) folded before Flop
Seat 5: 77815369 folded before Flop (didn't bet)
Seat 6: b5601c17 folded before Flop (didn't bet)


Poker Hand #HD1209760095: Hold'em No Limit  ($0.02/$0.05) - 2023/04/19 20:46:22
Table 'NLHBlue58' 6-max Seat #1 is the button
Seat 1: 78254d04 ($5.07 in chips)
Seat 2: 1ea5cb00 ($6.16 in chips)
Seat 3: Hero ($5 in chips)
Seat 4: 610a09f6 ($5 in chips)
Seat 5: 77815369 ($5.66 in chips)
Seat 6: b5601c17 ($1.69 in chips)
1ea5cb00: posts small blind $0.02
Hero: posts big blind $0.05
*** HOLE CARDS ***
Dealt to 78254d04 
Dealt to 1ea5cb00 
Dealt to Hero [5c 3h]
Dealt to 610a09f6 
Dealt to 77815369 
Dealt to b5601c17 
610a09f6: folds
77815369: folds
b5601c17: folds
78254d04: raises $0.1 to $0.15
1ea5cb00: folds
Hero: folds
Uncalled bet ($0.1) returned to 78254d04
*** SHOWDOWN ***
78254d04 collected $0.12 from pot
*** SUMMARY ***
Total pot $0.12 | Rake $0 | Jackpot $0 | Bingo $0 | Fortune $0
Seat 1: 78254d04 (button) collected ($0.12)
Seat 2: 1ea5cb00 (small blind) folded before Flop
Seat 3: Hero (big blind) folded before Flop
Seat 4: 610a09f6 folded before Flop (didn't bet)
Seat 5: 77815369 folded before Flop (didn't bet)
Seat 6: b5601c17 folded before Flop (didn't bet)


Poker Hand #HD1209759982: Hold'em No Limit  ($0.02/$0.05) - 2023/04/19 20:45:19
Table 'NLHBlue58' 6-max Seat #6 is the button
Seat 1: 78254d04 ($5.09 in chips)
Seat 2: 1ea5cb00 ($6.21 in chips)
Seat 3: Hero ($5 in chips)
Seat 4: 610a09f6 ($5 in chips)
Seat 5: 77815369 ($5.66 in chips)
Seat 6: b5601c17 ($1.39 in chips)
78254d04: posts small blind $0.02
1ea5cb00: posts big blind $0.05
*** HOLE CARDS ***
Dealt to 78254d04 
Dealt to 1ea5cb00 
Dealt to Hero [4h Qd]
Dealt to 610a09f6 
Dealt to 77815369 
Dealt to b5601c17 
Hero: folds
610a09f6: raises $0.09 to $0.14
77815369: folds
b5601c17: calls $0.14
78254d04: folds
1ea5cb00: folds
*** FLOP *** [2s 2d Kh]
610a09f6: bets $0.12
b5601c17: calls $0.12
*** TURN *** [2s 2d Kh] [8c]
610a09f6: checks
b5601c17: bets $0.3
610a09f6: folds
Uncalled bet ($0.3) returned to b5601c17
*** SHOWDOWN ***
b5601c17 collected $0.56 from pot
*** SUMMARY ***
Total pot $0.59 | Rake $0.03 | Jackpot $0 | Bingo $0 | Fortune $0
Board [2s 2d Kh 8c]
Seat 1: 78254d04 (small blind) folded before Flop
Seat 2: 1ea5cb00 (big blind) folded before Flop
Seat 3: Hero folded before Flop (didn't bet)
Seat 4: 610a09f6 folded on the Turn
Seat 5: 77815369 folded before Flop (didn't bet)
Seat 6: b5601c17 (button) won ($0.56)


Poker Hand #HD1209759922: Hold'em No Limit  ($0.02/$0.05) - 2023/04/19 20:44:39
Table 'NLHBlue58' 6-max Seat #5 is the button
Seat 1: 78254d04 ($5 in chips)
Seat 2: 1ea5cb00 ($6.21 in chips)
Seat 3: Hero ($5 in chips)
Seat 4: 610a09f6 ($5 in chips)
Seat 5: 77815369 ($5.66 in chips)
Seat 6: b5601c17 ($1.49 in chips)
b5601c17: posts small blind $0.02
78254d04: posts big blind $0.05
*** HOLE CARDS ***
Dealt to 78254d04 
Dealt to 1ea5cb00 
Dealt to Hero [7h Qc]
Dealt to 610a09f6 
Dealt to 77815369 
Dealt to b5601c17 
1ea5cb00: folds
Hero: folds
610a09f6: folds
77815369: folds
b5601c17: raises $0.05 to $0.1
78254d04: raises $0.2 to $0.3
b5601c17: folds
Uncalled bet ($0.2) returned to 78254d04
*** SHOWDOWN ***
78254d04 collected $0.19 from pot
*** SUMMARY ***
Total pot $0.2 | Rake $0.01 | Jackpot $0 | Bingo $0 | Fortune $0
Seat 1: 78254d04 (big blind) collected ($0.19)
Seat 2: 1ea5cb00 folded before Flop (didn't bet)
Seat 3: Hero folded before Flop (didn't bet)
Seat 4: 610a09f6 folded before Flop (didn't bet)
Seat 5: 77815369 (button) folded before Flop (didn't bet)
Seat 6: b5601c17 (small blind) folded before Flop


Poker Hand #HD1209759882: Hold'em No Limit  ($0.02/$0.05) - 2023/04/19 20:44:15
Table 'NLHBlue58' 6-max Seat #4 is the button
Seat 1: 78254d04 ($5 in chips)
Seat 2: 1ea5cb00 ($6.14 in chips)
Seat 3: Hero ($5 in chips)
Seat 4: 610a09f6 ($5 in chips)
Seat 5: 77815369 ($5.68 in chips)
Seat 6: b5601c17 ($1.54 in chips)
77815369: posts small blind $0.02
b5601c17: posts big blind $0.05
*** HOLE CARDS ***
Dealt to 78254d04 
Dealt to 1ea5cb00 
Dealt to Hero [Qc Jd]
Dealt to 610a09f6 
Dealt to 77815369 
Dealt to b5601c17 
78254d04: folds
1ea5cb00: raises $0.05 to $0.1
Hero: folds
610a09f6: folds
77815369: folds
b5601c17: folds
Uncalled bet ($0.05) returned to 1ea5cb00
*** SHOWDOWN ***
1ea5cb00 collected $0.12 from pot
*** SUMMARY ***
Total pot $0.12 | Rake $0 | Jackpot $0 | Bingo $0 | Fortune $0
Seat 1: 78254d04 folded before Flop (didn't bet)
Seat 2: 1ea5cb00 collected ($0.12)
Seat 3: Hero folded before Flop (didn't bet)
Seat 4: 610a09f6 (button) folded before Flop (didn't bet)
Seat 5: 77815369 (small blind) folded before Flop
Seat 6: b5601c17 (big blind) folded before Flop


Poker Hand #HD1209759825: Hold'em No Limit  ($0.02/$0.05) - 2023/04/19 20:43:44
Table 'NLHBlue58' 6-max Seat #3 is the button
Seat 1: 78254d04 ($5 in chips)
Seat 2: 1ea5cb00 ($6.14 in chips)
Seat 3: Hero ($4.98 in chips)
Seat 4: 610a09f6 ($5.02 in chips)
Seat 5: 77815369 ($5.4 in chips)
Seat 6: b5601c17 ($1.59 in chips)
610a09f6: posts small blind $0.02
77815369: posts big blind $0.05
*** HOLE CARDS ***
Dealt to 78254d04 
Dealt to 1ea5cb00 
Dealt to Hero [Ah 5c]
Dealt to 610a09f6 
Dealt to 77815369 
Dealt to b5601c17 
b5601c17: calls $0.05
78254d04: folds
1ea5cb00: folds
Hero: folds
610a09f6: raises $0.2 to $0.25
77815369: raises $0.45 to $0.7
b5601c17: folds
610a09f6: folds
Uncalled bet ($0.45) returned to 77815369
*** SHOWDOWN ***
77815369 collected $0.53 from pot
*** SUMMARY ***
Total pot $0.55 | Rake $0.02 | Jackpot $0 | Bingo $0 | Fortune $0
Seat 1: 78254d04 folded before Flop (didn't bet)
Seat 2: 1ea5cb00 folded before Flop (didn't bet)
Seat 3: Hero (button) folded before Flop (didn't bet)
Seat 4: 610a09f6 (small blind) folded before Flop
Seat 5: 77815369 (big blind) collected ($0.53)
Seat 6: b5601c17 folded before Flop


Poker Hand #HD1209759806: Hold'em No Limit  ($0.02/$0.05) - 2023/04/19 20:43:30
Table 'NLHBlue58' 6-max Seat #2 is the button
Seat 1: 78254d04 ($5 in chips)
Seat 2: 1ea5cb00 ($6.14 in chips)
Seat 3: Hero ($5 in chips)
Seat 4: 610a09f6 ($5 in chips)
Seat 5: 77815369 ($5.4 in chips)
Seat 6: b5601c17 ($1.59 in chips)
Hero: posts small blind $0.02
610a09f6: posts big blind $0.05
*** HOLE CARDS ***
Dealt to 78254d04 
Dealt to 1ea5cb00 
Dealt to Hero [6c Qh]
Dealt to 610a09f6 
Dealt to 77815369 
Dealt to b5601c17 
77815369: folds
b5601c17: folds
78254d04: folds
1ea5cb00: folds
Hero: folds
Uncalled bet ($0.03) returned to 610a09f6
*** SHOWDOWN ***
610a09f6 collected $0.04 from pot
*** SUMMARY ***
Total pot $0.04 | Rake $0 | Jackpot $0 | Bingo $0 | Fortune $0
Seat 1: 78254d04 folded before Flop (didn't bet)
Seat 2: 1ea5cb00 (button) folded before Flop (didn't bet)
Seat 3: Hero (small blind) folded before Flop
Seat 4: 610a09f6 (big blind) collected ($0.04)
Seat 5: 77815369 folded before Flop (didn't bet)
Seat 6: b5601c17 folded before Flop (didn't bet)


Poker Hand #HD1209759775: Hold'em No Limit  ($0.02/$0.05) - 2023/04/19 20:43:13
Table 'NLHBlue58' 6-max Seat #1 is the button
Seat 1: 78254d04 ($5 in chips)
Seat 2: 1ea5cb00 ($6.16 in chips)
Seat 3: Hero ($5 in chips)
Seat 5: 77815369 ($5.4 in chips)
Seat 6: b5601c17 ($1.52 in chips)
1ea5cb00: posts small blind $0.02
Hero: posts big blind $0.05
*** HOLE CARDS ***
Dealt to 78254d04 
Dealt to 1ea5cb00 
Dealt to Hero [Js 2h]
Dealt to 77815369 
Dealt to b5601c17 
77815369: folds
b5601c17: raises $0.05 to $0.1
78254d04: folds
1ea5cb00: folds
Hero: folds
Uncalled bet ($0.05) returned to b5601c17
*** SHOWDOWN ***
b5601c17 collected $0.12 from pot
*** SUMMARY ***
Total pot $0.12 | Rake $0 | Jackpot $0 | Bingo $0 | Fortune $0
Seat 1: 78254d04 (button) folded before Flop (didn't bet)
Seat 2: 1ea5cb00 (small blind) folded before Flop
Seat 3: Hero (big blind) folded before Flop
Seat 5: 77815369 folded before Flop (didn't bet)
Seat 6: b5601c17 collected ($0.12)


Poker Hand #HD1209759750: Hold'em No Limit  ($0.02/$0.05) - 2023/04/19 20:42:58
Table 'NLHBlue58' 6-max Seat #6 is the button
Seat 1: 78254d04 ($5 in chips)
Seat 2: 1ea5cb00 ($6.14 in chips)
Seat 3: Hero ($5 in chips)
Seat 5: 77815369 ($5.4 in chips)
Seat 6: b5601c17 ($1.52 in chips)
78254d04: posts small blind $0.02
1ea5cb00: posts big blind $0.05
*** HOLE CARDS ***
Dealt to 78254d04 
Dealt to 1ea5cb00 
Dealt to Hero [6s 2c]
Dealt to 77815369 
Dealt to b5601c17 
Hero: folds
77815369: folds
b5601c17: folds
78254d04: folds
Uncalled bet ($0.03) returned to 1ea5cb00
*** SHOWDOWN ***
1ea5cb00 collected $0.04 from pot
*** SUMMARY ***
Total pot $0.04 | Rake $0 | Jackpot $0 | Bingo $0 | Fortune $0
Seat 1: 78254d04 (small blind) folded before Flop
Seat 2: 1ea5cb00 (big blind) collected ($0.04)
Seat 3: Hero folded before Flop (didn't bet)
Seat 5: 77815369 folded before Flop (didn't bet)
Seat 6: b5601c17 (button) folded before Flop (didn't bet)


Poker Hand #HD1209759675: Hold'em No Limit  ($0.02/$0.05) - 2023/04/19 20:42:09
Table 'NLHBlue58' 6-max Seat #5 is the button
Seat 1: 78254d04 ($5 in chips)
Seat 2: 1ea5cb00 ($6.14 in chips)
Seat 3: Hero ($5 in chips)
Seat 5: 77815369 ($5.4 in chips)
Seat 6: b5601c17 ($1.36 in chips)
b5601c17: posts small blind $0.02
78254d04: posts big blind $0.05
*** HOLE CARDS ***
Dealt to 78254d04 
Dealt to 1ea5cb00 
Dealt to Hero [Kh 9h]
Dealt to 77815369 
Dealt to b5601c17 
1ea5cb00: folds
Hero: raises $0.07 to $0.12
77815369: folds
b5601c17: calls $0.1
78254d04: folds
*** FLOP *** [Qh 6d 7s]
b5601c17: bets $0.15
Hero: folds
Uncalled bet ($0.15) returned to b5601c17
*** SHOWDOWN ***
b5601c17 collected $0.28 from pot
*** SUMMARY ***
Total pot $0.29 | Rake $0.01 | Jackpot $0 | Bingo $0 | Fortune $0
Board [Qh 6d 7s]
Seat 1: 78254d04 (big blind) folded before Flop
Seat 2: 1ea5cb00 folded before Flop (didn't bet)
Seat 3: Hero folded on the Flop
Seat 5: 77815369 (button) folded before Flop (didn't bet)
Seat 6: b5601c17 (small blind) won ($0.28)


Poker Hand #HD1209759569: Hold'em No Limit  ($0.02/$0.05) - 2023/04/19 20:41:05
Table 'NLHBlue58' 6-max Seat #3 is the button
Seat 1: 78254d04 ($5.68 in chips)
Seat 2: 1ea5cb00 ($6.14 in chips)
Seat 3: Hero ($5 in chips)
Seat 5: 77815369 ($2.84 in chips)
Seat 6: b5601c17 ($1.41 in chips)
77815369: posts small blind $0.02
b5601c17: posts big blind $0.05
*** HOLE CARDS ***
Dealt to 78254d04 
Dealt to 1ea5cb00 
Dealt to Hero [4s 2s]
Dealt to 77815369 
Dealt to b5601c17 
78254d04: raises $0.1 to $0.15
1ea5cb00: folds
Hero: folds
77815369: raises $0.45 to $0.6
b5601c17: folds
78254d04: calls $0.45
*** FLOP *** [Js 7c 8s]
77815369: bets $0.63
78254d04: calls $0.63
*** TURN *** [Js 7c 8s] [Kc]
77815369: bets $1.61 and is all-in
78254d04: calls $1.61
77815369: shows [Kd Kh] (Three Kings)
78254d04: shows [Jd Ad] (Pair of Jacks)
*** RIVER *** [Js 7c 8s Kc] [7s]
*** SHOWDOWN ***
77815369 collected $5.4 from pot
*** SUMMARY ***
Total pot $5.73 | Rake $0.28 | Jackpot $0.05 | Bingo $0 | Fortune $0
Board [Js 7c 8s Kc 7s]
Seat 1: 78254d04 showed [Jd Ad] and lost with Pair of Jacks and Pair of Sevens
Seat 2: 1ea5cb00 folded before Flop (didn't bet)
Seat 3: Hero (button) folded before Flop (didn't bet)
Seat 5: 77815369 (small blind) showed [Kd Kh] and won ($5.4) with Kings Full over Sevens
Seat 6: b5601c17 (big blind) folded before Flop


Poker Hand #HD1209759547: Hold'em No Limit  ($0.02/$0.05) - 2023/04/19 20:40:51
Table 'NLHBlue58' 6-max Seat #2 is the button
Seat 1: 78254d04 ($5.61 in chips)
Seat 2: 1ea5cb00 ($6.14 in chips)
Seat 3: Hero ($5 in chips)
Seat 5: 77815369 ($2.89 in chips)
Seat 6: b5601c17 ($1.41 in chips)
Hero: posts small blind $0.02
77815369: posts big blind $0.05
*** HOLE CARDS ***
Dealt to 78254d04 
Dealt to 1ea5cb00 
Dealt to Hero [3s 6d]
Dealt to 77815369 
Dealt to b5601c17 
b5601c17: folds
78254d04: raises $0.1 to $0.15
1ea5cb00: folds
Hero: folds
77815369: folds
Uncalled bet ($0.1) returned to 78254d04
*** SHOWDOWN ***
78254d04 collected $0.12 from pot
*** SUMMARY ***
Total pot $0.12 | Rake $0 | Jackpot $0 | Bingo $0 | Fortune $0
Seat 1: 78254d04 collected ($0.12)
Seat 2: 1ea5cb00 (button) folded before Flop (didn't bet)
Seat 3: Hero (small blind) folded before Flop
Seat 5: 77815369 (big blind) folded before Flop
Seat 6: b5601c17 folded before Flop (didn't bet)


Poker Hand #HD1209759500: Hold'em No Limit  ($0.02/$0.05) - 2023/04/19 20:40:25
Table 'NLHBlue58' 6-max Seat #1 is the button
Seat 1: 78254d04 ($5.61 in chips)
Seat 2: 1ea5cb00 ($6.16 in chips)
Seat 3: Hero ($5 in chips)
Seat 4: b20dd80e ($5.52 in chips)
Seat 5: 77815369 ($2.89 in chips)
Seat 6: b5601c17 ($1.34 in chips)
1ea5cb00: posts small blind $0.02
Hero: posts big blind $0.05
*** HOLE CARDS ***
Dealt to 78254d04 
Dealt to 1ea5cb00 
Dealt to Hero [6s 2d]
Dealt to b20dd80e 
Dealt to 77815369 
Dealt to b5601c17 
b20dd80e: folds
77815369: folds
b5601c17: raises $0.05 to $0.1
78254d04: folds
1ea5cb00: folds
Hero: folds
Uncalled bet ($0.05) returned to b5601c17
*** SHOWDOWN ***
b5601c17 collected $0.12 from pot
*** SUMMARY ***
Total pot $0.12 | Rake $0 | Jackpot $0 | Bingo $0 | Fortune $0
Seat 1: 78254d04 (button) folded before Flop (didn't bet)
Seat 2: 1ea5cb00 (small blind) folded before Flop
Seat 3: Hero (big blind) folded before Flop
Seat 4: b20dd80e folded before Flop (didn't bet)
Seat 5: 77815369 folded before Flop (didn't bet)
Seat 6: b5601c17 collected ($0.12)


Poker Hand #HD1209759460: Hold'em No Limit  ($0.02/$0.05) - 2023/04/19 20:40:03
Table 'NLHBlue58' 6-max Seat #6 is the button
Seat 1: 78254d04 ($5.63 in chips)
Seat 2: 1ea5cb00 ($6.21 in chips)
Seat 3: Hero ($5 in chips)
Seat 4: b20dd80e ($5.52 in chips)
Seat 5: 77815369 ($2.89 in chips)
Seat 6: b5601c17 ($1.27 in chips)
78254d04: posts small blind $0.02
1ea5cb00: posts big blind $0.05
*** HOLE CARDS ***
Dealt to 78254d04 
Dealt to 1ea5cb00 
Dealt to Hero [Tc 7d]
Dealt to b20dd80e 
Dealt to 77815369 
Dealt to b5601c17 
Hero: folds
b20dd80e: folds
77815369: folds
b5601c17: raises $0.05 to $0.1
78254d04: folds
1ea5cb00: folds
Uncalled bet ($0.05) returned to b5601c17
*** SHOWDOWN ***
b5601c17 collected $0.12 from pot
*** SUMMARY ***
Total pot $0.12 | Rake $0 | Jackpot $0 | Bingo $0 | Fortune $0
Seat 1: 78254d04 (small blind) folded before Flop
Seat 2: 1ea5cb00 (big blind) folded before Flop
Seat 3: Hero folded before Flop (didn't bet)
Seat 4: b20dd80e folded before Flop (didn't bet)
Seat 5: 77815369 folded before Flop (didn't bet)
Seat 6: b5601c17 (button) collected ($0.12)


Poker Hand #HD1209759381: Hold'em No Limit  ($0.02/$0.05) - 2023/04/19 20:39:19
Table 'NLHBlue58' 6-max Seat #5 is the button
Seat 1: 78254d04 ($5.68 in chips)
Seat 2: 1ea5cb00 ($6.31 in chips)
Seat 3: Hero ($5 in chips)
Seat 4: b20dd80e ($5.52 in chips)
Seat 5: 77815369 ($2.89 in chips)
Seat 6: b5601c17 ($1.13 in chips)
b5601c17: posts small blind $0.02
78254d04: posts big blind $0.05
*** HOLE CARDS ***
Dealt to 78254d04 
Dealt to 1ea5cb00 
Dealt to Hero [Qs 2c]
Dealt to b20dd80e 
Dealt to 77815369 
Dealt to b5601c17 
1ea5cb00: raises $0.05 to $0.1
Hero: folds
b20dd80e: folds
77815369: folds
b5601c17: calls $0.08
78254d04: folds
*** FLOP *** [Qh Tc 9c]
b5601c17: bets $0.13
1ea5cb00: folds
Uncalled bet ($0.13) returned to b5601c17
*** SHOWDOWN ***
b5601c17 collected $0.24 from pot
*** SUMMARY ***
Total pot $0.25 | Rake $0.01 | Jackpot $0 | Bingo $0 | Fortune $0
Board [Qh Tc 9c]
Seat 1: 78254d04 (big blind) folded before Flop
Seat 2: 1ea5cb00 folded on the Flop
Seat 3: Hero folded before Flop (didn't bet)
Seat 4: b20dd80e folded before Flop (didn't bet)
Seat 5: 77815369 (button) folded before Flop (didn't bet)
Seat 6: b5601c17 (small blind) won ($0.24)


Poker Hand #HD1209759294: Hold'em No Limit  ($0.02/$0.05) - 2023/04/19 20:38:20
Table 'NLHBlue58' 6-max Seat #4 is the button
Seat 1: 78254d04 ($5.68 in chips)
Seat 2: 1ea5cb00 ($6.31 in chips)
Seat 3: Hero ($5 in chips)
Seat 4: b20dd80e ($5.07 in chips)
Seat 5: 77815369 ($2.91 in chips)
Seat 6: b5601c17 ($1.6 in chips)
77815369: posts small blind $0.02
b5601c17: posts big blind $0.05
*** HOLE CARDS ***
Dealt to 78254d04 
Dealt to 1ea5cb00 
Dealt to Hero [2d Jh]
Dealt to b20dd80e 
Dealt to 77815369 
Dealt to b5601c17 
78254d04: folds
1ea5cb00: folds
Hero: folds
b20dd80e: raises $0.08 to $0.13
77815369: folds
b5601c17: calls $0.08
*** FLOP *** [6c 4h 3d]
b5601c17: checks
b20dd80e: bets $0.1
b5601c17: calls $0.1
*** TURN *** [6c 4h 3d] [Th]
b5601c17: checks
b20dd80e: checks
*** RIVER *** [6c 4h 3d Th] [Ac]
b5601c17: bets $0.24
b20dd80e: calls $0.24
b5601c17: shows [7c 8c] (Ace-High)
b20dd80e: shows [Kh Ah] (Pair of Aces)
*** SHOWDOWN ***
b20dd80e collected $0.92 from pot
*** SUMMARY ***
Total pot $0.96 | Rake $0.04 | Jackpot $0 | Bingo $0 | Fortune $0
Board [6c 4h 3d Th Ac]
Seat 1: 78254d04 folded before Flop (didn't bet)
Seat 2: 1ea5cb00 folded before Flop (didn't bet)
Seat 3: Hero folded before Flop (didn't bet)
Seat 4: b20dd80e (button) showed [Kh Ah] and won ($0.92) with Pair of Aces
Seat 5: 77815369 (small blind) folded before Flop
Seat 6: b5601c17 (big blind) showed [7c 8c] and lost with Ace-High


Poker Hand #HD1209759259: Hold'em No Limit  ($0.02/$0.05) - 2023/04/19 20:38:01
Table 'NLHBlue58' 6-max Seat #3 is the button
Seat 1: 78254d04 ($5.68 in chips)
Seat 2: 1ea5cb00 ($6.31 in chips)
Seat 3: Hero ($5 in chips)
Seat 4: b20dd80e ($5.09 in chips)
Seat 5: 77815369 ($2.89 in chips)
Seat 6: b5601c17 ($1.6 in chips)
b20dd80e: posts small blind $0.02
77815369: posts big blind $0.05
*** HOLE CARDS ***
Dealt to 78254d04 
Dealt to 1ea5cb00 
Dealt to Hero [2h 8h]
Dealt to b20dd80e 
Dealt to 77815369 
Dealt to b5601c17 
b5601c17: folds
78254d04: folds
1ea5cb00: folds
Hero: folds
b20dd80e: folds
Uncalled bet ($0.03) returned to 77815369
*** SHOWDOWN ***
77815369 collected $0.04 from pot
*** SUMMARY ***
Total pot $0.04 | Rake $0 | Jackpot $0 | Bingo $0 | Fortune $0
Seat 1: 78254d04 folded before Flop (didn't bet)
Seat 2: 1ea5cb00 folded before Flop (didn't bet)
Seat 3: Hero (button) folded before Flop (didn't bet)
Seat 4: b20dd80e (small blind) folded before Flop
Seat 5: 77815369 (big blind) collected ($0.04)
Seat 6: b5601c17 folded before Flop (didn't bet)


Poker Hand #HD1209759210: Hold'em No Limit  ($0.02/$0.05) - 2023/04/19 20:37:29
Table 'NLHBlue58' 6-max Seat #2 is the button
Seat 1: 78254d04 ($5.56 in chips)
Seat 2: 1ea5cb00 ($6.31 in chips)
Seat 3: Hero ($5 in chips)
Seat 4: b20dd80e ($5.14 in chips)
Seat 6: b5601c17 ($1.65 in chips)
Hero: posts small blind $0.02
b20dd80e: posts big blind $0.05
*** HOLE CARDS ***
Dealt to 78254d04 
Dealt to 1ea5cb00 
Dealt to Hero [Kd Jc]
Dealt to b20dd80e 
Dealt to b5601c17 
b5601c17: calls $0.05
78254d04: raises $0.17 to $0.22
1ea5cb00: folds
Hero: folds
b20dd80e: folds
b5601c17: folds
Uncalled bet ($0.17) returned to 78254d04
*** SHOWDOWN ***
78254d04 collected $0.17 from pot
*** SUMMARY ***
Total pot $0.17 | Rake $0 | Jackpot $0 | Bingo $0 | Fortune $0
Seat 1: 78254d04 collected ($0.17)
Seat 2: 1ea5cb00 (button) folded before Flop (didn't bet)
Seat 3: Hero (small blind) folded before Flop
Seat 4: b20dd80e (big blind) folded before Flop
Seat 6: b5601c17 folded before Flop


Poker Hand #HD1209759161: Hold'em No Limit  ($0.02/$0.05) - 2023/04/19 20:36:59
Table 'NLHBlue58' 6-max Seat #1 is the button
Seat 1: 78254d04 ($5.4 in chips)
Seat 2: 1ea5cb00 ($6.33 in chips)
Seat 3: Hero ($5.13 in chips)
Seat 4: b20dd80e ($5.14 in chips)
Seat 6: b5601c17 ($1.65 in chips)
1ea5cb00: posts small blind $0.02
Hero: posts big blind $0.05
*** HOLE CARDS ***
Dealt to 78254d04 
Dealt to 1ea5cb00 
Dealt to Hero [3s 3h]
Dealt to b20dd80e 
Dealt to b5601c17 
b20dd80e: folds
b5601c17: folds
78254d04: raises $0.1 to $0.15
1ea5cb00: folds
Hero: calls $0.1
*** FLOP *** [Ts 8d 7s]
Hero: checks
78254d04: checks
*** TURN *** [Ts 8d 7s] [Tc]
Hero: checks
78254d04: bets $0.24
Hero: folds
Uncalled bet ($0.24) returned to 78254d04
*** SHOWDOWN ***
78254d04 collected $0.31 from pot
*** SUMMARY ***
Total pot $0.32 | Rake $0.01 | Jackpot $0 | Bingo $0 | Fortune $0
Board [Ts 8d 7s Tc]
Seat 1: 78254d04 (button) won ($0.31)
Seat 2: 1ea5cb00 (small blind) folded before Flop
Seat 3: Hero (big blind) folded on the Turn
Seat 4: b20dd80e folded before Flop (didn't bet)
Seat 6: b5601c17 folded before Flop (didn't bet)


Poker Hand #HD1209759091: Hold'em No Limit  ($0.02/$0.05) - 2023/04/19 20:36:14
Table 'NLHBlue58' 6-max Seat #6 is the button
Seat 1: 78254d04 ($5.42 in chips)
Seat 2: 1ea5cb00 ($6.43 in chips)
Seat 3: Hero ($5.13 in chips)
Seat 4: b20dd80e ($5.14 in chips)
Seat 6: b5601c17 ($1.54 in chips)
78254d04: posts small blind $0.02
1ea5cb00: posts big blind $0.05
*** HOLE CARDS ***
Dealt to 78254d04 
Dealt to 1ea5cb00 
Dealt to Hero [6h 3c]
Dealt to b20dd80e 
Dealt to b5601c17 
Hero: folds
b20dd80e: folds
b5601c17: raises $0.05 to $0.1
78254d04: folds
1ea5cb00: calls $0.05
*** FLOP *** [6s 2h 8d]
1ea5cb00: checks
b5601c17: checks
*** TURN *** [6s 2h 8d] [Qd]
1ea5cb00: checks
b5601c17: checks
*** RIVER *** [6s 2h 8d Qd] [Qh]
1ea5cb00: checks
b5601c17: bets $0.11
1ea5cb00: folds
Uncalled bet ($0.11) returned to b5601c17
*** SHOWDOWN ***
b5601c17 collected $0.21 from pot
*** SUMMARY ***
Total pot $0.22 | Rake $0.01 | Jackpot $0 | Bingo $0 | Fortune $0
Board [6s 2h 8d Qd Qh]
Seat 1: 78254d04 (small blind) folded before Flop
Seat 2: 1ea5cb00 (big blind) folded on the River
Seat 3: Hero folded before Flop (didn't bet)
Seat 4: b20dd80e folded before Flop (didn't bet)
Seat 6: b5601c17 (button) won ($0.21)


Poker Hand #HD1209759044: Hold'em No Limit  ($0.02/$0.05) - 2023/04/19 20:35:44
Table 'NLHBlue58' 6-max Seat #4 is the button
Seat 1: 78254d04 ($5.55 in chips)
Seat 2: 1ea5cb00 ($6.43 in chips)
Seat 3: Hero ($5.13 in chips)
Seat 4: b20dd80e ($5 in chips)
Seat 6: b5601c17 ($1.56 in chips)
b5601c17: posts small blind $0.02
78254d04: posts big blind $0.05
*** HOLE CARDS ***
Dealt to 78254d04 
Dealt to 1ea5cb00 
Dealt to Hero [Qc 4h]
Dealt to b20dd80e 
Dealt to b5601c17 
1ea5cb00: folds
Hero: folds
b20dd80e: raises $0.08 to $0.13
b5601c17: folds
78254d04: calls $0.08
*** FLOP *** [5h Qh 5s]
78254d04: checks
b20dd80e: bets $0.1
78254d04: folds
Uncalled bet ($0.1) returned to b20dd80e
*** SHOWDOWN ***
b20dd80e collected $0.27 from pot
*** SUMMARY ***
Total pot $0.28 | Rake $0.01 | Jackpot $0 | Bingo $0 | Fortune $0
Board [5h Qh 5s]
Seat 1: 78254d04 (big blind) folded on the Flop
Seat 2: 1ea5cb00 folded before Flop (didn't bet)
Seat 3: Hero folded before Flop (didn't bet)
Seat 4: b20dd80e (button) won ($0.27)
Seat 6: b5601c17 (small blind) folded before Flop


Poker Hand #HD1209758951: Hold'em No Limit  ($0.02/$0.05) - 2023/04/19 20:34:45
Table 'NLHBlue58' 6-max Seat #3 is the button
Seat 1: 78254d04 ($5.55 in chips)
Seat 2: 1ea5cb00 ($6.43 in chips)
Seat 3: Hero ($5.13 in chips)
Seat 4: b20dd80e ($5 in chips)
Seat 6: b5601c17 ($0.85 in chips)
b20dd80e: posts small blind $0.02
b5601c17: posts big blind $0.05
*** HOLE CARDS ***
Dealt to 78254d04 
Dealt to 1ea5cb00 
Dealt to Hero [5h 7d]
Dealt to b20dd80e 
Dealt to b5601c17 
78254d04: folds
1ea5cb00: folds
Hero: folds
b20dd80e: raises $0.1 to $0.15
b5601c17: raises $0.1 to $0.25
b20dd80e: raises $0.71 to $0.96
b5601c17: calls $0.6 and is all-in
Uncalled bet ($0.11) returned to b20dd80e
b20dd80e: shows [Ac Kh]
b5601c17: shows [Ad Ah]
*** FLOP *** [3s 7c 4s]
*** TURN *** [3s 7c 4s] [Th]
*** RIVER *** [3s 7c 4s Th] [3h]
*** SHOWDOWN ***
b5601c17 collected $1.56 from pot
*** SUMMARY ***
Total pot $1.7 | Rake $0.09 | Jackpot $0.05 | Bingo $0 | Fortune $0
Board [3s 7c 4s Th 3h]
Seat 1: 78254d04 folded before Flop (didn't bet)
Seat 2: 1ea5cb00 folded before Flop (didn't bet)
Seat 3: Hero (button) folded before Flop (didn't bet)
Seat 4: b20dd80e (small blind) showed [Ac Kh] and lost with Pair of Treys
Seat 6: b5601c17 (big blind) showed [Ad Ah] and won ($1.56) with Pair of Aces and Pair of Treys


Poker Hand #HD1209758895: Hold'em No Limit  ($0.02/$0.05) - 2023/04/19 20:34:14
Table 'NLHBlue58' 6-max Seat #2 is the button
Seat 1: 78254d04 ($5.55 in chips)
Seat 2: 1ea5cb00 ($6.43 in chips)
Seat 3: Hero ($5 in chips)
Seat 4: b20dd80e ($5 in chips)
Seat 6: b5601c17 ($0.85 in chips)
Hero: posts small blind $0.02
b20dd80e: posts big blind $0.05
*** HOLE CARDS ***
Dealt to 78254d04 
Dealt to 1ea5cb00 
Dealt to Hero [8s Ks]
Dealt to b20dd80e 
Dealt to b5601c17 
b5601c17: folds
78254d04: folds
1ea5cb00: folds
Hero: raises $0.09 to $0.14
b20dd80e: calls $0.09
*** FLOP *** [7c 3s 8c]
Hero: bets $0.14
b20dd80e: folds
Uncalled bet ($0.14) returned to Hero
*** SHOWDOWN ***
Hero collected $0.27 from pot
*** SUMMARY ***
Total pot $0.28 | Rake $0.01 | Jackpot $0 | Bingo $0 | Fortune $0
Board [7c 3s 8c]
Seat 1: 78254d04 folded before Flop (didn't bet)
Seat 2: 1ea5cb00 (button) folded before Flop (didn't bet)
Seat 3: Hero (small blind) won ($0.27)
Seat 4: b20dd80e (big blind) folded on the Flop
Seat 6: b5601c17 folded before Flop (didn't bet)


Poker Hand #HD1209758810: Hold'em No Limit  ($0.02/$0.05) - 2023/04/19 20:33:17
Table 'NLHBlue58' 6-max Seat #1 is the button
Seat 1: 78254d04 ($6.64 in chips)
Seat 2: 1ea5cb00 ($5.44 in chips)
Seat 3: Hero ($5 in chips)
Seat 4: b20dd80e ($5 in chips)
Seat 6: b5601c17 ($0.85 in chips)
1ea5cb00: posts small blind $0.02
Hero: posts big blind $0.05
*** HOLE CARDS ***
Dealt to 78254d04 
Dealt to 1ea5cb00 
Dealt to Hero [2s 7d]
Dealt to b20dd80e 
Dealt to b5601c17 
b20dd80e: folds
b5601c17: folds
78254d04: raises $0.1 to $0.15
1ea5cb00: calls $0.13
Hero: folds
*** FLOP *** [Kc 3s Kh]
1ea5cb00: checks
78254d04: checks
*** TURN *** [Kc 3s Kh] [Qc]
1ea5cb00: bets $0.27
78254d04: calls $0.27
*** RIVER *** [Kc 3s Kh Qc] [5c]
1ea5cb00: bets $0.67
78254d04: calls $0.67
1ea5cb00: shows [3h 3c] (Treys Full over Kings)
78254d04: shows [9s Qh] (Pair of Kings and Pair of Queens)
*** SHOWDOWN ***
1ea5cb00 collected $2.08 from pot
*** SUMMARY ***
Total pot $2.23 | Rake $0.1 | Jackpot $0.05 | Bingo $0 | Fortune $0
Board [Kc 3s Kh Qc 5c]
Seat 1: 78254d04 (button) showed [9s Qh] and lost with Pair of Kings and Pair of Queens
Seat 2: 1ea5cb00 (small blind) showed [3h 3c] and won ($2.08) with Treys Full over Kings
Seat 3: Hero (big blind) folded before Flop
Seat 4: b20dd80e folded before Flop (didn't bet)
Seat 6: b5601c17 folded before Flop (didn't bet)


