Poker Hand #HD1146709711: Hold'em No Limit  ($0.02/$0.05) - 2023/03/05 09:53:03
Table 'NLHBlue49' 6-max Seat #6 is the button
Seat 1: 5f645c90 ($5 in chips)
Seat 2: 9c640d5b ($6.03 in chips)
Seat 3: b16a3dbc ($5.14 in chips)
Seat 4: 5f2c9e2b ($6.88 in chips)
Seat 5: Hero ($5.38 in chips)
Seat 6: 76e80927 ($5 in chips)
5f645c90: posts small blind $0.02
9c640d5b: posts big blind $0.05
*** HOLE CARDS ***
Dealt to 5f645c90 
Dealt to 9c640d5b 
Dealt to b16a3dbc 
Dealt to 5f2c9e2b 
Dealt to Hero [5d 6h]
Dealt to 76e80927 
b16a3dbc: folds
5f2c9e2b: folds
Hero: folds
76e80927: raises $0.08 to $0.13
5f645c90: folds
9c640d5b: folds
Uncalled bet ($0.08) returned to 76e80927
*** SHOWDOWN ***
76e80927 collected $0.12 from pot
*** SUMMARY ***
Total pot $0.12 | Rake $0 | Jackpot $0 | Bingo $0 | Fortune $0
Seat 1: 5f645c90 (small blind) folded before Flop
Seat 2: 9c640d5b (big blind) folded before Flop
Seat 3: b16a3dbc folded before Flop (didn't bet)
Seat 4: 5f2c9e2b folded before Flop (didn't bet)
Seat 5: Hero folded before Flop (didn't bet)
Seat 6: 76e80927 (button) collected ($0.12)


Poker Hand #HD1146709644: Hold'em No Limit  ($0.02/$0.05) - 2023/03/05 09:52:34
Table 'NLHBlue49' 6-max Seat #5 is the button
Seat 1: 5f645c90 ($5.07 in chips)
Seat 2: 9c640d5b ($6.03 in chips)
Seat 3: b16a3dbc ($5.14 in chips)
Seat 4: 5f2c9e2b ($6.77 in chips)
Seat 5: Hero ($5.38 in chips)
Seat 6: 76e80927 ($5 in chips)
76e80927: posts small blind $0.02
5f645c90: posts big blind $0.05
*** HOLE CARDS ***
Dealt to 5f645c90 
Dealt to 9c640d5b 
Dealt to b16a3dbc 
Dealt to 5f2c9e2b 
Dealt to Hero [2c Kd]
Dealt to 76e80927 
9c640d5b: folds
b16a3dbc: folds
5f2c9e2b: raises $0.05 to $0.1
Hero: folds
76e80927: folds
5f645c90: calls $0.05
*** FLOP *** [Qs 3s 8d]
5f645c90: checks
5f2c9e2b: bets $0.13
5f645c90: folds
Uncalled bet ($0.13) returned to 5f2c9e2b
*** SHOWDOWN ***
5f2c9e2b collected $0.21 from pot
*** SUMMARY ***
Total pot $0.22 | Rake $0.01 | Jackpot $0 | Bingo $0 | Fortune $0
Board [Qs 3s 8d]
Seat 1: 5f645c90 (big blind) folded on the Flop
Seat 2: 9c640d5b folded before Flop (didn't bet)
Seat 3: b16a3dbc folded before Flop (didn't bet)
Seat 4: 5f2c9e2b won ($0.21)
Seat 5: Hero (button) folded before Flop (didn't bet)
Seat 6: 76e80927 (small blind) folded before Flop


Poker Hand #HD1146709530: Hold'em No Limit  ($0.02/$0.05) - 2023/03/05 09:51:41
Table 'NLHBlue49' 6-max Seat #4 is the button
Seat 1: 5f645c90 ($5 in chips)
Seat 2: 9c640d5b ($6.03 in chips)
Seat 3: b16a3dbc ($5.14 in chips)
Seat 4: 5f2c9e2b ($6.77 in chips)
Seat 5: Hero ($5.4 in chips)
Seat 6: 76e80927 ($5 in chips)
Hero: posts small blind $0.02
76e80927: posts big blind $0.05
*** HOLE CARDS ***
Dealt to 5f645c90 
Dealt to 9c640d5b 
Dealt to b16a3dbc 
Dealt to 5f2c9e2b 
Dealt to Hero [5h Jc]
Dealt to 76e80927 
5f645c90: calls $0.05
9c640d5b: folds
b16a3dbc: folds
5f2c9e2b: folds
Hero: folds
76e80927: checks
*** FLOP *** [Qh 3s 4s]
76e80927: checks
5f645c90: checks
*** TURN *** [Qh 3s 4s] [7s]
76e80927: checks
5f645c90: checks
*** RIVER *** [Qh 3s 4s 7s] [4d]
76e80927: checks
5f645c90: bets $0.09
76e80927: folds
Uncalled bet ($0.09) returned to 5f645c90
*** SHOWDOWN ***
5f645c90 collected $0.12 from pot
*** SUMMARY ***
Total pot $0.12 | Rake $0 | Jackpot $0 | Bingo $0 | Fortune $0
Board [Qh 3s 4s 7s 4d]
Seat 1: 5f645c90 won ($0.12)
Seat 2: 9c640d5b folded before Flop (didn't bet)
Seat 3: b16a3dbc folded before Flop (didn't bet)
Seat 4: 5f2c9e2b (button) folded before Flop (didn't bet)
Seat 5: Hero (small blind) folded before Flop
Seat 6: 76e80927 (big blind) folded on the River


Poker Hand #HD1146709478: Hold'em No Limit  ($0.02/$0.05) - 2023/03/05 09:51:22
Table 'NLHBlue49' 6-max Seat #3 is the button
Seat 1: 5f645c90 ($5 in chips)
Seat 2: 9c640d5b ($6.03 in chips)
Seat 3: b16a3dbc ($5.14 in chips)
Seat 4: 5f2c9e2b ($6.72 in chips)
Seat 5: Hero ($5.45 in chips)
Seat 6: 76e80927 ($5 in chips)
5f2c9e2b: posts small blind $0.02
Hero: posts big blind $0.05
*** HOLE CARDS ***
Dealt to 5f645c90 
Dealt to 9c640d5b 
Dealt to b16a3dbc 
Dealt to 5f2c9e2b 
Dealt to Hero [3c 2d]
Dealt to 76e80927 
76e80927: folds
5f645c90: folds
9c640d5b: folds
b16a3dbc: folds
5f2c9e2b: raises $0.1 to $0.15
Hero: folds
Uncalled bet ($0.1) returned to 5f2c9e2b
*** SHOWDOWN ***
5f2c9e2b collected $0.1 from pot
*** SUMMARY ***
Total pot $0.1 | Rake $0 | Jackpot $0 | Bingo $0 | Fortune $0
Seat 1: 5f645c90 folded before Flop (didn't bet)
Seat 2: 9c640d5b folded before Flop (didn't bet)
Seat 3: b16a3dbc (button) folded before Flop (didn't bet)
Seat 4: 5f2c9e2b (small blind) collected ($0.1)
Seat 5: Hero (big blind) folded before Flop
Seat 6: 76e80927 folded before Flop (didn't bet)


Poker Hand #HD1146709383: Hold'em No Limit  ($0.02/$0.05) - 2023/03/05 09:50:31
Table 'NLHBlue49' 6-max Seat #2 is the button
Seat 1: 5f645c90 ($5 in chips)
Seat 2: 9c640d5b ($5.47 in chips)
Seat 3: b16a3dbc ($5.16 in chips)
Seat 4: 5f2c9e2b ($6.77 in chips)
Seat 5: Hero ($5.45 in chips)
Seat 6: 76e80927 ($5 in chips)
b16a3dbc: posts small blind $0.02
5f2c9e2b: posts big blind $0.05
*** HOLE CARDS ***
Dealt to 5f645c90 
Dealt to 9c640d5b 
Dealt to b16a3dbc 
Dealt to 5f2c9e2b 
Dealt to Hero [7c Ad]
Dealt to 76e80927 
Hero: folds
76e80927: folds
5f645c90: calls $0.05
9c640d5b: raises $0.2 to $0.25
b16a3dbc: folds
5f2c9e2b: folds
5f645c90: calls $0.2
*** FLOP *** [Qc 9h 6d]
5f645c90: checks
9c640d5b: bets $0.29
5f645c90: calls $0.29
*** TURN *** [Qc 9h 6d] [3h]
5f645c90: checks
9c640d5b: bets $1.4
5f645c90: folds
Uncalled bet ($1.4) returned to 9c640d5b
*** SHOWDOWN ***
9c640d5b collected $1.1 from pot
*** SUMMARY ***
Total pot $1.15 | Rake $0.05 | Jackpot $0 | Bingo $0 | Fortune $0
Board [Qc 9h 6d 3h]
Seat 1: 5f645c90 folded on the Turn
Seat 2: 9c640d5b (button) won ($1.1)
Seat 3: b16a3dbc (small blind) folded before Flop
Seat 4: 5f2c9e2b (big blind) folded before Flop
Seat 5: Hero folded before Flop (didn't bet)
Seat 6: 76e80927 folded before Flop (didn't bet)


Poker Hand #HD1146709347: Hold'em No Limit  ($0.02/$0.05) - 2023/03/05 09:50:11
Table 'NLHBlue49' 6-max Seat #1 is the button
Seat 1: 5f645c90 ($5 in chips)
Seat 2: 9c640d5b ($5.49 in chips)
Seat 3: b16a3dbc ($5.14 in chips)
Seat 4: 5f2c9e2b ($6.77 in chips)
Seat 5: Hero ($5.45 in chips)
Seat 6: 76e80927 ($5 in chips)
9c640d5b: posts small blind $0.02
b16a3dbc: posts big blind $0.05
*** HOLE CARDS ***
Dealt to 5f645c90 
Dealt to 9c640d5b 
Dealt to b16a3dbc 
Dealt to 5f2c9e2b 
Dealt to Hero [4s 8h]
Dealt to 76e80927 
5f2c9e2b: folds
Hero: folds
76e80927: folds
5f645c90: folds
9c640d5b: folds
Uncalled bet ($0.03) returned to b16a3dbc
*** SHOWDOWN ***
b16a3dbc collected $0.04 from pot
*** SUMMARY ***
Total pot $0.04 | Rake $0 | Jackpot $0 | Bingo $0 | Fortune $0
Seat 1: 5f645c90 (button) folded before Flop (didn't bet)
Seat 2: 9c640d5b (small blind) folded before Flop
Seat 3: b16a3dbc (big blind) collected ($0.04)
Seat 4: 5f2c9e2b folded before Flop (didn't bet)
Seat 5: Hero folded before Flop (didn't bet)
Seat 6: 76e80927 folded before Flop (didn't bet)


Poker Hand #HD1146709237: Hold'em No Limit  ($0.02/$0.05) - 2023/03/05 09:49:20
Table 'NLHBlue49' 6-max Seat #6 is the button
Seat 1: 5f645c90 ($5.11 in chips)
Seat 2: 9c640d5b ($5.54 in chips)
Seat 3: b16a3dbc ($5.14 in chips)
Seat 4: 5f2c9e2b ($6.42 in chips)
Seat 5: Hero ($5.45 in chips)
Seat 6: 76e80927 ($5 in chips)
5f645c90: posts small blind $0.02
9c640d5b: posts big blind $0.05
*** HOLE CARDS ***
Dealt to 5f645c90 
Dealt to 9c640d5b 
Dealt to b16a3dbc 
Dealt to 5f2c9e2b 
Dealt to Hero [Jh 9s]
Dealt to 76e80927 
b16a3dbc: folds
5f2c9e2b: raises $0.06 to $0.11
Hero: folds
76e80927: folds
5f645c90: calls $0.09
9c640d5b: folds
*** FLOP *** [3d 5d Ts]
5f645c90: checks
5f2c9e2b: bets $0.22
5f645c90: calls $0.22
*** TURN *** [3d 5d Ts] [Qc]
5f645c90: checks
5f2c9e2b: bets $0.64
5f645c90: folds
Uncalled bet ($0.64) returned to 5f2c9e2b
*** SHOWDOWN ***
5f2c9e2b collected $0.68 from pot
*** SUMMARY ***
Total pot $0.71 | Rake $0.03 | Jackpot $0 | Bingo $0 | Fortune $0
Board [3d 5d Ts Qc]
Seat 1: 5f645c90 (small blind) folded on the Turn
Seat 2: 9c640d5b (big blind) folded before Flop
Seat 3: b16a3dbc folded before Flop (didn't bet)
Seat 4: 5f2c9e2b won ($0.68)
Seat 5: Hero folded before Flop (didn't bet)
Seat 6: 76e80927 (button) folded before Flop (didn't bet)


Poker Hand #HD1146709192: Hold'em No Limit  ($0.02/$0.05) - 2023/03/05 09:49:03
Table 'NLHBlue49' 6-max Seat #5 is the button
Seat 1: 5f645c90 ($5.16 in chips)
Seat 2: 9c640d5b ($5.54 in chips)
Seat 3: b16a3dbc ($5.14 in chips)
Seat 4: 5f2c9e2b ($6.35 in chips)
Seat 5: Hero ($5.45 in chips)
Seat 6: 76e80927 ($5 in chips)
76e80927: posts small blind $0.02
5f645c90: posts big blind $0.05
*** HOLE CARDS ***
Dealt to 5f645c90 
Dealt to 9c640d5b 
Dealt to b16a3dbc 
Dealt to 5f2c9e2b 
Dealt to Hero [9d 4s]
Dealt to 76e80927 
9c640d5b: folds
b16a3dbc: folds
5f2c9e2b: raises $0.08 to $0.13
Hero: folds
76e80927: folds
5f645c90: folds
Uncalled bet ($0.08) returned to 5f2c9e2b
*** SHOWDOWN ***
5f2c9e2b collected $0.12 from pot
*** SUMMARY ***
Total pot $0.12 | Rake $0 | Jackpot $0 | Bingo $0 | Fortune $0
Seat 1: 5f645c90 (big blind) folded before Flop
Seat 2: 9c640d5b folded before Flop (didn't bet)
Seat 3: b16a3dbc folded before Flop (didn't bet)
Seat 4: 5f2c9e2b collected ($0.12)
Seat 5: Hero (button) folded before Flop (didn't bet)
Seat 6: 76e80927 (small blind) folded before Flop


Poker Hand #HD1146709169: Hold'em No Limit  ($0.02/$0.05) - 2023/03/05 09:48:51
Table 'NLHBlue49' 6-max Seat #4 is the button
Seat 1: 5f645c90 ($5.16 in chips)
Seat 2: 9c640d5b ($5.47 in chips)
Seat 3: b16a3dbc ($5.14 in chips)
Seat 4: 5f2c9e2b ($6.35 in chips)
Seat 5: Hero ($5.47 in chips)
Seat 6: 76e80927 ($5 in chips)
Hero: posts small blind $0.02
76e80927: posts big blind $0.05
*** HOLE CARDS ***
Dealt to 5f645c90 
Dealt to 9c640d5b 
Dealt to b16a3dbc 
Dealt to 5f2c9e2b 
Dealt to Hero [3h 9d]
Dealt to 76e80927 
5f645c90: folds
9c640d5b: raises $0.08 to $0.13
b16a3dbc: folds
5f2c9e2b: folds
Hero: folds
76e80927: folds
Uncalled bet ($0.08) returned to 9c640d5b
*** SHOWDOWN ***
9c640d5b collected $0.12 from pot
*** SUMMARY ***
Total pot $0.12 | Rake $0 | Jackpot $0 | Bingo $0 | Fortune $0
Seat 1: 5f645c90 folded before Flop (didn't bet)
Seat 2: 9c640d5b collected ($0.12)
Seat 3: b16a3dbc folded before Flop (didn't bet)
Seat 4: 5f2c9e2b (button) folded before Flop (didn't bet)
Seat 5: Hero (small blind) folded before Flop
Seat 6: 76e80927 (big blind) folded before Flop


Poker Hand #HD1146709125: Hold'em No Limit  ($0.02/$0.05) - 2023/03/05 09:48:25
Table 'NLHBlue49' 6-max Seat #3 is the button
Seat 1: 5f645c90 ($5.16 in chips)
Seat 2: 9c640d5b ($5.28 in chips)
Seat 3: b16a3dbc ($5.14 in chips)
Seat 4: 5f2c9e2b ($6.37 in chips)
Seat 5: Hero ($5.52 in chips)
Seat 6: 76e80927 ($5.05 in chips)
5f2c9e2b: posts small blind $0.02
Hero: posts big blind $0.05
*** HOLE CARDS ***
Dealt to 5f645c90 
Dealt to 9c640d5b 
Dealt to b16a3dbc 
Dealt to 5f2c9e2b 
Dealt to Hero [Ac 7h]
Dealt to 76e80927 
76e80927: raises $0.08 to $0.13
5f645c90: folds
9c640d5b: raises $0.32 to $0.45
b16a3dbc: folds
5f2c9e2b: folds
Hero: folds
76e80927: folds
Uncalled bet ($0.32) returned to 9c640d5b
*** SHOWDOWN ***
9c640d5b collected $0.32 from pot
*** SUMMARY ***
Total pot $0.33 | Rake $0.01 | Jackpot $0 | Bingo $0 | Fortune $0
Seat 1: 5f645c90 folded before Flop (didn't bet)
Seat 2: 9c640d5b collected ($0.32)
Seat 3: b16a3dbc (button) folded before Flop (didn't bet)
Seat 4: 5f2c9e2b (small blind) folded before Flop
Seat 5: Hero (big blind) folded before Flop
Seat 6: 76e80927 folded before Flop


Poker Hand #HD1146709029: Hold'em No Limit  ($0.02/$0.05) - 2023/03/05 09:47:42
Table 'NLHBlue49' 6-max Seat #2 is the button
Seat 1: 5f645c90 ($5.16 in chips)
Seat 2: 9c640d5b ($5.28 in chips)
Seat 3: b16a3dbc ($5.04 in chips)
Seat 4: 5f2c9e2b ($6.48 in chips)
Seat 5: Hero ($5.52 in chips)
Seat 6: 76e80927 ($5.05 in chips)
b16a3dbc: posts small blind $0.02
5f2c9e2b: posts big blind $0.05
*** HOLE CARDS ***
Dealt to 5f645c90 
Dealt to 9c640d5b 
Dealt to b16a3dbc 
Dealt to 5f2c9e2b 
Dealt to Hero [6c Ts]
Dealt to 76e80927 
Hero: folds
76e80927: folds
5f645c90: folds
9c640d5b: folds
b16a3dbc: raises $0.06 to $0.11
5f2c9e2b: calls $0.06
*** FLOP *** [Tc 8d Jh]
b16a3dbc: checks
5f2c9e2b: checks
*** TURN *** [Tc 8d Jh] [5s]
b16a3dbc: bets $0.22
5f2c9e2b: folds
Uncalled bet ($0.22) returned to b16a3dbc
*** SHOWDOWN ***
b16a3dbc collected $0.21 from pot
*** SUMMARY ***
Total pot $0.22 | Rake $0.01 | Jackpot $0 | Bingo $0 | Fortune $0
Board [Tc 8d Jh 5s]
Seat 1: 5f645c90 folded before Flop (didn't bet)
Seat 2: 9c640d5b (button) folded before Flop (didn't bet)
Seat 3: b16a3dbc (small blind) won ($0.21)
Seat 4: 5f2c9e2b (big blind) folded on the Turn
Seat 5: Hero folded before Flop (didn't bet)
Seat 6: 76e80927 folded before Flop (didn't bet)


Poker Hand #HD1146708954: Hold'em No Limit  ($0.02/$0.05) - 2023/03/05 09:47:06
Table 'NLHBlue49' 6-max Seat #1 is the button
Seat 1: 5f645c90 ($5.16 in chips)
Seat 2: 9c640d5b ($5.05 in chips)
Seat 3: b16a3dbc ($5.29 in chips)
Seat 4: 5f2c9e2b ($6.48 in chips)
Seat 5: Hero ($5.52 in chips)
Seat 6: 76e80927 ($5.05 in chips)
9c640d5b: posts small blind $0.02
b16a3dbc: posts big blind $0.05
*** HOLE CARDS ***
Dealt to 5f645c90 
Dealt to 9c640d5b 
Dealt to b16a3dbc 
Dealt to 5f2c9e2b 
Dealt to Hero [3h Ks]
Dealt to 76e80927 
5f2c9e2b: folds
Hero: folds
76e80927: folds
5f645c90: folds
9c640d5b: calls $0.03
b16a3dbc: checks
*** FLOP *** [2s 4s Ad]
9c640d5b: bets $0.05
b16a3dbc: calls $0.05
*** TURN *** [2s 4s Ad] [7s]
9c640d5b: bets $0.15
b16a3dbc: calls $0.15
*** RIVER *** [2s 4s Ad 7s] [Jc]
9c640d5b: checks
b16a3dbc: checks
9c640d5b: shows [Ah 8c] (Pair of Aces)
b16a3dbc: shows [3s 7h] (Pair of Sevens)
*** SHOWDOWN ***
9c640d5b collected $0.48 from pot
*** SUMMARY ***
Total pot $0.5 | Rake $0.02 | Jackpot $0 | Bingo $0 | Fortune $0
Board [2s 4s Ad 7s Jc]
Seat 1: 5f645c90 (button) folded before Flop (didn't bet)
Seat 2: 9c640d5b (small blind) showed [Ah 8c] and won ($0.48) with Pair of Aces
Seat 3: b16a3dbc (big blind) showed [3s 7h] and lost with Pair of Sevens
Seat 4: 5f2c9e2b folded before Flop (didn't bet)
Seat 5: Hero folded before Flop (didn't bet)
Seat 6: 76e80927 folded before Flop (didn't bet)


Poker Hand #HD1146708914: Hold'em No Limit  ($0.02/$0.05) - 2023/03/05 09:46:48
Table 'NLHBlue49' 6-max Seat #6 is the button
Seat 1: 5f645c90 ($5.18 in chips)
Seat 2: 9c640d5b ($5.1 in chips)
Seat 3: b16a3dbc ($5.29 in chips)
Seat 4: 5f2c9e2b ($6.48 in chips)
Seat 5: Hero ($5.45 in chips)
Seat 6: 76e80927 ($5.05 in chips)
5f645c90: posts small blind $0.02
9c640d5b: posts big blind $0.05
*** HOLE CARDS ***
Dealt to 5f645c90 
Dealt to 9c640d5b 
Dealt to b16a3dbc 
Dealt to 5f2c9e2b 
Dealt to Hero [4s As]
Dealt to 76e80927 
b16a3dbc: folds
5f2c9e2b: folds
Hero: raises $0.07 to $0.12
76e80927: folds
5f645c90: folds
9c640d5b: folds
Uncalled bet ($0.07) returned to Hero
*** SHOWDOWN ***
Hero collected $0.12 from pot
*** SUMMARY ***
Total pot $0.12 | Rake $0 | Jackpot $0 | Bingo $0 | Fortune $0
Seat 1: 5f645c90 (small blind) folded before Flop
Seat 2: 9c640d5b (big blind) folded before Flop
Seat 3: b16a3dbc folded before Flop (didn't bet)
Seat 4: 5f2c9e2b folded before Flop (didn't bet)
Seat 5: Hero collected ($0.12)
Seat 6: 76e80927 (button) folded before Flop (didn't bet)


Poker Hand #HD1146708884: Hold'em No Limit  ($0.02/$0.05) - 2023/03/05 09:46:34
Table 'NLHBlue49' 6-max Seat #5 is the button
Seat 1: 5f645c90 ($5.23 in chips)
Seat 2: 9c640d5b ($5.1 in chips)
Seat 3: b16a3dbc ($5.29 in chips)
Seat 4: 5f2c9e2b ($6.48 in chips)
Seat 5: Hero ($5.45 in chips)
Seat 6: 76e80927 ($5 in chips)
76e80927: posts small blind $0.02
5f645c90: posts big blind $0.05
*** HOLE CARDS ***
Dealt to 5f645c90 
Dealt to 9c640d5b 
Dealt to b16a3dbc 
Dealt to 5f2c9e2b 
Dealt to Hero [5s Kh]
Dealt to 76e80927 
9c640d5b: folds
b16a3dbc: folds
5f2c9e2b: folds
Hero: folds
76e80927: raises $0.1 to $0.15
5f645c90: folds
Uncalled bet ($0.1) returned to 76e80927
*** SHOWDOWN ***
76e80927 collected $0.1 from pot
*** SUMMARY ***
Total pot $0.1 | Rake $0 | Jackpot $0 | Bingo $0 | Fortune $0
Seat 1: 5f645c90 (big blind) folded before Flop
Seat 2: 9c640d5b folded before Flop (didn't bet)
Seat 3: b16a3dbc folded before Flop (didn't bet)
Seat 4: 5f2c9e2b folded before Flop (didn't bet)
Seat 5: Hero (button) folded before Flop (didn't bet)
Seat 6: 76e80927 (small blind) collected ($0.1)


Poker Hand #HD1146708777: Hold'em No Limit  ($0.02/$0.05) - 2023/03/05 09:45:39
Table 'NLHBlue49' 6-max Seat #4 is the button
Seat 1: 5f645c90 ($5.23 in chips)
Seat 2: 9c640d5b ($5.23 in chips)
Seat 3: b16a3dbc ($5 in chips)
Seat 4: 5f2c9e2b ($6.48 in chips)
Seat 5: Hero ($5.58 in chips)
Seat 6: 76e80927 ($5.04 in chips)
Hero: posts small blind $0.02
76e80927: posts big blind $0.05
*** HOLE CARDS ***
Dealt to 5f645c90 
Dealt to 9c640d5b 
Dealt to b16a3dbc 
Dealt to 5f2c9e2b 
Dealt to Hero [7s 7c]
Dealt to 76e80927 
5f645c90: folds
9c640d5b: raises $0.08 to $0.13
b16a3dbc: calls $0.13
5f2c9e2b: folds
Hero: calls $0.11
76e80927: folds
*** FLOP *** [5c As 4h]
Hero: checks
9c640d5b: checks
b16a3dbc: checks
*** TURN *** [5c As 4h] [Qh]
Hero: checks
9c640d5b: checks
b16a3dbc: checks
*** RIVER *** [5c As 4h Qh] [8d]
Hero: checks
9c640d5b: checks
b16a3dbc: checks
Hero: shows [7s 7c] (Pair of Sevens)
9c640d5b: shows [9h 8h] (Pair of Eights)
b16a3dbc: shows [Qs Kc] (Pair of Queens)
*** SHOWDOWN ***
b16a3dbc collected $0.42 from pot
*** SUMMARY ***
Total pot $0.44 | Rake $0.02 | Jackpot $0 | Bingo $0 | Fortune $0
Board [5c As 4h Qh 8d]
Seat 1: 5f645c90 folded before Flop (didn't bet)
Seat 2: 9c640d5b showed [9h 8h] and lost with Pair of Eights
Seat 3: b16a3dbc showed [Qs Kc] and won ($0.42) with Pair of Queens
Seat 4: 5f2c9e2b (button) folded before Flop (didn't bet)
Seat 5: Hero (small blind) showed [7s 7c] and lost with Pair of Sevens
Seat 6: 76e80927 (big blind) folded before Flop


Poker Hand #HD1146708727: Hold'em No Limit  ($0.02/$0.05) - 2023/03/05 09:45:13
Table 'NLHBlue49' 6-max Seat #3 is the button
Seat 1: 5f645c90 ($5.38 in chips)
Seat 2: 9c640d5b ($5.02 in chips)
Seat 3: b16a3dbc ($5 in chips)
Seat 4: 5f2c9e2b ($6.5 in chips)
Seat 5: Hero ($5.63 in chips)
Seat 6: 76e80927 ($5.04 in chips)
5f2c9e2b: posts small blind $0.02
Hero: posts big blind $0.05
*** HOLE CARDS ***
Dealt to 5f645c90 
Dealt to 9c640d5b 
Dealt to b16a3dbc 
Dealt to 5f2c9e2b 
Dealt to Hero [6d Ts]
Dealt to 76e80927 
76e80927: folds
5f645c90: raises $0.1 to $0.15
9c640d5b: raises $0.3 to $0.45
b16a3dbc: folds
5f2c9e2b: folds
Hero: folds
5f645c90: folds
Uncalled bet ($0.3) returned to 9c640d5b
*** SHOWDOWN ***
9c640d5b collected $0.36 from pot
*** SUMMARY ***
Total pot $0.37 | Rake $0.01 | Jackpot $0 | Bingo $0 | Fortune $0
Seat 1: 5f645c90 folded before Flop
Seat 2: 9c640d5b collected ($0.36)
Seat 3: b16a3dbc (button) folded before Flop (didn't bet)
Seat 4: 5f2c9e2b (small blind) folded before Flop
Seat 5: Hero (big blind) folded before Flop
Seat 6: 76e80927 folded before Flop (didn't bet)


Poker Hand #HD1146708657: Hold'em No Limit  ($0.02/$0.05) - 2023/03/05 09:44:35
Table 'NLHBlue49' 6-max Seat #2 is the button
Seat 1: 5f645c90 ($5.05 in chips)
Seat 2: 9c640d5b ($5.02 in chips)
Seat 3: b16a3dbc ($5.02 in chips)
Seat 4: 5f2c9e2b ($6.55 in chips)
Seat 5: Hero ($5.63 in chips)
Seat 6: 76e80927 ($5.33 in chips)
b16a3dbc: posts small blind $0.02
5f2c9e2b: posts big blind $0.05
*** HOLE CARDS ***
Dealt to 5f645c90 
Dealt to 9c640d5b 
Dealt to b16a3dbc 
Dealt to 5f2c9e2b 
Dealt to Hero [Js 9h]
Dealt to 76e80927 
Hero: folds
76e80927: raises $0.08 to $0.13
5f645c90: calls $0.13
9c640d5b: folds
b16a3dbc: folds
5f2c9e2b: folds
*** FLOP *** [9d Ah 4d]
76e80927: checks
5f645c90: checks
*** TURN *** [9d Ah 4d] [8s]
76e80927: bets $0.16
5f645c90: calls $0.16
*** RIVER *** [9d Ah 4d 8s] [3s]
76e80927: checks
5f645c90: checks
76e80927: shows [7d 7s] (Pair of Sevens)
5f645c90: shows [Td Ts] (Pair of Tens)
*** SHOWDOWN ***
5f645c90 collected $0.62 from pot
*** SUMMARY ***
Total pot $0.65 | Rake $0.03 | Jackpot $0 | Bingo $0 | Fortune $0
Board [9d Ah 4d 8s 3s]
Seat 1: 5f645c90 showed [Td Ts] and won ($0.62) with Pair of Tens
Seat 2: 9c640d5b (button) folded before Flop (didn't bet)
Seat 3: b16a3dbc (small blind) folded before Flop
Seat 4: 5f2c9e2b (big blind) folded before Flop
Seat 5: Hero folded before Flop (didn't bet)
Seat 6: 76e80927 showed [7d 7s] and lost with Pair of Sevens


Poker Hand #HD1146708633: Hold'em No Limit  ($0.02/$0.05) - 2023/03/05 09:44:23
Table 'NLHBlue49' 6-max Seat #1 is the button
Seat 1: 5f645c90 ($5.05 in chips)
Seat 2: 9c640d5b ($5 in chips)
Seat 3: b16a3dbc ($5 in chips)
Seat 4: 5f2c9e2b ($6.55 in chips)
Seat 5: Hero ($5.63 in chips)
Seat 6: 76e80927 ($5.33 in chips)
9c640d5b: posts small blind $0.02
b16a3dbc: posts big blind $0.05
*** HOLE CARDS ***
Dealt to 5f645c90 
Dealt to 9c640d5b 
Dealt to b16a3dbc 
Dealt to 5f2c9e2b 
Dealt to Hero [5s Ts]
Dealt to 76e80927 
5f2c9e2b: folds
Hero: folds
76e80927: folds
5f645c90: folds
9c640d5b: folds
Uncalled bet ($0.03) returned to b16a3dbc
*** SHOWDOWN ***
b16a3dbc collected $0.04 from pot
*** SUMMARY ***
Total pot $0.04 | Rake $0 | Jackpot $0 | Bingo $0 | Fortune $0
Seat 1: 5f645c90 (button) folded before Flop (didn't bet)
Seat 2: 9c640d5b (small blind) folded before Flop
Seat 3: b16a3dbc (big blind) collected ($0.04)
Seat 4: 5f2c9e2b folded before Flop (didn't bet)
Seat 5: Hero folded before Flop (didn't bet)
Seat 6: 76e80927 folded before Flop (didn't bet)


Poker Hand #HD1146708591: Hold'em No Limit  ($0.02/$0.05) - 2023/03/05 09:44:04
Table 'NLHBlue49' 6-max Seat #6 is the button
Seat 1: 5f645c90 ($4.95 in chips)
Seat 2: 9c640d5b ($5 in chips)
Seat 4: 5f2c9e2b ($6.55 in chips)
Seat 5: Hero ($5.63 in chips)
Seat 6: 76e80927 ($5.33 in chips)
5f645c90: posts small blind $0.02
9c640d5b: posts big blind $0.05
*** HOLE CARDS ***
Dealt to 5f645c90 
Dealt to 9c640d5b 
Dealt to 5f2c9e2b 
Dealt to Hero [8c 9h]
Dealt to 76e80927 
5f2c9e2b: folds
Hero: folds
76e80927: folds
5f645c90: raises $0.1 to $0.15
9c640d5b: folds
Uncalled bet ($0.1) returned to 5f645c90
*** SHOWDOWN ***
5f645c90 collected $0.1 from pot
*** SUMMARY ***
Total pot $0.1 | Rake $0 | Jackpot $0 | Bingo $0 | Fortune $0
Seat 1: 5f645c90 (small blind) collected ($0.1)
Seat 2: 9c640d5b (big blind) folded before Flop
Seat 4: 5f2c9e2b folded before Flop (didn't bet)
Seat 5: Hero folded before Flop (didn't bet)
Seat 6: 76e80927 (button) folded before Flop (didn't bet)


Poker Hand #HD1146708561: Hold'em No Limit  ($0.02/$0.05) - 2023/03/05 09:43:49
Table 'NLHBlue49' 6-max Seat #5 is the button
Seat 1: 5f645c90 ($5 in chips)
Seat 2: 9c640d5b ($5 in chips)
Seat 4: 5f2c9e2b ($6.55 in chips)
Seat 5: Hero ($5.56 in chips)
Seat 6: 76e80927 ($5.35 in chips)
76e80927: posts small blind $0.02
5f645c90: posts big blind $0.05
*** HOLE CARDS ***
Dealt to 5f645c90 
Dealt to 9c640d5b 
Dealt to 5f2c9e2b 
Dealt to Hero [Kd Ah]
Dealt to 76e80927 
9c640d5b: folds
5f2c9e2b: folds
Hero: raises $0.07 to $0.12
76e80927: folds
5f645c90: folds
Uncalled bet ($0.07) returned to Hero
*** SHOWDOWN ***
Hero collected $0.12 from pot
*** SUMMARY ***
Total pot $0.12 | Rake $0 | Jackpot $0 | Bingo $0 | Fortune $0
Seat 1: 5f645c90 (big blind) folded before Flop
Seat 2: 9c640d5b folded before Flop (didn't bet)
Seat 4: 5f2c9e2b folded before Flop (didn't bet)
Seat 5: Hero (button) collected ($0.12)
Seat 6: 76e80927 (small blind) folded before Flop


Poker Hand #HD1146708463: Hold'em No Limit  ($0.02/$0.05) - 2023/03/05 09:43:04
Table 'NLHBlue49' 6-max Seat #4 is the button
Seat 2: 9c640d5b ($5 in chips)
Seat 4: 5f2c9e2b ($6.84 in chips)
Seat 5: Hero ($5.58 in chips)
Seat 6: 76e80927 ($5.07 in chips)
Hero: posts small blind $0.02
76e80927: posts big blind $0.05
*** HOLE CARDS ***
Dealt to 9c640d5b 
Dealt to 5f2c9e2b 
Dealt to Hero [5s 7c]
Dealt to 76e80927 
9c640d5b: folds
5f2c9e2b: raises $0.08 to $0.13
Hero: folds
76e80927: calls $0.08
*** FLOP *** [9d 5d 9s]
76e80927: checks
5f2c9e2b: bets $0.16
76e80927: calls $0.16
*** TURN *** [9d 5d 9s] [7d]
76e80927: checks
5f2c9e2b: checks
*** RIVER *** [9d 5d 9s 7d] [6d]
76e80927: bets $0.78
5f2c9e2b: folds
Uncalled bet ($0.78) returned to 76e80927
*** SHOWDOWN ***
76e80927 collected $0.57 from pot
*** SUMMARY ***
Total pot $0.6 | Rake $0.03 | Jackpot $0 | Bingo $0 | Fortune $0
Board [9d 5d 9s 7d 6d]
Seat 2: 9c640d5b folded before Flop (didn't bet)
Seat 4: 5f2c9e2b (button) folded on the River
Seat 5: Hero (small blind) folded before Flop
Seat 6: 76e80927 (big blind) won ($0.57)


Poker Hand #HD1146708366: Hold'em No Limit  ($0.02/$0.05) - 2023/03/05 09:42:15
Table 'NLHBlue49' 6-max Seat #2 is the button
Seat 2: 9c640d5b ($5 in chips)
Seat 4: 5f2c9e2b ($7.28 in chips)
Seat 5: Hero ($5.18 in chips)
Seat 6: 76e80927 ($5.07 in chips)
5f2c9e2b: posts small blind $0.02
Hero: posts big blind $0.05
*** HOLE CARDS ***
Dealt to 9c640d5b 
Dealt to 5f2c9e2b 
Dealt to Hero [6d 6h]
Dealt to 76e80927 
76e80927: folds
9c640d5b: folds
5f2c9e2b: raises $0.1 to $0.15
Hero: raises $0.29 to $0.44
5f2c9e2b: calls $0.29
*** FLOP *** [Ts 4h 4c]
5f2c9e2b: checks
Hero: bets $0.3
5f2c9e2b: folds
Uncalled bet ($0.3) returned to Hero
*** SHOWDOWN ***
Hero collected $0.84 from pot
*** SUMMARY ***
Total pot $0.88 | Rake $0.04 | Jackpot $0 | Bingo $0 | Fortune $0
Board [Ts 4h 4c]
Seat 2: 9c640d5b (button) folded before Flop (didn't bet)
Seat 4: 5f2c9e2b (small blind) folded on the Flop
Seat 5: Hero (big blind) won ($0.84)
Seat 6: 76e80927 folded before Flop (didn't bet)


Poker Hand #HD1146708339: Hold'em No Limit  ($0.02/$0.05) - 2023/03/05 09:41:57
Table 'NLHBlue49' 6-max Seat #6 is the button
Seat 2: 9c640d5b ($5 in chips)
Seat 4: 5f2c9e2b ($7.33 in chips)
Seat 5: Hero ($5.18 in chips)
Seat 6: 76e80927 ($5 in chips)
9c640d5b: posts small blind $0.02
5f2c9e2b: posts big blind $0.05
*** HOLE CARDS ***
Dealt to 9c640d5b 
Dealt to 5f2c9e2b 
Dealt to Hero [Ts Jd]
Dealt to 76e80927 
Hero: folds
76e80927: raises $0.08 to $0.13
9c640d5b: folds
5f2c9e2b: folds
Uncalled bet ($0.08) returned to 76e80927
*** SHOWDOWN ***
76e80927 collected $0.12 from pot
*** SUMMARY ***
Total pot $0.12 | Rake $0 | Jackpot $0 | Bingo $0 | Fortune $0
Seat 2: 9c640d5b (small blind) folded before Flop
Seat 4: 5f2c9e2b (big blind) folded before Flop
Seat 5: Hero folded before Flop (didn't bet)
Seat 6: 76e80927 (button) collected ($0.12)


Poker Hand #HD1146708260: Hold'em No Limit  ($0.02/$0.05) - 2023/03/05 09:41:16
Table 'NLHBlue49' 6-max Seat #5 is the button
Seat 2: 9c640d5b ($5 in chips)
Seat 4: 5f2c9e2b ($7.33 in chips)
Seat 5: Hero ($5.05 in chips)
Seat 6: 76e80927 ($5 in chips)
76e80927: posts small blind $0.02
9c640d5b: posts big blind $0.05
*** HOLE CARDS ***
Dealt to 9c640d5b 
Dealt to 5f2c9e2b 
Dealt to Hero [Ac 6s]
Dealt to 76e80927 
5f2c9e2b: folds
Hero: raises $0.07 to $0.12
76e80927: folds
9c640d5b: calls $0.07
*** FLOP *** [7d Jc Jd]
9c640d5b: checks
Hero: checks
*** TURN *** [7d Jc Jd] [As]
9c640d5b: checks
Hero: bets $0.13
9c640d5b: folds
Uncalled bet ($0.13) returned to Hero
*** SHOWDOWN ***
Hero collected $0.25 from pot
*** SUMMARY ***
Total pot $0.26 | Rake $0.01 | Jackpot $0 | Bingo $0 | Fortune $0
Board [7d Jc Jd As]
Seat 2: 9c640d5b (big blind) folded on the Turn
Seat 4: 5f2c9e2b folded before Flop (didn't bet)
Seat 5: Hero (button) won ($0.25)
Seat 6: 76e80927 (small blind) folded before Flop


Poker Hand #HD1146708199: Hold'em No Limit  ($0.02/$0.05) - 2023/03/05 09:40:47
Table 'NLHBlue49' 6-max Seat #4 is the button
Seat 1: 488dcc52 ($5.48 in chips)
Seat 2: 9c640d5b ($5 in chips)
Seat 4: 5f2c9e2b ($7.33 in chips)
Seat 5: Hero ($5 in chips)
Seat 6: 76e80927 ($5 in chips)
Hero: posts small blind $0.02
76e80927: posts big blind $0.05
*** HOLE CARDS ***
Dealt to 488dcc52 
Dealt to 9c640d5b 
Dealt to 5f2c9e2b 
Dealt to Hero [Ts Qs]
Dealt to 76e80927 
488dcc52: folds
9c640d5b: folds
5f2c9e2b: folds
Hero: raises $0.09 to $0.14
76e80927: folds
Uncalled bet ($0.09) returned to Hero
*** SHOWDOWN ***
Hero collected $0.1 from pot
*** SUMMARY ***
Total pot $0.1 | Rake $0 | Jackpot $0 | Bingo $0 | Fortune $0
Seat 1: 488dcc52 folded before Flop (didn't bet)
Seat 2: 9c640d5b folded before Flop (didn't bet)
Seat 4: 5f2c9e2b (button) folded before Flop (didn't bet)
Seat 5: Hero (small blind) collected ($0.1)
Seat 6: 76e80927 (big blind) folded before Flop


Poker Hand #HD1146708168: Hold'em No Limit  ($0.02/$0.05) - 2023/03/05 09:40:31
Table 'NLHBlue49' 6-max Seat #2 is the button
Seat 1: 488dcc52 ($5.48 in chips)
Seat 2: 9c640d5b ($5 in chips)
Seat 4: 5f2c9e2b ($7.28 in chips)
Seat 5: Hero ($5 in chips)
5f2c9e2b: posts small blind $0.02
Hero: posts big blind $0.05
*** HOLE CARDS ***
Dealt to 488dcc52 
Dealt to 9c640d5b 
Dealt to 5f2c9e2b 
Dealt to Hero [Jc 2c]
488dcc52: folds
9c640d5b: folds
5f2c9e2b: raises $0.1 to $0.15
Hero: folds
Uncalled bet ($0.1) returned to 5f2c9e2b
*** SHOWDOWN ***
5f2c9e2b collected $0.1 from pot
*** SUMMARY ***
Total pot $0.1 | Rake $0 | Jackpot $0 | Bingo $0 | Fortune $0
Seat 1: 488dcc52 folded before Flop (didn't bet)
Seat 2: 9c640d5b (button) folded before Flop (didn't bet)
Seat 4: 5f2c9e2b (small blind) collected ($0.1)
Seat 5: Hero (big blind) folded before Flop


Poker Hand #HD1146708043: Hold'em No Limit  ($0.02/$0.05) - 2023/03/05 09:39:30
Table 'NLHBlue49' 6-max Seat #1 is the button
Seat 1: 488dcc52 ($5.48 in chips)
Seat 2: 9c640d5b ($5 in chips)
Seat 4: 5f2c9e2b ($7.14 in chips)
Seat 5: Hero ($5 in chips)
9c640d5b: posts small blind $0.02
5f2c9e2b: posts big blind $0.05
*** HOLE CARDS ***
Dealt to 488dcc52 
Dealt to 9c640d5b 
Dealt to 5f2c9e2b 
Dealt to Hero [As 6c]
Hero: folds
488dcc52: folds
9c640d5b: raises $0.1 to $0.15
5f2c9e2b: calls $0.1
*** FLOP *** [5c 8c 8s]
9c640d5b: checks
5f2c9e2b: bets $0.17
9c640d5b: folds
Uncalled bet ($0.17) returned to 5f2c9e2b
*** SHOWDOWN ***
5f2c9e2b collected $0.29 from pot
*** SUMMARY ***
Total pot $0.3 | Rake $0.01 | Jackpot $0 | Bingo $0 | Fortune $0
Board [5c 8c 8s]
Seat 1: 488dcc52 (button) folded before Flop (didn't bet)
Seat 2: 9c640d5b (small blind) folded on the Flop
Seat 4: 5f2c9e2b (big blind) won ($0.29)
Seat 5: Hero folded before Flop (didn't bet)


Poker Hand #HD1146707999: Hold'em No Limit  ($0.02/$0.05) - 2023/03/05 09:39:05
Table 'NLHBlue49' 6-max Seat #5 is the button
Seat 1: 488dcc52 ($5.43 in chips)
Seat 2: 9c640d5b ($5 in chips)
Seat 3: f8a8ab2b ($2.75 in chips)
Seat 4: 5f2c9e2b ($7.14 in chips)
Seat 5: Hero ($5 in chips)
488dcc52: posts small blind $0.02
9c640d5b: posts big blind $0.05
*** HOLE CARDS ***
Dealt to 488dcc52 
Dealt to 9c640d5b 
Dealt to f8a8ab2b 
Dealt to 5f2c9e2b 
Dealt to Hero [3d 2s]
f8a8ab2b: folds
5f2c9e2b: folds
Hero: folds
488dcc52: raises $0.1 to $0.15
9c640d5b: folds
Uncalled bet ($0.1) returned to 488dcc52
*** SHOWDOWN ***
488dcc52 collected $0.1 from pot
*** SUMMARY ***
Total pot $0.1 | Rake $0 | Jackpot $0 | Bingo $0 | Fortune $0
Seat 1: 488dcc52 (small blind) collected ($0.1)
Seat 2: 9c640d5b (big blind) folded before Flop
Seat 3: f8a8ab2b folded before Flop (didn't bet)
Seat 4: 5f2c9e2b folded before Flop (didn't bet)
Seat 5: Hero (button) folded before Flop (didn't bet)


Poker Hand #HD1146707903: Hold'em No Limit  ($0.02/$0.05) - 2023/03/05 09:38:21
Table 'NLHBlue49' 6-max Seat #4 is the button
Seat 1: 488dcc52 ($5.21 in chips)
Seat 2: 9c640d5b ($5 in chips)
Seat 3: f8a8ab2b ($2.75 in chips)
Seat 4: 5f2c9e2b ($7.14 in chips)
Seat 5: Hero ($5 in chips)
Seat 6: 5a4f26d0 ($5 in chips)
Hero: posts small blind $0.02
5a4f26d0: posts big blind $0.05
*** HOLE CARDS ***
Dealt to 488dcc52 
Dealt to 9c640d5b 
Dealt to f8a8ab2b 
Dealt to 5f2c9e2b 
Dealt to Hero [2c 4c]
Dealt to 5a4f26d0 
488dcc52: raises $0.05 to $0.1
9c640d5b: folds
f8a8ab2b: folds
5f2c9e2b: folds
Hero: folds
5a4f26d0: calls $0.05
*** FLOP *** [3h As 8c]
5a4f26d0: checks
488dcc52: bets $0.12
5a4f26d0: calls $0.12
*** TURN *** [3h As 8c] [2d]
5a4f26d0: checks
488dcc52: bets $0.24
5a4f26d0: folds
Uncalled bet ($0.24) returned to 488dcc52
*** SHOWDOWN ***
488dcc52 collected $0.44 from pot
*** SUMMARY ***
Total pot $0.46 | Rake $0.02 | Jackpot $0 | Bingo $0 | Fortune $0
Board [3h As 8c 2d]
Seat 1: 488dcc52 won ($0.44)
Seat 2: 9c640d5b folded before Flop (didn't bet)
Seat 3: f8a8ab2b folded before Flop (didn't bet)
Seat 4: 5f2c9e2b (button) folded before Flop (didn't bet)
Seat 5: Hero (small blind) folded before Flop
Seat 6: 5a4f26d0 (big blind) folded on the Turn


Poker Hand #HD1146707832: Hold'em No Limit  ($0.02/$0.05) - 2023/03/05 09:37:43
Table 'NLHBlue49' 6-max Seat #3 is the button
Seat 1: 488dcc52 ($5 in chips)
Seat 2: 9c640d5b ($5 in chips)
Seat 3: f8a8ab2b ($2.75 in chips)
Seat 4: 5f2c9e2b ($7.16 in chips)
Seat 5: Hero ($5 in chips)
5f2c9e2b: posts small blind $0.02
Hero: posts big blind $0.05
*** HOLE CARDS ***
Dealt to 488dcc52 
Dealt to 9c640d5b 
Dealt to f8a8ab2b 
Dealt to 5f2c9e2b 
Dealt to Hero [7d As]
488dcc52: raises $0.05 to $0.1
9c640d5b: calls $0.1
f8a8ab2b: folds
5f2c9e2b: folds
Hero: calls $0.05
*** FLOP *** [8c 2d Jc]
Hero: checks
488dcc52: bets $0.16
9c640d5b: folds
Hero: folds
Uncalled bet ($0.16) returned to 488dcc52
*** SHOWDOWN ***
488dcc52 collected $0.31 from pot
*** SUMMARY ***
Total pot $0.32 | Rake $0.01 | Jackpot $0 | Bingo $0 | Fortune $0
Board [8c 2d Jc]
Seat 1: 488dcc52 won ($0.31)
Seat 2: 9c640d5b folded on the Flop
Seat 3: f8a8ab2b (button) folded before Flop (didn't bet)
Seat 4: 5f2c9e2b (small blind) folded before Flop
Seat 5: Hero (big blind) folded on the Flop


Poker Hand #HD1146707794: Hold'em No Limit  ($0.02/$0.05) - 2023/03/05 09:37:26
Table 'NLHBlue49' 6-max Seat #2 is the button
Seat 1: 488dcc52 ($5 in chips)
Seat 2: 9c640d5b ($5 in chips)
Seat 3: f8a8ab2b ($2.77 in chips)
Seat 4: 5f2c9e2b ($7.14 in chips)
Seat 5: Hero ($5 in chips)
Seat 6: 9e82d076 ($11.23 in chips)
f8a8ab2b: posts small blind $0.02
5f2c9e2b: posts big blind $0.05
*** HOLE CARDS ***
Dealt to 488dcc52 
Dealt to 9c640d5b 
Dealt to f8a8ab2b 
Dealt to 5f2c9e2b 
Dealt to Hero [5h 2s]
Dealt to 9e82d076 
Hero: folds
9e82d076: folds
488dcc52: folds
9c640d5b: folds
f8a8ab2b: folds
Uncalled bet ($0.03) returned to 5f2c9e2b
*** SHOWDOWN ***
5f2c9e2b collected $0.04 from pot
*** SUMMARY ***
Total pot $0.04 | Rake $0 | Jackpot $0 | Bingo $0 | Fortune $0
Seat 1: 488dcc52 folded before Flop (didn't bet)
Seat 2: 9c640d5b (button) folded before Flop (didn't bet)
Seat 3: f8a8ab2b (small blind) folded before Flop
Seat 4: 5f2c9e2b (big blind) collected ($0.04)
Seat 5: Hero folded before Flop (didn't bet)
Seat 6: 9e82d076 folded before Flop (didn't bet)


Poker Hand #HD1146707640: Hold'em No Limit  ($0.02/$0.05) - 2023/03/05 09:36:05
Table 'NLHBlue49' 6-max Seat #1 is the button
Seat 1: 488dcc52 ($5.25 in chips)
Seat 2: 9c640d5b ($5.01 in chips)
Seat 3: f8a8ab2b ($2.82 in chips)
Seat 4: 5f2c9e2b ($7.14 in chips)
Seat 5: Hero ($5 in chips)
Seat 6: 9e82d076 ($6.59 in chips)
9c640d5b: posts small blind $0.02
f8a8ab2b: posts big blind $0.05
*** HOLE CARDS ***
Dealt to 488dcc52 
Dealt to 9c640d5b 
Dealt to f8a8ab2b 
Dealt to 5f2c9e2b 
Dealt to Hero [9d Qc]
Dealt to 9e82d076 
5f2c9e2b: folds
Hero: folds
9e82d076: raises $0.05 to $0.1
488dcc52: raises $0.28 to $0.38
9c640d5b: folds
f8a8ab2b: folds
9e82d076: calls $0.28
*** FLOP *** [4c 4d Jh]
9e82d076: checks
488dcc52: bets $0.28
9e82d076: calls $0.28
*** TURN *** [4c 4d Jh] [Ad]
9e82d076: checks
488dcc52: bets $0.7
9e82d076: calls $0.7
*** RIVER *** [4c 4d Jh Ad] [Kc]
9e82d076: bets $1.2
488dcc52: raises $2.69 to $3.89 and is all-in
9e82d076: calls $2.69
488dcc52: shows [Ts Qs] (Aces-High Straight)
9e82d076: shows [Ks Kd] (Kings Full over Fours)
*** SHOWDOWN ***
9e82d076 collected $9.89 from pot
*** SUMMARY ***
Total pot $10.57 | Rake $0.63 | Jackpot $0.05 | Bingo $0 | Fortune $0
Board [4c 4d Jh Ad Kc]
Seat 1: 488dcc52 (button) showed [Ts Qs] and lost with Aces-High Straight
Seat 2: 9c640d5b (small blind) folded before Flop
Seat 3: f8a8ab2b (big blind) folded before Flop
Seat 4: 5f2c9e2b folded before Flop (didn't bet)
Seat 5: Hero folded before Flop (didn't bet)
Seat 6: 9e82d076 showed [Ks Kd] and won ($9.89) with Kings Full over Fours


Poker Hand #HD1146707581: Hold'em No Limit  ($0.02/$0.05) - 2023/03/05 09:35:34
Table 'NLHBlue49' 6-max Seat #6 is the button
Seat 1: 488dcc52 ($5.27 in chips)
Seat 2: 9c640d5b ($5.06 in chips)
Seat 3: f8a8ab2b ($2.82 in chips)
Seat 4: 5f2c9e2b ($7.14 in chips)
Seat 5: Hero ($5 in chips)
Seat 6: 9e82d076 ($6.52 in chips)
488dcc52: posts small blind $0.02
9c640d5b: posts big blind $0.05
*** HOLE CARDS ***
Dealt to 488dcc52 
Dealt to 9c640d5b 
Dealt to f8a8ab2b 
Dealt to 5f2c9e2b 
Dealt to Hero [Tc 4h]
Dealt to 9e82d076 
f8a8ab2b: folds
5f2c9e2b: folds
Hero: folds
9e82d076: calls $0.05
488dcc52: folds
9c640d5b: checks
*** FLOP *** [2h 8s 9d]
9c640d5b: checks
9e82d076: bets $0.05
9c640d5b: folds
Uncalled bet ($0.05) returned to 9e82d076
*** SHOWDOWN ***
9e82d076 collected $0.12 from pot
*** SUMMARY ***
Total pot $0.12 | Rake $0 | Jackpot $0 | Bingo $0 | Fortune $0
Board [2h 8s 9d]
Seat 1: 488dcc52 (small blind) folded before Flop
Seat 2: 9c640d5b (big blind) folded on the Flop
Seat 3: f8a8ab2b folded before Flop (didn't bet)
Seat 4: 5f2c9e2b folded before Flop (didn't bet)
Seat 5: Hero folded before Flop (didn't bet)
Seat 6: 9e82d076 (button) won ($0.12)


Poker Hand #HD1146707453: Hold'em No Limit  ($0.02/$0.05) - 2023/03/05 09:34:21
Table 'NLHBlue49' 6-max Seat #5 is the button
Seat 1: 488dcc52 ($5.32 in chips)
Seat 2: 9c640d5b ($5.19 in chips)
Seat 3: f8a8ab2b ($2.95 in chips)
Seat 4: 5f2c9e2b ($7.14 in chips)
Seat 5: Hero ($5.62 in chips)
Seat 6: 9e82d076 ($5.56 in chips)
9e82d076: posts small blind $0.02
488dcc52: posts big blind $0.05
*** HOLE CARDS ***
Dealt to 488dcc52 
Dealt to 9c640d5b 
Dealt to f8a8ab2b 
Dealt to 5f2c9e2b 
Dealt to Hero [Ah Qc]
Dealt to 9e82d076 
9c640d5b: raises $0.08 to $0.13
f8a8ab2b: calls $0.13
5f2c9e2b: folds
Hero: raises $0.33 to $0.46
9e82d076: calls $0.44
488dcc52: folds
9c640d5b: folds
f8a8ab2b: folds
*** FLOP *** [6d Jc Jd]
9e82d076: checks
Hero: checks
*** TURN *** [6d Jc Jd] [3h]
9e82d076: bets $0.35
Hero: calls $0.35
*** RIVER *** [6d Jc Jd 3h] [Th]
9e82d076: bets $1.1
Hero: folds
Uncalled bet ($1.1) returned to 9e82d076
*** SHOWDOWN ***
9e82d076 collected $1.77 from pot
*** SUMMARY ***
Total pot $1.93 | Rake $0.11 | Jackpot $0.05 | Bingo $0 | Fortune $0
Board [6d Jc Jd 3h Th]
Seat 1: 488dcc52 (big blind) folded before Flop
Seat 2: 9c640d5b folded before Flop
Seat 3: f8a8ab2b folded before Flop
Seat 4: 5f2c9e2b folded before Flop (didn't bet)
Seat 5: Hero (button) folded on the River
Seat 6: 9e82d076 (small blind) won ($1.77)


Poker Hand #HD1146707404: Hold'em No Limit  ($0.02/$0.05) - 2023/03/05 09:33:58
Table 'NLHBlue49' 6-max Seat #4 is the button
Seat 1: 488dcc52 ($5.32 in chips)
Seat 2: 9c640d5b ($5.19 in chips)
Seat 3: f8a8ab2b ($2.95 in chips)
Seat 4: 5f2c9e2b ($7.14 in chips)
Seat 5: Hero ($5.64 in chips)
Seat 6: 9e82d076 ($5.54 in chips)
Hero: posts small blind $0.02
9e82d076: posts big blind $0.05
*** HOLE CARDS ***
Dealt to 488dcc52 
Dealt to 9c640d5b 
Dealt to f8a8ab2b 
Dealt to 5f2c9e2b 
Dealt to Hero [5c 9s]
Dealt to 9e82d076 
488dcc52: folds
9c640d5b: folds
f8a8ab2b: folds
5f2c9e2b: folds
Hero: folds
Uncalled bet ($0.03) returned to 9e82d076
*** SHOWDOWN ***
9e82d076 collected $0.04 from pot
*** SUMMARY ***
Total pot $0.04 | Rake $0 | Jackpot $0 | Bingo $0 | Fortune $0
Seat 1: 488dcc52 folded before Flop (didn't bet)
Seat 2: 9c640d5b folded before Flop (didn't bet)
Seat 3: f8a8ab2b folded before Flop (didn't bet)
Seat 4: 5f2c9e2b (button) folded before Flop (didn't bet)
Seat 5: Hero (small blind) folded before Flop
Seat 6: 9e82d076 (big blind) collected ($0.04)


Poker Hand #HD1146707362: Hold'em No Limit  ($0.02/$0.05) - 2023/03/05 09:33:38
Table 'NLHBlue49' 6-max Seat #3 is the button
Seat 1: 488dcc52 ($5.32 in chips)
Seat 2: 9c640d5b ($5.19 in chips)
Seat 3: f8a8ab2b ($2.95 in chips)
Seat 4: 5f2c9e2b ($7.16 in chips)
Seat 5: Hero ($5.69 in chips)
Seat 6: 9e82d076 ($5.47 in chips)
5f2c9e2b: posts small blind $0.02
Hero: posts big blind $0.05
*** HOLE CARDS ***
Dealt to 488dcc52 
Dealt to 9c640d5b 
Dealt to f8a8ab2b 
Dealt to 5f2c9e2b 
Dealt to Hero [Jd 2d]
Dealt to 9e82d076 
9e82d076: raises $0.05 to $0.1
488dcc52: folds
9c640d5b: folds
f8a8ab2b: folds
5f2c9e2b: folds
Hero: folds
Uncalled bet ($0.05) returned to 9e82d076
*** SHOWDOWN ***
9e82d076 collected $0.12 from pot
*** SUMMARY ***
Total pot $0.12 | Rake $0 | Jackpot $0 | Bingo $0 | Fortune $0
Seat 1: 488dcc52 folded before Flop (didn't bet)
Seat 2: 9c640d5b folded before Flop (didn't bet)
Seat 3: f8a8ab2b (button) folded before Flop (didn't bet)
Seat 4: 5f2c9e2b (small blind) folded before Flop
Seat 5: Hero (big blind) folded before Flop
Seat 6: 9e82d076 collected ($0.12)


Poker Hand #HD1146707215: Hold'em No Limit  ($0.02/$0.05) - 2023/03/05 09:32:32
Table 'NLHBlue49' 6-max Seat #2 is the button
Seat 1: 488dcc52 ($5.32 in chips)
Seat 2: 9c640d5b ($5.41 in chips)
Seat 3: f8a8ab2b ($2.97 in chips)
Seat 4: 5f2c9e2b ($6.94 in chips)
Seat 5: Hero ($5.69 in chips)
Seat 6: 9e82d076 ($5.47 in chips)
f8a8ab2b: posts small blind $0.02
5f2c9e2b: posts big blind $0.05
*** HOLE CARDS ***
Dealt to 488dcc52 
Dealt to 9c640d5b 
Dealt to f8a8ab2b 
Dealt to 5f2c9e2b 
Dealt to Hero [5s 7c]
Dealt to 9e82d076 
Hero: folds
9e82d076: folds
488dcc52: folds
9c640d5b: raises $0.08 to $0.13
f8a8ab2b: folds
5f2c9e2b: calls $0.08
*** FLOP *** [Qs 6h Kc]
5f2c9e2b: checks
9c640d5b: bets $0.09
5f2c9e2b: calls $0.09
*** TURN *** [Qs 6h Kc] [8d]
5f2c9e2b: checks
9c640d5b: checks
*** RIVER *** [Qs 6h Kc 8d] [3h]
5f2c9e2b: checks
9c640d5b: checks
5f2c9e2b: shows [Th Ks] (Pair of Kings)
9c640d5b: shows [Qc Jh] (Pair of Queens)
*** SHOWDOWN ***
5f2c9e2b collected $0.44 from pot
*** SUMMARY ***
Total pot $0.46 | Rake $0.02 | Jackpot $0 | Bingo $0 | Fortune $0
Board [Qs 6h Kc 8d 3h]
Seat 1: 488dcc52 folded before Flop (didn't bet)
Seat 2: 9c640d5b (button) showed [Qc Jh] and lost with Pair of Queens
Seat 3: f8a8ab2b (small blind) folded before Flop
Seat 4: 5f2c9e2b (big blind) showed [Th Ks] and won ($0.44) with Pair of Kings
Seat 5: Hero folded before Flop (didn't bet)
Seat 6: 9e82d076 folded before Flop (didn't bet)


Poker Hand #HD1146707165: Hold'em No Limit  ($0.02/$0.05) - 2023/03/05 09:32:06
Table 'NLHBlue49' 6-max Seat #1 is the button
Seat 1: 488dcc52 ($5.25 in chips)
Seat 2: 9c640d5b ($5.43 in chips)
Seat 3: f8a8ab2b ($3.02 in chips)
Seat 4: 5f2c9e2b ($6.94 in chips)
Seat 5: Hero ($5.69 in chips)
Seat 6: 9e82d076 ($5.47 in chips)
9c640d5b: posts small blind $0.02
f8a8ab2b: posts big blind $0.05
*** HOLE CARDS ***
Dealt to 488dcc52 
Dealt to 9c640d5b 
Dealt to f8a8ab2b 
Dealt to 5f2c9e2b 
Dealt to Hero [5d Kh]
Dealt to 9e82d076 
5f2c9e2b: folds
Hero: folds
9e82d076: folds
488dcc52: raises $0.07 to $0.12
9c640d5b: folds
f8a8ab2b: folds
Uncalled bet ($0.07) returned to 488dcc52
*** SHOWDOWN ***
488dcc52 collected $0.12 from pot
*** SUMMARY ***
Total pot $0.12 | Rake $0 | Jackpot $0 | Bingo $0 | Fortune $0
Seat 1: 488dcc52 (button) collected ($0.12)
Seat 2: 9c640d5b (small blind) folded before Flop
Seat 3: f8a8ab2b (big blind) folded before Flop
Seat 4: 5f2c9e2b folded before Flop (didn't bet)
Seat 5: Hero folded before Flop (didn't bet)
Seat 6: 9e82d076 folded before Flop (didn't bet)


Poker Hand #HD1146707113: Hold'em No Limit  ($0.02/$0.05) - 2023/03/05 09:31:45
Table 'NLHBlue49' 6-max Seat #6 is the button
Seat 1: 488dcc52 ($5.2 in chips)
Seat 2: 9c640d5b ($5.48 in chips)
Seat 3: f8a8ab2b ($3.02 in chips)
Seat 4: 5f2c9e2b ($6.94 in chips)
Seat 5: Hero ($5.69 in chips)
Seat 6: 9e82d076 ($5.47 in chips)
488dcc52: posts small blind $0.02
9c640d5b: posts big blind $0.05
*** HOLE CARDS ***
Dealt to 488dcc52 
Dealt to 9c640d5b 
Dealt to f8a8ab2b 
Dealt to 5f2c9e2b 
Dealt to Hero [5h Qd]
Dealt to 9e82d076 
f8a8ab2b: folds
5f2c9e2b: folds
Hero: folds
9e82d076: folds
488dcc52: raises $0.1 to $0.15
9c640d5b: folds
Uncalled bet ($0.1) returned to 488dcc52
*** SHOWDOWN ***
488dcc52 collected $0.1 from pot
*** SUMMARY ***
Total pot $0.1 | Rake $0 | Jackpot $0 | Bingo $0 | Fortune $0
Seat 1: 488dcc52 (small blind) collected ($0.1)
Seat 2: 9c640d5b (big blind) folded before Flop
Seat 3: f8a8ab2b folded before Flop (didn't bet)
Seat 4: 5f2c9e2b folded before Flop (didn't bet)
Seat 5: Hero folded before Flop (didn't bet)
Seat 6: 9e82d076 (button) folded before Flop (didn't bet)


Poker Hand #HD1146707039: Hold'em No Limit  ($0.02/$0.05) - 2023/03/05 09:31:12
Table 'NLHBlue49' 6-max Seat #5 is the button
Seat 1: 488dcc52 ($5.15 in chips)
Seat 2: 9c640d5b ($5.48 in chips)
Seat 3: f8a8ab2b ($3.02 in chips)
Seat 4: 5f2c9e2b ($6.94 in chips)
Seat 5: Hero ($5.69 in chips)
Seat 6: 9e82d076 ($5.52 in chips)
9e82d076: posts small blind $0.02
488dcc52: posts big blind $0.05
*** HOLE CARDS ***
Dealt to 488dcc52 
Dealt to 9c640d5b 
Dealt to f8a8ab2b 
Dealt to 5f2c9e2b 
Dealt to Hero [Jc 8h]
Dealt to 9e82d076 
9c640d5b: folds
f8a8ab2b: folds
5f2c9e2b: folds
Hero: folds
9e82d076: calls $0.03
488dcc52: raises $0.11 to $0.16
9e82d076: folds
Uncalled bet ($0.11) returned to 488dcc52
*** SHOWDOWN ***
488dcc52 collected $0.1 from pot
*** SUMMARY ***
Total pot $0.1 | Rake $0 | Jackpot $0 | Bingo $0 | Fortune $0
Seat 1: 488dcc52 (big blind) collected ($0.1)
Seat 2: 9c640d5b folded before Flop (didn't bet)
Seat 3: f8a8ab2b folded before Flop (didn't bet)
Seat 4: 5f2c9e2b folded before Flop (didn't bet)
Seat 5: Hero (button) folded before Flop (didn't bet)
Seat 6: 9e82d076 (small blind) folded before Flop


Poker Hand #HD1146707001: Hold'em No Limit  ($0.02/$0.05) - 2023/03/05 09:30:52
Table 'NLHBlue49' 6-max Seat #4 is the button
Seat 1: 488dcc52 ($5.15 in chips)
Seat 2: 9c640d5b ($5.48 in chips)
Seat 3: f8a8ab2b ($3.02 in chips)
Seat 4: 5f2c9e2b ($6.94 in chips)
Seat 5: Hero ($5.71 in chips)
Seat 6: 9e82d076 ($5.5 in chips)
Hero: posts small blind $0.02
9e82d076: posts big blind $0.05
*** HOLE CARDS ***
Dealt to 488dcc52 
Dealt to 9c640d5b 
Dealt to f8a8ab2b 
Dealt to 5f2c9e2b 
Dealt to Hero [Jd 5s]
Dealt to 9e82d076 
488dcc52: folds
9c640d5b: folds
f8a8ab2b: folds
5f2c9e2b: folds
Hero: folds
Uncalled bet ($0.03) returned to 9e82d076
*** SHOWDOWN ***
9e82d076 collected $0.04 from pot
*** SUMMARY ***
Total pot $0.04 | Rake $0 | Jackpot $0 | Bingo $0 | Fortune $0
Seat 1: 488dcc52 folded before Flop (didn't bet)
Seat 2: 9c640d5b folded before Flop (didn't bet)
Seat 3: f8a8ab2b folded before Flop (didn't bet)
Seat 4: 5f2c9e2b (button) folded before Flop (didn't bet)
Seat 5: Hero (small blind) folded before Flop
Seat 6: 9e82d076 (big blind) collected ($0.04)


Poker Hand #HD1146706827: Hold'em No Limit  ($0.02/$0.05) - 2023/03/05 09:29:30
Table 'NLHBlue49' 6-max Seat #3 is the button
Seat 1: 488dcc52 ($5.15 in chips)
Seat 2: 9c640d5b ($5 in chips)
Seat 3: f8a8ab2b ($3.02 in chips)
Seat 4: 5f2c9e2b ($6.96 in chips)
Seat 5: Hero ($6.17 in chips)
Seat 6: 9e82d076 ($5.55 in chips)
5f2c9e2b: posts small blind $0.02
Hero: posts big blind $0.05
*** HOLE CARDS ***
Dealt to 488dcc52 
Dealt to 9c640d5b 
Dealt to f8a8ab2b 
Dealt to 5f2c9e2b 
Dealt to Hero [Ad Jd]
Dealt to 9e82d076 
9e82d076: calls $0.05
488dcc52: folds
9c640d5b: raises $0.06 to $0.11
f8a8ab2b: folds
5f2c9e2b: folds
Hero: raises $0.35 to $0.46
9e82d076: folds
9c640d5b: calls $0.35
*** FLOP *** [2h 9s Ks]
Hero: checks
9c640d5b: checks
*** TURN *** [2h 9s Ks] [5h]
Hero: checks
9c640d5b: bets $0.3
Hero: folds
Uncalled bet ($0.3) returned to 9c640d5b
*** SHOWDOWN ***
9c640d5b collected $0.94 from pot
*** SUMMARY ***
Total pot $0.99 | Rake $0.05 | Jackpot $0 | Bingo $0 | Fortune $0
Board [2h 9s Ks 5h]
Seat 1: 488dcc52 folded before Flop (didn't bet)
Seat 2: 9c640d5b won ($0.94)
Seat 3: f8a8ab2b (button) folded before Flop (didn't bet)
Seat 4: 5f2c9e2b (small blind) folded before Flop
Seat 5: Hero (big blind) folded on the Turn
Seat 6: 9e82d076 folded before Flop


Poker Hand #HD1146706799: Hold'em No Limit  ($0.02/$0.05) - 2023/03/05 09:29:15
Table 'NLHBlue49' 6-max Seat #2 is the button
Seat 1: 488dcc52 ($5.15 in chips)
Seat 2: 9c640d5b ($5 in chips)
Seat 3: f8a8ab2b ($3.04 in chips)
Seat 4: 5f2c9e2b ($6.94 in chips)
Seat 5: Hero ($6.17 in chips)
Seat 6: 9e82d076 ($5.55 in chips)
f8a8ab2b: posts small blind $0.02
5f2c9e2b: posts big blind $0.05
*** HOLE CARDS ***
Dealt to 488dcc52 
Dealt to 9c640d5b 
Dealt to f8a8ab2b 
Dealt to 5f2c9e2b 
Dealt to Hero [3c 4c]
Dealt to 9e82d076 
Hero: folds
9e82d076: folds
488dcc52: folds
9c640d5b: folds
f8a8ab2b: folds
Uncalled bet ($0.03) returned to 5f2c9e2b
*** SHOWDOWN ***
5f2c9e2b collected $0.04 from pot
*** SUMMARY ***
Total pot $0.04 | Rake $0 | Jackpot $0 | Bingo $0 | Fortune $0
Seat 1: 488dcc52 folded before Flop (didn't bet)
Seat 2: 9c640d5b (button) folded before Flop (didn't bet)
Seat 3: f8a8ab2b (small blind) folded before Flop
Seat 4: 5f2c9e2b (big blind) collected ($0.04)
Seat 5: Hero folded before Flop (didn't bet)
Seat 6: 9e82d076 folded before Flop (didn't bet)


Poker Hand #HD1146706760: Hold'em No Limit  ($0.02/$0.05) - 2023/03/05 09:28:58
Table 'NLHBlue49' 6-max Seat #1 is the button
Seat 1: 488dcc52 ($5.15 in chips)
Seat 2: 9c640d5b ($5 in chips)
Seat 3: f8a8ab2b ($3.02 in chips)
Seat 4: 5f2c9e2b ($6.94 in chips)
Seat 5: Hero ($6.17 in chips)
Seat 6: 9e82d076 ($5.55 in chips)
9c640d5b: posts small blind $0.02
f8a8ab2b: posts big blind $0.05
*** HOLE CARDS ***
Dealt to 488dcc52 
Dealt to 9c640d5b 
Dealt to f8a8ab2b 
Dealt to 5f2c9e2b 
Dealt to Hero [8c 2d]
Dealt to 9e82d076 
5f2c9e2b: folds
Hero: folds
9e82d076: folds
488dcc52: folds
9c640d5b: folds
Uncalled bet ($0.03) returned to f8a8ab2b
*** SHOWDOWN ***
f8a8ab2b collected $0.04 from pot
*** SUMMARY ***
Total pot $0.04 | Rake $0 | Jackpot $0 | Bingo $0 | Fortune $0
Seat 1: 488dcc52 (button) folded before Flop (didn't bet)
Seat 2: 9c640d5b (small blind) folded before Flop
Seat 3: f8a8ab2b (big blind) collected ($0.04)
Seat 4: 5f2c9e2b folded before Flop (didn't bet)
Seat 5: Hero folded before Flop (didn't bet)
Seat 6: 9e82d076 folded before Flop (didn't bet)


Poker Hand #HD1146706717: Hold'em No Limit  ($0.02/$0.05) - 2023/03/05 09:28:35
Table 'NLHBlue49' 6-max Seat #6 is the button
Seat 1: 488dcc52 ($5.1 in chips)
Seat 2: 9c640d5b ($5 in chips)
Seat 3: f8a8ab2b ($3.02 in chips)
Seat 4: 5f2c9e2b ($6.94 in chips)
Seat 5: Hero ($6.17 in chips)
Seat 6: 9e82d076 ($5.55 in chips)
488dcc52: posts small blind $0.02
9c640d5b: posts big blind $0.05
*** HOLE CARDS ***
Dealt to 488dcc52 
Dealt to 9c640d5b 
Dealt to f8a8ab2b 
Dealt to 5f2c9e2b 
Dealt to Hero [Kc 3h]
Dealt to 9e82d076 
f8a8ab2b: folds
5f2c9e2b: folds
Hero: folds
9e82d076: folds
488dcc52: raises $0.1 to $0.15
9c640d5b: folds
Uncalled bet ($0.1) returned to 488dcc52
*** SHOWDOWN ***
488dcc52 collected $0.1 from pot
*** SUMMARY ***
Total pot $0.1 | Rake $0 | Jackpot $0 | Bingo $0 | Fortune $0
Seat 1: 488dcc52 (small blind) collected ($0.1)
Seat 2: 9c640d5b (big blind) folded before Flop
Seat 3: f8a8ab2b folded before Flop (didn't bet)
Seat 4: 5f2c9e2b folded before Flop (didn't bet)
Seat 5: Hero folded before Flop (didn't bet)
Seat 6: 9e82d076 (button) folded before Flop (didn't bet)


Poker Hand #HD1146706611: Hold'em No Limit  ($0.02/$0.05) - 2023/03/05 09:27:41
Table 'NLHBlue49' 6-max Seat #5 is the button
Seat 1: 488dcc52 ($5.15 in chips)
Seat 2: 9c640d5b ($5 in chips)
Seat 3: f8a8ab2b ($3.02 in chips)
Seat 4: 5f2c9e2b ($6.94 in chips)
Seat 5: Hero ($6.39 in chips)
Seat 6: 9e82d076 ($5.31 in chips)
9e82d076: posts small blind $0.02
488dcc52: posts big blind $0.05
*** HOLE CARDS ***
Dealt to 488dcc52 
Dealt to 9c640d5b 
Dealt to f8a8ab2b 
Dealt to 5f2c9e2b 
Dealt to Hero [Ac 3d]
Dealt to 9e82d076 
9c640d5b: folds
f8a8ab2b: folds
5f2c9e2b: folds
Hero: raises $0.07 to $0.12
9e82d076: calls $0.1
488dcc52: folds
*** FLOP *** [Jc 2c 4s]
9e82d076: checks
Hero: checks
*** TURN *** [Jc 2c 4s] [9h]
9e82d076: bets $0.1
Hero: calls $0.1
*** RIVER *** [Jc 2c 4s 9h] [2h]
9e82d076: bets $0.25
Hero: folds
Uncalled bet ($0.25) returned to 9e82d076
*** SHOWDOWN ***
9e82d076 collected $0.46 from pot
*** SUMMARY ***
Total pot $0.49 | Rake $0.03 | Jackpot $0 | Bingo $0 | Fortune $0
Board [Jc 2c 4s 9h 2h]
Seat 1: 488dcc52 (big blind) folded before Flop
Seat 2: 9c640d5b folded before Flop (didn't bet)
Seat 3: f8a8ab2b folded before Flop (didn't bet)
Seat 4: 5f2c9e2b folded before Flop (didn't bet)
Seat 5: Hero (button) folded on the River
Seat 6: 9e82d076 (small blind) won ($0.46)


Poker Hand #HD1146706573: Hold'em No Limit  ($0.02/$0.05) - 2023/03/05 09:27:18
Table 'NLHBlue49' 6-max Seat #4 is the button
Seat 1: 488dcc52 ($5.15 in chips)
Seat 2: 9c640d5b ($5 in chips)
Seat 3: f8a8ab2b ($2.95 in chips)
Seat 4: 5f2c9e2b ($6.94 in chips)
Seat 5: Hero ($6.41 in chips)
Seat 6: 9e82d076 ($5.36 in chips)
Hero: posts small blind $0.02
9e82d076: posts big blind $0.05
*** HOLE CARDS ***
Dealt to 488dcc52 
Dealt to 9c640d5b 
Dealt to f8a8ab2b 
Dealt to 5f2c9e2b 
Dealt to Hero [Kd 8h]
Dealt to 9e82d076 
488dcc52: folds
9c640d5b: folds
f8a8ab2b: raises $0.05 to $0.1
5f2c9e2b: folds
Hero: folds
9e82d076: folds
Uncalled bet ($0.05) returned to f8a8ab2b
*** SHOWDOWN ***
f8a8ab2b collected $0.12 from pot
*** SUMMARY ***
Total pot $0.12 | Rake $0 | Jackpot $0 | Bingo $0 | Fortune $0
Seat 1: 488dcc52 folded before Flop (didn't bet)
Seat 2: 9c640d5b folded before Flop (didn't bet)
Seat 3: f8a8ab2b collected ($0.12)
Seat 4: 5f2c9e2b (button) folded before Flop (didn't bet)
Seat 5: Hero (small blind) folded before Flop
Seat 6: 9e82d076 (big blind) folded before Flop


Poker Hand #HD1146706500: Hold'em No Limit  ($0.02/$0.05) - 2023/03/05 09:26:40
Table 'NLHBlue49' 6-max Seat #3 is the button
Seat 1: 488dcc52 ($5.15 in chips)
Seat 2: 9c640d5b ($5 in chips)
Seat 3: f8a8ab2b ($2.84 in chips)
Seat 4: 5f2c9e2b ($6.96 in chips)
Seat 5: Hero ($6.51 in chips)
Seat 6: 9e82d076 ($5.36 in chips)
5f2c9e2b: posts small blind $0.02
Hero: posts big blind $0.05
*** HOLE CARDS ***
Dealt to 488dcc52 
Dealt to 9c640d5b 
Dealt to f8a8ab2b 
Dealt to 5f2c9e2b 
Dealt to Hero [6c 9c]
Dealt to 9e82d076 
9e82d076: folds
488dcc52: folds
9c640d5b: folds
f8a8ab2b: raises $0.05 to $0.1
5f2c9e2b: folds
Hero: calls $0.05
*** FLOP *** [Jc 8s As]
Hero: checks
f8a8ab2b: bets $0.11
Hero: folds
Uncalled bet ($0.11) returned to f8a8ab2b
*** SHOWDOWN ***
f8a8ab2b collected $0.21 from pot
*** SUMMARY ***
Total pot $0.22 | Rake $0.01 | Jackpot $0 | Bingo $0 | Fortune $0
Board [Jc 8s As]
Seat 1: 488dcc52 folded before Flop (didn't bet)
Seat 2: 9c640d5b folded before Flop (didn't bet)
Seat 3: f8a8ab2b (button) won ($0.21)
Seat 4: 5f2c9e2b (small blind) folded before Flop
Seat 5: Hero (big blind) folded on the Flop
Seat 6: 9e82d076 folded before Flop (didn't bet)


Poker Hand #HD1146706382: Hold'em No Limit  ($0.02/$0.05) - 2023/03/05 09:25:45
Table 'NLHBlue49' 6-max Seat #2 is the button
Seat 1: 488dcc52 ($5.15 in chips)
Seat 2: 9c640d5b ($5 in chips)
Seat 3: f8a8ab2b ($2.86 in chips)
Seat 4: 5f2c9e2b ($7.08 in chips)
Seat 5: Hero ($6.38 in chips)
Seat 6: 9e82d076 ($5.36 in chips)
f8a8ab2b: posts small blind $0.02
5f2c9e2b: posts big blind $0.05
*** HOLE CARDS ***
Dealt to 488dcc52 
Dealt to 9c640d5b 
Dealt to f8a8ab2b 
Dealt to 5f2c9e2b 
Dealt to Hero [Ac 5c]
Dealt to 9e82d076 
Hero: raises $0.07 to $0.12
9e82d076: folds
488dcc52: folds
9c640d5b: folds
f8a8ab2b: folds
5f2c9e2b: calls $0.07
*** FLOP *** [2s 2d 5d]
5f2c9e2b: checks
Hero: bets $0.2
5f2c9e2b: folds
Uncalled bet ($0.2) returned to Hero
*** SHOWDOWN ***
Hero collected $0.25 from pot
*** SUMMARY ***
Total pot $0.26 | Rake $0.01 | Jackpot $0 | Bingo $0 | Fortune $0
Board [2s 2d 5d]
Seat 1: 488dcc52 folded before Flop (didn't bet)
Seat 2: 9c640d5b (button) folded before Flop (didn't bet)
Seat 3: f8a8ab2b (small blind) folded before Flop
Seat 4: 5f2c9e2b (big blind) folded on the Flop
Seat 5: Hero won ($0.25)
Seat 6: 9e82d076 folded before Flop (didn't bet)


Poker Hand #HD1146706339: Hold'em No Limit  ($0.02/$0.05) - 2023/03/05 09:25:27
Table 'NLHBlue49' 6-max Seat #1 is the button
Seat 1: 488dcc52 ($5.15 in chips)
Seat 2: 9c640d5b ($5 in chips)
Seat 3: f8a8ab2b ($2.91 in chips)
Seat 4: 5f2c9e2b ($7.08 in chips)
Seat 5: Hero ($6.31 in chips)
Seat 6: 9e82d076 ($5.36 in chips)
9c640d5b: posts small blind $0.02
f8a8ab2b: posts big blind $0.05
*** HOLE CARDS ***
Dealt to 488dcc52 
Dealt to 9c640d5b 
Dealt to f8a8ab2b 
Dealt to 5f2c9e2b 
Dealt to Hero [2s 2h]
Dealt to 9e82d076 
5f2c9e2b: folds
Hero: raises $0.07 to $0.12
9e82d076: folds
488dcc52: folds
9c640d5b: folds
f8a8ab2b: folds
Uncalled bet ($0.07) returned to Hero
*** SHOWDOWN ***
Hero collected $0.12 from pot
*** SUMMARY ***
Total pot $0.12 | Rake $0 | Jackpot $0 | Bingo $0 | Fortune $0
Seat 1: 488dcc52 (button) folded before Flop (didn't bet)
Seat 2: 9c640d5b (small blind) folded before Flop
Seat 3: f8a8ab2b (big blind) folded before Flop
Seat 4: 5f2c9e2b folded before Flop (didn't bet)
Seat 5: Hero collected ($0.12)
Seat 6: 9e82d076 folded before Flop (didn't bet)


Poker Hand #HD1146706293: Hold'em No Limit  ($0.02/$0.05) - 2023/03/05 09:25:03
Table 'NLHBlue49' 6-max Seat #6 is the button
Seat 1: 488dcc52 ($5.05 in chips)
Seat 2: 9c640d5b ($5 in chips)
Seat 3: f8a8ab2b ($2.91 in chips)
Seat 4: 5f2c9e2b ($7.08 in chips)
Seat 5: Hero ($6.31 in chips)
Seat 6: 9e82d076 ($5.41 in chips)
488dcc52: posts small blind $0.02
9c640d5b: posts big blind $0.05
*** HOLE CARDS ***
Dealt to 488dcc52 
Dealt to 9c640d5b 
Dealt to f8a8ab2b 
Dealt to 5f2c9e2b 
Dealt to Hero [7s Td]
Dealt to 9e82d076 
f8a8ab2b: folds
5f2c9e2b: folds
Hero: folds
9e82d076: calls $0.05
488dcc52: raises $0.19 to $0.24
9c640d5b: folds
9e82d076: folds
Uncalled bet ($0.19) returned to 488dcc52
*** SHOWDOWN ***
488dcc52 collected $0.15 from pot
*** SUMMARY ***
Total pot $0.15 | Rake $0 | Jackpot $0 | Bingo $0 | Fortune $0
Seat 1: 488dcc52 (small blind) collected ($0.15)
Seat 2: 9c640d5b (big blind) folded before Flop
Seat 3: f8a8ab2b folded before Flop (didn't bet)
Seat 4: 5f2c9e2b folded before Flop (didn't bet)
Seat 5: Hero folded before Flop (didn't bet)
Seat 6: 9e82d076 (button) folded before Flop


Poker Hand #HD1146706196: Hold'em No Limit  ($0.02/$0.05) - 2023/03/05 09:24:25
Table 'NLHBlue49' 6-max Seat #5 is the button
Seat 1: 488dcc52 ($5 in chips)
Seat 2: 9c640d5b ($5 in chips)
Seat 3: f8a8ab2b ($2.91 in chips)
Seat 4: 5f2c9e2b ($7.01 in chips)
Seat 5: Hero ($6.31 in chips)
Seat 6: 9e82d076 ($5.43 in chips)
9e82d076: posts small blind $0.02
488dcc52: posts big blind $0.05
*** HOLE CARDS ***
Dealt to 488dcc52 
Dealt to 9c640d5b 
Dealt to f8a8ab2b 
Dealt to 5f2c9e2b 
Dealt to Hero [Kh 9c]
Dealt to 9e82d076 
9c640d5b: folds
f8a8ab2b: folds
5f2c9e2b: raises $0.08 to $0.13
Hero: folds
9e82d076: folds
488dcc52: folds
Uncalled bet ($0.08) returned to 5f2c9e2b
*** SHOWDOWN ***
5f2c9e2b collected $0.12 from pot
*** SUMMARY ***
Total pot $0.12 | Rake $0 | Jackpot $0 | Bingo $0 | Fortune $0
Seat 1: 488dcc52 (big blind) folded before Flop
Seat 2: 9c640d5b folded before Flop (didn't bet)
Seat 3: f8a8ab2b folded before Flop (didn't bet)
Seat 4: 5f2c9e2b collected ($0.12)
Seat 5: Hero (button) folded before Flop (didn't bet)
Seat 6: 9e82d076 (small blind) folded before Flop


Poker Hand #HD1146706064: Hold'em No Limit  ($0.02/$0.05) - 2023/03/05 09:23:19
Table 'NLHBlue49' 6-max Seat #4 is the button
Seat 1: 488dcc52 ($5 in chips)
Seat 2: 9c640d5b ($5 in chips)
Seat 3: f8a8ab2b ($2.56 in chips)
Seat 4: 5f2c9e2b ($7.27 in chips)
Seat 5: Hero ($6.33 in chips)
Seat 6: 9e82d076 ($5.53 in chips)
Hero: posts small blind $0.02
9e82d076: posts big blind $0.05
*** HOLE CARDS ***
Dealt to 488dcc52 
Dealt to 9c640d5b 
Dealt to f8a8ab2b 
Dealt to 5f2c9e2b 
Dealt to Hero [6d 3d]
Dealt to 9e82d076 
488dcc52: folds
9c640d5b: folds
f8a8ab2b: raises $0.05 to $0.1
5f2c9e2b: calls $0.1
Hero: folds
9e82d076: calls $0.05
*** FLOP *** [9c 2h 2s]
9e82d076: checks
f8a8ab2b: bets $0.16
5f2c9e2b: calls $0.16
9e82d076: folds
*** TURN *** [9c 2h 2s] [Td]
f8a8ab2b: bets $0.32
5f2c9e2b: folds
Uncalled bet ($0.32) returned to f8a8ab2b
*** SHOWDOWN ***
f8a8ab2b collected $0.61 from pot
*** SUMMARY ***
Total pot $0.64 | Rake $0.03 | Jackpot $0 | Bingo $0 | Fortune $0
Board [9c 2h 2s Td]
Seat 1: 488dcc52 folded before Flop (didn't bet)
Seat 2: 9c640d5b folded before Flop (didn't bet)
Seat 3: f8a8ab2b won ($0.61)
Seat 4: 5f2c9e2b (button) folded on the Turn
Seat 5: Hero (small blind) folded before Flop
Seat 6: 9e82d076 (big blind) folded on the Flop


Poker Hand #HD1146706014: Hold'em No Limit  ($0.02/$0.05) - 2023/03/05 09:22:52
Table 'NLHBlue49' 6-max Seat #3 is the button
Seat 1: 488dcc52 ($5 in chips)
Seat 2: 9c640d5b ($5 in chips)
Seat 3: f8a8ab2b ($2.56 in chips)
Seat 4: 5f2c9e2b ($7.13 in chips)
Seat 5: Hero ($6.38 in chips)
Seat 6: 9e82d076 ($5.53 in chips)
5f2c9e2b: posts small blind $0.02
Hero: posts big blind $0.05
*** HOLE CARDS ***
Dealt to 488dcc52 
Dealt to 9c640d5b 
Dealt to f8a8ab2b 
Dealt to 5f2c9e2b 
Dealt to Hero [2d 5s]
Dealt to 9e82d076 
9e82d076: folds
488dcc52: raises $0.05 to $0.1
9c640d5b: folds
f8a8ab2b: folds
5f2c9e2b: raises $0.32 to $0.42
Hero: folds
488dcc52: folds
Uncalled bet ($0.32) returned to 5f2c9e2b
*** SHOWDOWN ***
5f2c9e2b collected $0.24 from pot
*** SUMMARY ***
Total pot $0.25 | Rake $0.01 | Jackpot $0 | Bingo $0 | Fortune $0
Seat 1: 488dcc52 folded before Flop
Seat 2: 9c640d5b folded before Flop (didn't bet)
Seat 3: f8a8ab2b (button) folded before Flop (didn't bet)
Seat 4: 5f2c9e2b (small blind) collected ($0.24)
Seat 5: Hero (big blind) folded before Flop
Seat 6: 9e82d076 folded before Flop (didn't bet)


Poker Hand #HD1146705953: Hold'em No Limit  ($0.02/$0.05) - 2023/03/05 09:22:24
Table 'NLHBlue49' 6-max Seat #2 is the button
Seat 1: 488dcc52 ($5 in chips)
Seat 2: 9c640d5b ($5 in chips)
Seat 3: f8a8ab2b ($2.58 in chips)
Seat 4: 5f2c9e2b ($7.18 in chips)
Seat 5: Hero ($6.31 in chips)
Seat 6: 9e82d076 ($5.53 in chips)
f8a8ab2b: posts small blind $0.02
5f2c9e2b: posts big blind $0.05
*** HOLE CARDS ***
Dealt to 488dcc52 
Dealt to 9c640d5b 
Dealt to f8a8ab2b 
Dealt to 5f2c9e2b 
Dealt to Hero [Ac Th]
Dealt to 9e82d076 
Hero: raises $0.07 to $0.12
9e82d076: folds
488dcc52: folds
9c640d5b: folds
f8a8ab2b: folds
5f2c9e2b: folds
Uncalled bet ($0.07) returned to Hero
*** SHOWDOWN ***
Hero collected $0.12 from pot
*** SUMMARY ***
Total pot $0.12 | Rake $0 | Jackpot $0 | Bingo $0 | Fortune $0
Seat 1: 488dcc52 folded before Flop (didn't bet)
Seat 2: 9c640d5b (button) folded before Flop (didn't bet)
Seat 3: f8a8ab2b (small blind) folded before Flop
Seat 4: 5f2c9e2b (big blind) folded before Flop
Seat 5: Hero collected ($0.12)
Seat 6: 9e82d076 folded before Flop (didn't bet)


Poker Hand #HD1146705918: Hold'em No Limit  ($0.02/$0.05) - 2023/03/05 09:22:08
Table 'NLHBlue49' 6-max Seat #1 is the button
Seat 1: 488dcc52 ($5 in chips)
Seat 2: 9c640d5b ($5 in chips)
Seat 3: f8a8ab2b ($2.56 in chips)
Seat 4: 5f2c9e2b ($7.18 in chips)
Seat 5: Hero ($6.31 in chips)
Seat 6: 9e82d076 ($5.53 in chips)
9c640d5b: posts small blind $0.02
f8a8ab2b: posts big blind $0.05
*** HOLE CARDS ***
Dealt to 488dcc52 
Dealt to 9c640d5b 
Dealt to f8a8ab2b 
Dealt to 5f2c9e2b 
Dealt to Hero [Js Tc]
Dealt to 9e82d076 
5f2c9e2b: folds
Hero: folds
9e82d076: folds
488dcc52: folds
9c640d5b: folds
Uncalled bet ($0.03) returned to f8a8ab2b
*** SHOWDOWN ***
f8a8ab2b collected $0.04 from pot
*** SUMMARY ***
Total pot $0.04 | Rake $0 | Jackpot $0 | Bingo $0 | Fortune $0
Seat 1: 488dcc52 (button) folded before Flop (didn't bet)
Seat 2: 9c640d5b (small blind) folded before Flop
Seat 3: f8a8ab2b (big blind) collected ($0.04)
Seat 4: 5f2c9e2b folded before Flop (didn't bet)
Seat 5: Hero folded before Flop (didn't bet)
Seat 6: 9e82d076 folded before Flop (didn't bet)


Poker Hand #HD1146705756: Hold'em No Limit  ($0.02/$0.05) - 2023/03/05 09:20:50
Table 'NLHBlue49' 6-max Seat #6 is the button
Seat 1: 488dcc52 ($5.02 in chips)
Seat 2: 9c640d5b ($5 in chips)
Seat 3: f8a8ab2b ($2.56 in chips)
Seat 4: 5f2c9e2b ($7.18 in chips)
Seat 5: Hero ($6.31 in chips)
Seat 6: 9e82d076 ($5.43 in chips)
488dcc52: posts small blind $0.02
9c640d5b: posts big blind $0.05
*** HOLE CARDS ***
Dealt to 488dcc52 
Dealt to 9c640d5b 
Dealt to f8a8ab2b 
Dealt to 5f2c9e2b 
Dealt to Hero [2s 6s]
Dealt to 9e82d076 
f8a8ab2b: folds
5f2c9e2b: folds
Hero: folds
9e82d076: calls $0.05
488dcc52: calls $0.03
9c640d5b: checks
*** FLOP *** [8c 4d 4s]
488dcc52: checks
9c640d5b: checks
9e82d076: checks
*** TURN *** [8c 4d 4s] [8s]
488dcc52: checks
9c640d5b: checks
9e82d076: checks
*** RIVER *** [8c 4d 4s 8s] [Kh]
488dcc52: checks
9c640d5b: checks
9e82d076: bets $0.15
488dcc52: folds
9c640d5b: folds
Uncalled bet ($0.15) returned to 9e82d076
*** SHOWDOWN ***
9e82d076 collected $0.15 from pot
*** SUMMARY ***
Total pot $0.15 | Rake $0 | Jackpot $0 | Bingo $0 | Fortune $0
Board [8c 4d 4s 8s Kh]
Seat 1: 488dcc52 (small blind) folded on the River
Seat 2: 9c640d5b (big blind) folded on the River
Seat 3: f8a8ab2b folded before Flop (didn't bet)
Seat 4: 5f2c9e2b folded before Flop (didn't bet)
Seat 5: Hero folded before Flop (didn't bet)
Seat 6: 9e82d076 (button) won ($0.15)


Poker Hand #HD1146705695: Hold'em No Limit  ($0.02/$0.05) - 2023/03/05 09:20:18
Table 'NLHBlue49' 6-max Seat #5 is the button
Seat 1: 488dcc52 ($5.07 in chips)
Seat 3: f8a8ab2b ($2.56 in chips)
Seat 4: 5f2c9e2b ($7.18 in chips)
Seat 5: Hero ($6.31 in chips)
Seat 6: 9e82d076 ($5.38 in chips)
9e82d076: posts small blind $0.02
488dcc52: posts big blind $0.05
*** HOLE CARDS ***
Dealt to 488dcc52 
Dealt to f8a8ab2b 
Dealt to 5f2c9e2b 
Dealt to Hero [7h 9s]
Dealt to 9e82d076 
f8a8ab2b: folds
5f2c9e2b: folds
Hero: folds
9e82d076: calls $0.03
488dcc52: checks
*** FLOP *** [4s Td 8d]
9e82d076: bets $0.1
488dcc52: folds
Uncalled bet ($0.1) returned to 9e82d076
*** SHOWDOWN ***
9e82d076 collected $0.1 from pot
*** SUMMARY ***
Total pot $0.1 | Rake $0 | Jackpot $0 | Bingo $0 | Fortune $0
Board [4s Td 8d]
Seat 1: 488dcc52 (big blind) folded on the Flop
Seat 3: f8a8ab2b folded before Flop (didn't bet)
Seat 4: 5f2c9e2b folded before Flop (didn't bet)
Seat 5: Hero (button) folded before Flop (didn't bet)
Seat 6: 9e82d076 (small blind) won ($0.1)


Poker Hand #HD1146625605: Hold'em No Limit  ($0.02/$0.05) - 2023/03/05 09:19:34
Table 'NLHBlue49' 6-max Seat #4 is the button
Seat 1: 488dcc52 ($5.07 in chips)
Seat 3: f8a8ab2b ($2.56 in chips)
Seat 4: 5f2c9e2b ($7.04 in chips)
Seat 5: Hero ($6.33 in chips)
Seat 6: 9e82d076 ($5.51 in chips)
Hero: posts small blind $0.02
9e82d076: posts big blind $0.05
*** HOLE CARDS ***
Dealt to 488dcc52 
Dealt to f8a8ab2b 
Dealt to 5f2c9e2b 
Dealt to Hero [5s 2h]
Dealt to 9e82d076 
488dcc52: folds
f8a8ab2b: folds
5f2c9e2b: raises $0.08 to $0.13
Hero: folds
9e82d076: calls $0.08
*** FLOP *** [8d 2c 4d]
9e82d076: checks
5f2c9e2b: bets $0.16
9e82d076: folds
Uncalled bet ($0.16) returned to 5f2c9e2b
*** SHOWDOWN ***
5f2c9e2b collected $0.27 from pot
*** SUMMARY ***
Total pot $0.28 | Rake $0.01 | Jackpot $0 | Bingo $0 | Fortune $0
Board [8d 2c 4d]
Seat 1: 488dcc52 folded before Flop (didn't bet)
Seat 3: f8a8ab2b folded before Flop (didn't bet)
Seat 4: 5f2c9e2b (button) won ($0.27)
Seat 5: Hero (small blind) folded before Flop
Seat 6: 9e82d076 (big blind) folded on the Flop


Poker Hand #HD1146625546: Hold'em No Limit  ($0.02/$0.05) - 2023/03/05 09:19:00
Table 'NLHBlue49' 6-max Seat #3 is the button
Seat 1: 488dcc52 ($5.07 in chips)
Seat 3: f8a8ab2b ($2.56 in chips)
Seat 4: 5f2c9e2b ($7.06 in chips)
Seat 5: Hero ($6.31 in chips)
Seat 6: 9e82d076 ($5.51 in chips)
5f2c9e2b: posts small blind $0.02
Hero: posts big blind $0.05
*** HOLE CARDS ***
Dealt to 488dcc52 
Dealt to f8a8ab2b 
Dealt to 5f2c9e2b 
Dealt to Hero [9h 3h]
Dealt to 9e82d076 
9e82d076: folds
488dcc52: folds
f8a8ab2b: folds
5f2c9e2b: folds
Uncalled bet ($0.03) returned to Hero
*** SHOWDOWN ***
Hero collected $0.04 from pot
*** SUMMARY ***
Total pot $0.04 | Rake $0 | Jackpot $0 | Bingo $0 | Fortune $0
Seat 1: 488dcc52 folded before Flop (didn't bet)
Seat 3: f8a8ab2b (button) folded before Flop (didn't bet)
Seat 4: 5f2c9e2b (small blind) folded before Flop
Seat 5: Hero (big blind) collected ($0.04)
Seat 6: 9e82d076 folded before Flop (didn't bet)


Poker Hand #HD1146625357: Hold'em No Limit  ($0.02/$0.05) - 2023/03/05 09:17:26
Table 'NLHBlue49' 6-max Seat #2 is the button
Seat 1: 488dcc52 ($5.07 in chips)
Seat 2: 9acba375 ($1.76 in chips)
Seat 3: f8a8ab2b ($2.58 in chips)
Seat 4: 5f2c9e2b ($5.45 in chips)
Seat 5: Hero ($6.31 in chips)
Seat 6: 9e82d076 ($5.56 in chips)
f8a8ab2b: posts small blind $0.02
5f2c9e2b: posts big blind $0.05
*** HOLE CARDS ***
Dealt to 488dcc52 
Dealt to 9acba375 
Dealt to f8a8ab2b 
Dealt to 5f2c9e2b 
Dealt to Hero [7d 2d]
Dealt to 9e82d076 
Hero: folds
9e82d076: calls $0.05
488dcc52: folds
9acba375: raises $0.17 to $0.22
f8a8ab2b: folds
5f2c9e2b: raises $0.51 to $0.73
9e82d076: folds
9acba375: raises $1.03 to $1.76 and is all-in
5f2c9e2b: calls $1.03
9acba375: shows [9c 9h]
5f2c9e2b: shows [Qh Qs]
*** FLOP *** [8d 6d Jd]
*** TURN *** [8d 6d Jd] [As]
*** RIVER *** [8d 6d Jd As] [Kc]
*** SHOWDOWN ***
5f2c9e2b collected $3.37 from pot
*** SUMMARY ***
Total pot $3.59 | Rake $0.17 | Jackpot $0.05 | Bingo $0 | Fortune $0
Board [8d 6d Jd As Kc]
Seat 1: 488dcc52 folded before Flop (didn't bet)
Seat 2: 9acba375 (button) showed [9c 9h] and lost with Pair of Nines
Seat 3: f8a8ab2b (small blind) folded before Flop
Seat 4: 5f2c9e2b (big blind) showed [Qh Qs] and won ($3.37) with Pair of Queens
Seat 5: Hero folded before Flop (didn't bet)
Seat 6: 9e82d076 folded before Flop


Poker Hand #HD1146625318: Hold'em No Limit  ($0.02/$0.05) - 2023/03/05 09:17:06
Table 'NLHBlue49' 6-max Seat #1 is the button
Seat 1: 488dcc52 ($5 in chips)
Seat 2: 9acba375 ($1.78 in chips)
Seat 3: f8a8ab2b ($2.63 in chips)
Seat 4: 5f2c9e2b ($5.45 in chips)
Seat 5: Hero ($6.31 in chips)
Seat 6: 9e82d076 ($5.56 in chips)
9acba375: posts small blind $0.02
f8a8ab2b: posts big blind $0.05
*** HOLE CARDS ***
Dealt to 488dcc52 
Dealt to 9acba375 
Dealt to f8a8ab2b 
Dealt to 5f2c9e2b 
Dealt to Hero [Jh 4c]
Dealt to 9e82d076 
5f2c9e2b: folds
Hero: folds
9e82d076: folds
488dcc52: raises $0.07 to $0.12
9acba375: folds
f8a8ab2b: folds
Uncalled bet ($0.07) returned to 488dcc52
*** SHOWDOWN ***
488dcc52 collected $0.12 from pot
*** SUMMARY ***
Total pot $0.12 | Rake $0 | Jackpot $0 | Bingo $0 | Fortune $0
Seat 1: 488dcc52 (button) collected ($0.12)
Seat 2: 9acba375 (small blind) folded before Flop
Seat 3: f8a8ab2b (big blind) folded before Flop
Seat 4: 5f2c9e2b folded before Flop (didn't bet)
Seat 5: Hero folded before Flop (didn't bet)
Seat 6: 9e82d076 folded before Flop (didn't bet)


Poker Hand #HD1146625287: Hold'em No Limit  ($0.02/$0.05) - 2023/03/05 09:16:50
Table 'NLHBlue49' 6-max Seat #6 is the button
Seat 1: 488dcc52 ($5 in chips)
Seat 2: 9acba375 ($1.83 in chips)
Seat 3: f8a8ab2b ($2.63 in chips)
Seat 4: 5f2c9e2b ($5.38 in chips)
Seat 5: Hero ($6.31 in chips)
Seat 6: 9e82d076 ($5.56 in chips)
488dcc52: posts small blind $0.02
9acba375: posts big blind $0.05
*** HOLE CARDS ***
Dealt to 488dcc52 
Dealt to 9acba375 
Dealt to f8a8ab2b 
Dealt to 5f2c9e2b 
Dealt to Hero [3d 2c]
Dealt to 9e82d076 
f8a8ab2b: folds
5f2c9e2b: raises $0.06 to $0.11
Hero: folds
9e82d076: folds
488dcc52: folds
9acba375: folds
Uncalled bet ($0.06) returned to 5f2c9e2b
*** SHOWDOWN ***
5f2c9e2b collected $0.12 from pot
*** SUMMARY ***
Total pot $0.12 | Rake $0 | Jackpot $0 | Bingo $0 | Fortune $0
Seat 1: 488dcc52 (small blind) folded before Flop
Seat 2: 9acba375 (big blind) folded before Flop
Seat 3: f8a8ab2b folded before Flop (didn't bet)
Seat 4: 5f2c9e2b collected ($0.12)
Seat 5: Hero folded before Flop (didn't bet)
Seat 6: 9e82d076 (button) folded before Flop (didn't bet)


Poker Hand #HD1146625062: Hold'em No Limit  ($0.02/$0.05) - 2023/03/05 09:14:56
Table 'NLHBlue49' 6-max Seat #5 is the button
Seat 1: 488dcc52 ($5 in chips)
Seat 2: 8dab7972 ($5.77 in chips)
Seat 3: f8a8ab2b ($2.63 in chips)
Seat 4: 5f2c9e2b ($5.38 in chips)
Seat 5: Hero ($5.16 in chips)
Seat 6: 9e82d076 ($5.58 in chips)
9e82d076: posts small blind $0.02
488dcc52: posts big blind $0.05
*** HOLE CARDS ***
Dealt to 488dcc52 
Dealt to 8dab7972 
Dealt to f8a8ab2b 
Dealt to 5f2c9e2b 
Dealt to Hero [9s Ah]
Dealt to 9e82d076 
8dab7972: folds
f8a8ab2b: folds
5f2c9e2b: folds
Hero: raises $0.07 to $0.12
9e82d076: folds
488dcc52: calls $0.07
*** FLOP *** [5d 9c 9h]
488dcc52: checks
Hero: bets $0.2
488dcc52: calls $0.2
*** TURN *** [5d 9c 9h] [6s]
488dcc52: checks
Hero: bets $0.33
488dcc52: calls $0.33
*** RIVER *** [5d 9c 9h 6s] [Tc]
488dcc52: checks
Hero: bets $0.66
488dcc52: calls $0.66
Hero: shows [9s Ah] (Three Nines)
488dcc52: shows [8c 8s] (Pair of Nines and Pair of Eights)
*** SHOWDOWN ***
Hero collected $2.46 from pot
*** SUMMARY ***
Total pot $2.64 | Rake $0.13 | Jackpot $0.05 | Bingo $0 | Fortune $0
Board [5d 9c 9h 6s Tc]
Seat 1: 488dcc52 (big blind) showed [8c 8s] and lost with Pair of Nines and Pair of Eights
Seat 2: 8dab7972 folded before Flop (didn't bet)
Seat 3: f8a8ab2b folded before Flop (didn't bet)
Seat 4: 5f2c9e2b folded before Flop (didn't bet)
Seat 5: Hero (button) showed [9s Ah] and won ($2.46) with Three Nines
Seat 6: 9e82d076 (small blind) folded before Flop


Poker Hand #HD1146624997: Hold'em No Limit  ($0.02/$0.05) - 2023/03/05 09:14:24
Table 'NLHBlue49' 6-max Seat #4 is the button
Seat 2: 8dab7972 ($5.77 in chips)
Seat 3: f8a8ab2b ($2.73 in chips)
Seat 4: 5f2c9e2b ($5.38 in chips)
Seat 5: Hero ($5.02 in chips)
Seat 6: 9e82d076 ($5.63 in chips)
Hero: posts small blind $0.02
9e82d076: posts big blind $0.05
*** HOLE CARDS ***
Dealt to 8dab7972 
Dealt to f8a8ab2b 
Dealt to 5f2c9e2b 
Dealt to Hero [Ks As]
Dealt to 9e82d076 
8dab7972: folds
f8a8ab2b: raises $0.05 to $0.1
5f2c9e2b: folds
Hero: raises $0.3 to $0.4
9e82d076: folds
f8a8ab2b: folds
Uncalled bet ($0.3) returned to Hero
*** SHOWDOWN ***
Hero collected $0.24 from pot
*** SUMMARY ***
Total pot $0.25 | Rake $0.01 | Jackpot $0 | Bingo $0 | Fortune $0
Seat 2: 8dab7972 folded before Flop (didn't bet)
Seat 3: f8a8ab2b folded before Flop
Seat 4: 5f2c9e2b (button) folded before Flop (didn't bet)
Seat 5: Hero (small blind) collected ($0.24)
Seat 6: 9e82d076 (big blind) folded before Flop


Poker Hand #HD1146624822: Hold'em No Limit  ($0.02/$0.05) - 2023/03/05 09:12:59
Table 'NLHBlue49' 6-max Seat #3 is the button
Seat 2: 8dab7972 ($5.77 in chips)
Seat 3: f8a8ab2b ($2.73 in chips)
Seat 4: 5f2c9e2b ($5.66 in chips)
Seat 5: Hero ($6.05 in chips)
Seat 6: 9e82d076 ($4.5 in chips)
5f2c9e2b: posts small blind $0.02
Hero: posts big blind $0.05
*** HOLE CARDS ***
Dealt to 8dab7972 
Dealt to f8a8ab2b 
Dealt to 5f2c9e2b 
Dealt to Hero [9c 9d]
Dealt to 9e82d076 
9e82d076: calls $0.05
8dab7972: folds
f8a8ab2b: folds
5f2c9e2b: raises $0.23 to $0.28
Hero: calls $0.23
9e82d076: calls $0.23
*** FLOP *** [Ks 8d 8c]
5f2c9e2b: checks
Hero: bets $0.28
9e82d076: calls $0.28
5f2c9e2b: folds
*** TURN *** [Ks 8d 8c] [7c]
Hero: bets $0.47
9e82d076: calls $0.47
*** RIVER *** [Ks 8d 8c 7c] [Js]
Hero: checks
9e82d076: checks
Hero: shows [9c 9d] (Pair of Nines and Pair of Eights)
9e82d076: shows [Qh Kh] (Pair of Kings and Pair of Eights)
*** SHOWDOWN ***
9e82d076 collected $2.16 from pot
*** SUMMARY ***
Total pot $2.34 | Rake $0.13 | Jackpot $0.05 | Bingo $0 | Fortune $0
Board [Ks 8d 8c 7c Js]
Seat 2: 8dab7972 folded before Flop (didn't bet)
Seat 3: f8a8ab2b (button) folded before Flop (didn't bet)
Seat 4: 5f2c9e2b (small blind) folded on the Flop
Seat 5: Hero (big blind) showed [9c 9d] and lost with Pair of Nines and Pair of Eights
Seat 6: 9e82d076 showed [Qh Kh] and won ($2.16) with Pair of Kings and Pair of Eights


Poker Hand #HD1146624718: Hold'em No Limit  ($0.02/$0.05) - 2023/03/05 09:12:04
Table 'NLHBlue49' 6-max Seat #2 is the button
Seat 2: 8dab7972 ($5.77 in chips)
Seat 3: f8a8ab2b ($2.75 in chips)
Seat 4: 5f2c9e2b ($5.71 in chips)
Seat 5: Hero ($5.73 in chips)
Seat 6: 9e82d076 ($4.78 in chips)
f8a8ab2b: posts small blind $0.02
5f2c9e2b: posts big blind $0.05
*** HOLE CARDS ***
Dealt to 8dab7972 
Dealt to f8a8ab2b 
Dealt to 5f2c9e2b 
Dealt to Hero [4d 5d]
Dealt to 9e82d076 
Hero: raises $0.07 to $0.12
9e82d076: calls $0.12
8dab7972: folds
f8a8ab2b: folds
5f2c9e2b: folds
*** FLOP *** [As 4s Jh]
Hero: bets $0.16
9e82d076: calls $0.16
*** TURN *** [As 4s Jh] [Kc]
Hero: bets $0.48
9e82d076: folds
Uncalled bet ($0.48) returned to Hero
*** SHOWDOWN ***
Hero collected $0.6 from pot
*** SUMMARY ***
Total pot $0.63 | Rake $0.03 | Jackpot $0 | Bingo $0 | Fortune $0
Board [As 4s Jh Kc]
Seat 2: 8dab7972 (button) folded before Flop (didn't bet)
Seat 3: f8a8ab2b (small blind) folded before Flop
Seat 4: 5f2c9e2b (big blind) folded before Flop
Seat 5: Hero won ($0.6)
Seat 6: 9e82d076 folded on the Turn


Poker Hand #HD1146624576: Hold'em No Limit  ($0.02/$0.05) - 2023/03/05 09:10:50
Table 'NLHBlue49' 6-max Seat #6 is the button
Seat 2: 8dab7972 ($5.79 in chips)
Seat 3: f8a8ab2b ($2.85 in chips)
Seat 4: 5f2c9e2b ($5.71 in chips)
Seat 5: Hero ($5.73 in chips)
Seat 6: 9e82d076 ($4.67 in chips)
8dab7972: posts small blind $0.02
f8a8ab2b: posts big blind $0.05
*** HOLE CARDS ***
Dealt to 8dab7972 
Dealt to f8a8ab2b 
Dealt to 5f2c9e2b 
Dealt to Hero [8h 7s]
Dealt to 9e82d076 
5f2c9e2b: folds
Hero: folds
9e82d076: calls $0.05
8dab7972: folds
f8a8ab2b: checks
*** FLOP *** [Js 6d 2c]
f8a8ab2b: checks
9e82d076: bets $0.05
f8a8ab2b: calls $0.05
*** TURN *** [Js 6d 2c] [5s]
f8a8ab2b: checks
9e82d076: checks
*** RIVER *** [Js 6d 2c 5s] [4h]
f8a8ab2b: checks
9e82d076: checks
f8a8ab2b: shows [Ac 9d] (Ace-High)
9e82d076: shows [As 2s] (Pair of Twos)
*** SHOWDOWN ***
9e82d076 collected $0.21 from pot
*** SUMMARY ***
Total pot $0.22 | Rake $0.01 | Jackpot $0 | Bingo $0 | Fortune $0
Board [Js 6d 2c 5s 4h]
Seat 2: 8dab7972 (small blind) folded before Flop
Seat 3: f8a8ab2b (big blind) showed [Ac 9d] and lost with Ace-High
Seat 4: 5f2c9e2b folded before Flop (didn't bet)
Seat 5: Hero folded before Flop (didn't bet)
Seat 6: 9e82d076 (button) showed [As 2s] and won ($0.21) with Pair of Twos


Poker Hand #HD1146624470: Hold'em No Limit  ($0.02/$0.05) - 2023/03/05 09:10:00
Table 'NLHBlue49' 6-max Seat #5 is the button
Seat 1: 513fcf93 ($4.05 in chips)
Seat 2: 8dab7972 ($5.79 in chips)
Seat 3: f8a8ab2b ($2.85 in chips)
Seat 4: 5f2c9e2b ($5.71 in chips)
Seat 5: Hero ($5.57 in chips)
Seat 6: 9e82d076 ($4.79 in chips)
9e82d076: posts small blind $0.02
513fcf93: posts big blind $0.05
*** HOLE CARDS ***
Dealt to 513fcf93 
Dealt to 8dab7972 
Dealt to f8a8ab2b 
Dealt to 5f2c9e2b 
Dealt to Hero [Jd Kd]
Dealt to 9e82d076 
8dab7972: folds
f8a8ab2b: folds
5f2c9e2b: folds
Hero: raises $0.07 to $0.12
9e82d076: calls $0.1
513fcf93: folds
*** FLOP *** [7h 3h Qd]
9e82d076: checks
Hero: bets $0.16
9e82d076: folds
Uncalled bet ($0.16) returned to Hero
*** SHOWDOWN ***
Hero collected $0.28 from pot
*** SUMMARY ***
Total pot $0.29 | Rake $0.01 | Jackpot $0 | Bingo $0 | Fortune $0
Board [7h 3h Qd]
Seat 1: 513fcf93 (big blind) folded before Flop
Seat 2: 8dab7972 folded before Flop (didn't bet)
Seat 3: f8a8ab2b folded before Flop (didn't bet)
Seat 4: 5f2c9e2b folded before Flop (didn't bet)
Seat 5: Hero (button) won ($0.28)
Seat 6: 9e82d076 (small blind) folded on the Flop


Poker Hand #HD1146624350: Hold'em No Limit  ($0.02/$0.05) - 2023/03/05 09:09:03
Table 'NLHBlue49' 6-max Seat #4 is the button
Seat 1: 513fcf93 ($4.43 in chips)
Seat 2: 8dab7972 ($5.79 in chips)
Seat 3: f8a8ab2b ($2.85 in chips)
Seat 4: 5f2c9e2b ($5.71 in chips)
Seat 5: Hero ($5.59 in chips)
Seat 6: 9e82d076 ($4.43 in chips)
Hero: posts small blind $0.02
9e82d076: posts big blind $0.05
*** HOLE CARDS ***
Dealt to 513fcf93 
Dealt to 8dab7972 
Dealt to f8a8ab2b 
Dealt to 5f2c9e2b 
Dealt to Hero [As Td]
Dealt to 9e82d076 
513fcf93: raises $0.05 to $0.1
8dab7972: folds
f8a8ab2b: folds
5f2c9e2b: folds
Hero: folds
9e82d076: calls $0.05
*** FLOP *** [6c Qc Ah]
9e82d076: checks
513fcf93: checks
*** TURN *** [6c Qc Ah] [5h]
9e82d076: checks
513fcf93: bets $0.08
9e82d076: calls $0.08
*** RIVER *** [6c Qc Ah 5h] [Jh]
9e82d076: bets $0.2
513fcf93: calls $0.2
9e82d076: shows [9h 4h] (Ace High Flush)
513fcf93: shows [4c Ac] (Pair of Aces)
*** SHOWDOWN ***
9e82d076 collected $0.74 from pot
*** SUMMARY ***
Total pot $0.78 | Rake $0.04 | Jackpot $0 | Bingo $0 | Fortune $0
Board [6c Qc Ah 5h Jh]
Seat 1: 513fcf93 showed [4c Ac] and lost with Pair of Aces
Seat 2: 8dab7972 folded before Flop (didn't bet)
Seat 3: f8a8ab2b folded before Flop (didn't bet)
Seat 4: 5f2c9e2b (button) folded before Flop (didn't bet)
Seat 5: Hero (small blind) folded before Flop
Seat 6: 9e82d076 (big blind) showed [9h 4h] and won ($0.74) with Ace High Flush


Poker Hand #HD1146624236: Hold'em No Limit  ($0.02/$0.05) - 2023/03/05 09:08:11
Table 'NLHBlue49' 6-max Seat #3 is the button
Seat 1: 513fcf93 ($4.43 in chips)
Seat 2: 8dab7972 ($5.79 in chips)
Seat 3: f8a8ab2b ($2.85 in chips)
Seat 4: 5f2c9e2b ($5.73 in chips)
Seat 5: Hero ($5.47 in chips)
Seat 6: 9e82d076 ($4.54 in chips)
5f2c9e2b: posts small blind $0.02
Hero: posts big blind $0.05
*** HOLE CARDS ***
Dealt to 513fcf93 
Dealt to 8dab7972 
Dealt to f8a8ab2b 
Dealt to 5f2c9e2b 
Dealt to Hero [Ad 4h]
Dealt to 9e82d076 
9e82d076: calls $0.05
513fcf93: folds
8dab7972: folds
f8a8ab2b: folds
5f2c9e2b: folds
Hero: checks
*** FLOP *** [Td Qc 5c]
Hero: checks
9e82d076: checks
*** TURN *** [Td Qc 5c] [Ah]
Hero: bets $0.06
9e82d076: calls $0.06
*** RIVER *** [Td Qc 5c Ah] [Qd]
Hero: checks
9e82d076: checks
Hero: shows [Ad 4h] (Pair of Aces and Pair of Queens)
9e82d076: shows [7c 7d] (Pair of Queens and Pair of Sevens)
*** SHOWDOWN ***
Hero collected $0.23 from pot
*** SUMMARY ***
Total pot $0.24 | Rake $0.01 | Jackpot $0 | Bingo $0 | Fortune $0
Board [Td Qc 5c Ah Qd]
Seat 1: 513fcf93 folded before Flop (didn't bet)
Seat 2: 8dab7972 folded before Flop (didn't bet)
Seat 3: f8a8ab2b (button) folded before Flop (didn't bet)
Seat 4: 5f2c9e2b (small blind) folded before Flop
Seat 5: Hero (big blind) showed [Ad 4h] and won ($0.23) with Pair of Aces and Pair of Queens
Seat 6: 9e82d076 showed [7c 7d] and lost with Pair of Queens and Pair of Sevens


Poker Hand #HD1146624131: Hold'em No Limit  ($0.02/$0.05) - 2023/03/05 09:07:21
Table 'NLHBlue49' 6-max Seat #2 is the button
Seat 1: 513fcf93 ($4.48 in chips)
Seat 2: 8dab7972 ($5.79 in chips)
Seat 3: f8a8ab2b ($2.75 in chips)
Seat 4: 5f2c9e2b ($5.78 in chips)
Seat 5: Hero ($5.47 in chips)
Seat 6: 9e82d076 ($4.54 in chips)
f8a8ab2b: posts small blind $0.02
5f2c9e2b: posts big blind $0.05
*** HOLE CARDS ***
Dealt to 513fcf93 
Dealt to 8dab7972 
Dealt to f8a8ab2b 
Dealt to 5f2c9e2b 
Dealt to Hero [Qh Ts]
Dealt to 9e82d076 
Hero: folds
9e82d076: folds
513fcf93: calls $0.05
8dab7972: folds
f8a8ab2b: calls $0.03
5f2c9e2b: checks
*** FLOP *** [5c 3c Th]
f8a8ab2b: checks
5f2c9e2b: checks
513fcf93: checks
*** TURN *** [5c 3c Th] [Js]
f8a8ab2b: bets $0.08
5f2c9e2b: folds
513fcf93: folds
Uncalled bet ($0.08) returned to f8a8ab2b
*** SHOWDOWN ***
f8a8ab2b collected $0.15 from pot
*** SUMMARY ***
Total pot $0.15 | Rake $0 | Jackpot $0 | Bingo $0 | Fortune $0
Board [5c 3c Th Js]
Seat 1: 513fcf93 folded on the Turn
Seat 2: 8dab7972 (button) folded before Flop (didn't bet)
Seat 3: f8a8ab2b (small blind) won ($0.15)
Seat 4: 5f2c9e2b (big blind) folded on the Turn
Seat 5: Hero folded before Flop (didn't bet)
Seat 6: 9e82d076 folded before Flop (didn't bet)


Poker Hand #HD1146624028: Hold'em No Limit  ($0.02/$0.05) - 2023/03/05 09:06:30
Table 'NLHBlue49' 6-max Seat #1 is the button
Seat 1: 513fcf93 ($4.41 in chips)
Seat 2: 8dab7972 ($5.81 in chips)
Seat 3: f8a8ab2b ($2.8 in chips)
Seat 4: 5f2c9e2b ($5.78 in chips)
Seat 5: Hero ($5.47 in chips)
Seat 6: 9e82d076 ($4.54 in chips)
8dab7972: posts small blind $0.02
f8a8ab2b: posts big blind $0.05
*** HOLE CARDS ***
Dealt to 513fcf93 
Dealt to 8dab7972 
Dealt to f8a8ab2b 
Dealt to 5f2c9e2b 
Dealt to Hero [8c 3s]
Dealt to 9e82d076 
5f2c9e2b: folds
Hero: folds
9e82d076: folds
513fcf93: calls $0.05
8dab7972: folds
f8a8ab2b: checks
*** FLOP *** [5d Kd 6s]
f8a8ab2b: checks
513fcf93: checks
*** TURN *** [5d Kd 6s] [Js]
f8a8ab2b: checks
513fcf93: bets $0.06
f8a8ab2b: folds
Uncalled bet ($0.06) returned to 513fcf93
*** SHOWDOWN ***
513fcf93 collected $0.12 from pot
*** SUMMARY ***
Total pot $0.12 | Rake $0 | Jackpot $0 | Bingo $0 | Fortune $0
Board [5d Kd 6s Js]
Seat 1: 513fcf93 (button) won ($0.12)
Seat 2: 8dab7972 (small blind) folded before Flop
Seat 3: f8a8ab2b (big blind) folded on the Turn
Seat 4: 5f2c9e2b folded before Flop (didn't bet)
Seat 5: Hero folded before Flop (didn't bet)
Seat 6: 9e82d076 folded before Flop (didn't bet)


Poker Hand #HD1146623923: Hold'em No Limit  ($0.02/$0.05) - 2023/03/05 09:05:43
Table 'NLHBlue49' 6-max Seat #6 is the button
Seat 1: 513fcf93 ($4.52 in chips)
Seat 2: 8dab7972 ($5.86 in chips)
Seat 3: f8a8ab2b ($2.8 in chips)
Seat 4: 5f2c9e2b ($5.63 in chips)
Seat 5: Hero ($5.47 in chips)
Seat 6: 9e82d076 ($4.54 in chips)
513fcf93: posts small blind $0.02
8dab7972: posts big blind $0.05
*** HOLE CARDS ***
Dealt to 513fcf93 
Dealt to 8dab7972 
Dealt to f8a8ab2b 
Dealt to 5f2c9e2b 
Dealt to Hero [Ts 4d]
Dealt to 9e82d076 
f8a8ab2b: folds
5f2c9e2b: raises $0.06 to $0.11
Hero: folds
9e82d076: folds
513fcf93: calls $0.09
8dab7972: folds
*** FLOP *** [As 6d 4h]
513fcf93: checks
5f2c9e2b: bets $0.09
513fcf93: folds
Uncalled bet ($0.09) returned to 5f2c9e2b
*** SHOWDOWN ***
5f2c9e2b collected $0.26 from pot
*** SUMMARY ***
Total pot $0.27 | Rake $0.01 | Jackpot $0 | Bingo $0 | Fortune $0
Board [As 6d 4h]
Seat 1: 513fcf93 (small blind) folded on the Flop
Seat 2: 8dab7972 (big blind) folded before Flop
Seat 3: f8a8ab2b folded before Flop (didn't bet)
Seat 4: 5f2c9e2b won ($0.26)
Seat 5: Hero folded before Flop (didn't bet)
Seat 6: 9e82d076 (button) folded before Flop (didn't bet)


Poker Hand #HD1146623844: Hold'em No Limit  ($0.02/$0.05) - 2023/03/05 09:05:05
Table 'NLHBlue49' 6-max Seat #5 is the button
Seat 1: 513fcf93 ($4.57 in chips)
Seat 2: 8dab7972 ($5.86 in chips)
Seat 3: f8a8ab2b ($2.9 in chips)
Seat 4: 5f2c9e2b ($5.47 in chips)
Seat 5: Hero ($5.47 in chips)
Seat 6: 9e82d076 ($4.56 in chips)
9e82d076: posts small blind $0.02
513fcf93: posts big blind $0.05
*** HOLE CARDS ***
Dealt to 513fcf93 
Dealt to 8dab7972 
Dealt to f8a8ab2b 
Dealt to 5f2c9e2b 
Dealt to Hero [9c 6d]
Dealt to 9e82d076 
8dab7972: folds
f8a8ab2b: raises $0.05 to $0.1
5f2c9e2b: raises $0.22 to $0.32
Hero: folds
9e82d076: folds
513fcf93: folds
f8a8ab2b: folds
Uncalled bet ($0.22) returned to 5f2c9e2b
*** SHOWDOWN ***
5f2c9e2b collected $0.26 from pot
*** SUMMARY ***
Total pot $0.27 | Rake $0.01 | Jackpot $0 | Bingo $0 | Fortune $0
Seat 1: 513fcf93 (big blind) folded before Flop
Seat 2: 8dab7972 folded before Flop (didn't bet)
Seat 3: f8a8ab2b folded before Flop
Seat 4: 5f2c9e2b collected ($0.26)
Seat 5: Hero (button) folded before Flop (didn't bet)
Seat 6: 9e82d076 (small blind) folded before Flop


Poker Hand #HD1146623691: Hold'em No Limit  ($0.02/$0.05) - 2023/03/05 09:03:50
Table 'NLHBlue49' 6-max Seat #4 is the button
Seat 1: 513fcf93 ($4.57 in chips)
Seat 2: 8dab7972 ($5.99 in chips)
Seat 3: f8a8ab2b ($3.03 in chips)
Seat 4: 5f2c9e2b ($5.47 in chips)
Seat 5: Hero ($5.49 in chips)
Seat 6: 9e82d076 ($4.3 in chips)
Hero: posts small blind $0.02
9e82d076: posts big blind $0.05
*** HOLE CARDS ***
Dealt to 513fcf93 
Dealt to 8dab7972 
Dealt to f8a8ab2b 
Dealt to 5f2c9e2b 
Dealt to Hero [Kc 7h]
Dealt to 9e82d076 
513fcf93: folds
8dab7972: raises $0.08 to $0.13
f8a8ab2b: calls $0.13
5f2c9e2b: folds
Hero: folds
9e82d076: calls $0.08
*** FLOP *** [2h 8s 6c]
9e82d076: checks
8dab7972: checks
f8a8ab2b: checks
*** TURN *** [2h 8s 6c] [Jd]
9e82d076: checks
8dab7972: checks
f8a8ab2b: checks
*** RIVER *** [2h 8s 6c Jd] [Js]
9e82d076: bets $0.15
8dab7972: folds
f8a8ab2b: folds
Uncalled bet ($0.15) returned to 9e82d076
*** SHOWDOWN ***
9e82d076 collected $0.39 from pot
*** SUMMARY ***
Total pot $0.41 | Rake $0.02 | Jackpot $0 | Bingo $0 | Fortune $0
Board [2h 8s 6c Jd Js]
Seat 1: 513fcf93 folded before Flop (didn't bet)
Seat 2: 8dab7972 folded on the River
Seat 3: f8a8ab2b folded on the River
Seat 4: 5f2c9e2b (button) folded before Flop (didn't bet)
Seat 5: Hero (small blind) folded before Flop
Seat 6: 9e82d076 (big blind) won ($0.39)


Poker Hand #HD1146623594: Hold'em No Limit  ($0.02/$0.05) - 2023/03/05 09:03:06
Table 'NLHBlue49' 6-max Seat #3 is the button
Seat 1: 513fcf93 ($4.57 in chips)
Seat 2: 8dab7972 ($5.99 in chips)
Seat 3: f8a8ab2b ($2.8 in chips)
Seat 4: 5f2c9e2b ($5.49 in chips)
Seat 5: Hero ($5.54 in chips)
Seat 6: 9e82d076 ($4.48 in chips)
5f2c9e2b: posts small blind $0.02
Hero: posts big blind $0.05
*** HOLE CARDS ***
Dealt to 513fcf93 
Dealt to 8dab7972 
Dealt to f8a8ab2b 
Dealt to 5f2c9e2b 
Dealt to Hero [3h Ts]
Dealt to 9e82d076 
9e82d076: calls $0.05
513fcf93: folds
8dab7972: folds
f8a8ab2b: raises $0.13 to $0.18
5f2c9e2b: folds
Hero: folds
9e82d076: calls $0.13
*** FLOP *** [6s 4s 2d]
9e82d076: checks
f8a8ab2b: bets $0.22
9e82d076: folds
Uncalled bet ($0.22) returned to f8a8ab2b
*** SHOWDOWN ***
f8a8ab2b collected $0.41 from pot
*** SUMMARY ***
Total pot $0.43 | Rake $0.02 | Jackpot $0 | Bingo $0 | Fortune $0
Board [6s 4s 2d]
Seat 1: 513fcf93 folded before Flop (didn't bet)
Seat 2: 8dab7972 folded before Flop (didn't bet)
Seat 3: f8a8ab2b (button) won ($0.41)
Seat 4: 5f2c9e2b (small blind) folded before Flop
Seat 5: Hero (big blind) folded before Flop
Seat 6: 9e82d076 folded on the Flop


Poker Hand #HD1146622661: Hold'em No Limit  ($0.02/$0.05) - 2023/03/05 08:55:46
Table 'NLHBlue49' 6-max Seat #2 is the button
Seat 1: 513fcf93 ($4.63 in chips)
Seat 2: 8dab7972 ($6.01 in chips)
Seat 3: f8a8ab2b ($2.52 in chips)
Seat 4: 5f2c9e2b ($5.61 in chips)
Seat 5: Hero ($5.07 in chips)
Seat 6: 9e82d076 ($4.68 in chips)
f8a8ab2b: posts small blind $0.02
5f2c9e2b: posts big blind $0.05
*** HOLE CARDS ***
Dealt to 513fcf93 
Dealt to 8dab7972 
Dealt to f8a8ab2b 
Dealt to 5f2c9e2b 
Dealt to Hero [Ad 6d]
Dealt to 9e82d076 
Hero: raises $0.07 to $0.12
9e82d076: folds
513fcf93: folds
8dab7972: folds
f8a8ab2b: calls $0.1
5f2c9e2b: folds
*** FLOP *** [Jd 6c Kd]
f8a8ab2b: checks
Hero: bets $0.1
f8a8ab2b: calls $0.1
*** TURN *** [Jd 6c Kd] [4h]
f8a8ab2b: checks
Hero: bets $0.25
f8a8ab2b: calls $0.25
*** RIVER *** [Jd 6c Kd 4h] [3d]
f8a8ab2b: checks
Hero: bets $0.75
f8a8ab2b: folds
Uncalled bet ($0.75) returned to Hero
*** SHOWDOWN ***
Hero collected $0.94 from pot
*** SUMMARY ***
Total pot $0.99 | Rake $0.05 | Jackpot $0 | Bingo $0 | Fortune $0
Board [Jd 6c Kd 4h 3d]
Seat 1: 513fcf93 folded before Flop (didn't bet)
Seat 2: 8dab7972 (button) folded before Flop (didn't bet)
Seat 3: f8a8ab2b (small blind) folded on the River
Seat 4: 5f2c9e2b (big blind) folded before Flop
Seat 5: Hero won ($0.94)
Seat 6: 9e82d076 folded before Flop (didn't bet)


Poker Hand #HD1146622606: Hold'em No Limit  ($0.02/$0.05) - 2023/03/05 08:55:22
Table 'NLHBlue49' 6-max Seat #1 is the button
Seat 1: 513fcf93 ($4.63 in chips)
Seat 2: 8dab7972 ($6.03 in chips)
Seat 3: f8a8ab2b ($2.5 in chips)
Seat 4: 5f2c9e2b ($5.61 in chips)
Seat 5: Hero ($5.07 in chips)
Seat 6: 9e82d076 ($4.68 in chips)
8dab7972: posts small blind $0.02
f8a8ab2b: posts big blind $0.05
*** HOLE CARDS ***
Dealt to 513fcf93 
Dealt to 8dab7972 
Dealt to f8a8ab2b 
Dealt to 5f2c9e2b 
Dealt to Hero [3s 9h]
Dealt to 9e82d076 
5f2c9e2b: folds
Hero: folds
9e82d076: folds
513fcf93: folds
8dab7972: folds
Uncalled bet ($0.03) returned to f8a8ab2b
*** SHOWDOWN ***
f8a8ab2b collected $0.04 from pot
*** SUMMARY ***
Total pot $0.04 | Rake $0 | Jackpot $0 | Bingo $0 | Fortune $0
Seat 1: 513fcf93 (button) folded before Flop (didn't bet)
Seat 2: 8dab7972 (small blind) folded before Flop
Seat 3: f8a8ab2b (big blind) collected ($0.04)
Seat 4: 5f2c9e2b folded before Flop (didn't bet)
Seat 5: Hero folded before Flop (didn't bet)
Seat 6: 9e82d076 folded before Flop (didn't bet)


Poker Hand #HD1146622517: Hold'em No Limit  ($0.02/$0.05) - 2023/03/05 08:54:35
Table 'NLHBlue49' 6-max Seat #6 is the button
Seat 1: 513fcf93 ($4.68 in chips)
Seat 2: 8dab7972 ($6.08 in chips)
Seat 3: f8a8ab2b ($2.5 in chips)
Seat 4: 5f2c9e2b ($5.61 in chips)
Seat 5: Hero ($5.07 in chips)
Seat 6: 9e82d076 ($4.58 in chips)
513fcf93: posts small blind $0.02
8dab7972: posts big blind $0.05
*** HOLE CARDS ***
Dealt to 513fcf93 
Dealt to 8dab7972 
Dealt to f8a8ab2b 
Dealt to 5f2c9e2b 
Dealt to Hero [Th 4s]
Dealt to 9e82d076 
f8a8ab2b: folds
5f2c9e2b: folds
Hero: folds
9e82d076: calls $0.05
513fcf93: calls $0.03
8dab7972: checks
*** FLOP *** [5d 8c 6h]
513fcf93: checks
8dab7972: checks
9e82d076: bets $0.1
513fcf93: folds
8dab7972: folds
Uncalled bet ($0.1) returned to 9e82d076
*** SHOWDOWN ***
9e82d076 collected $0.15 from pot
*** SUMMARY ***
Total pot $0.15 | Rake $0 | Jackpot $0 | Bingo $0 | Fortune $0
Board [5d 8c 6h]
Seat 1: 513fcf93 (small blind) folded on the Flop
Seat 2: 8dab7972 (big blind) folded on the Flop
Seat 3: f8a8ab2b folded before Flop (didn't bet)
Seat 4: 5f2c9e2b folded before Flop (didn't bet)
Seat 5: Hero folded before Flop (didn't bet)
Seat 6: 9e82d076 (button) won ($0.15)


Poker Hand #HD1146622478: Hold'em No Limit  ($0.02/$0.05) - 2023/03/05 08:54:17
Table 'NLHBlue49' 6-max Seat #5 is the button
Seat 1: 513fcf93 ($4.73 in chips)
Seat 2: 8dab7972 ($6.08 in chips)
Seat 3: f8a8ab2b ($2.5 in chips)
Seat 4: 5f2c9e2b ($5.61 in chips)
Seat 5: Hero ($5 in chips)
Seat 6: 9e82d076 ($4.6 in chips)
9e82d076: posts small blind $0.02
513fcf93: posts big blind $0.05
*** HOLE CARDS ***
Dealt to 513fcf93 
Dealt to 8dab7972 
Dealt to f8a8ab2b 
Dealt to 5f2c9e2b 
Dealt to Hero [9s 7s]
Dealt to 9e82d076 
8dab7972: folds
f8a8ab2b: folds
5f2c9e2b: folds
Hero: raises $0.07 to $0.12
9e82d076: folds
513fcf93: folds
Uncalled bet ($0.07) returned to Hero
*** SHOWDOWN ***
Hero collected $0.12 from pot
*** SUMMARY ***
Total pot $0.12 | Rake $0 | Jackpot $0 | Bingo $0 | Fortune $0
Seat 1: 513fcf93 (big blind) folded before Flop
Seat 2: 8dab7972 folded before Flop (didn't bet)
Seat 3: f8a8ab2b folded before Flop (didn't bet)
Seat 4: 5f2c9e2b folded before Flop (didn't bet)
Seat 5: Hero (button) collected ($0.12)
Seat 6: 9e82d076 (small blind) folded before Flop


Poker Hand #HD1146622385: Hold'em No Limit  ($0.02/$0.05) - 2023/03/05 08:53:29
Table 'NLHBlue49' 6-max Seat #4 is the button
Seat 1: 513fcf93 ($4.62 in chips)
Seat 2: 8dab7972 ($6.08 in chips)
Seat 3: f8a8ab2b ($2.5 in chips)
Seat 4: 5f2c9e2b ($5.61 in chips)
Seat 5: Hero ($5 in chips)
Seat 6: 9e82d076 ($4.7 in chips)
Hero: posts small blind $0.02
9e82d076: posts big blind $0.05
*** HOLE CARDS ***
Dealt to 513fcf93 
Dealt to 8dab7972 
Dealt to f8a8ab2b 
Dealt to 5f2c9e2b 
Dealt to Hero [Ad 4s]
Dealt to 9e82d076 
513fcf93: raises $0.05 to $0.1
8dab7972: folds
f8a8ab2b: folds
5f2c9e2b: folds
Hero: folds
9e82d076: calls $0.05
*** FLOP *** [4h 8s Ac]
9e82d076: checks
513fcf93: bets $0.08
9e82d076: folds
Uncalled bet ($0.08) returned to 513fcf93
*** SHOWDOWN ***
513fcf93 collected $0.21 from pot
*** SUMMARY ***
Total pot $0.22 | Rake $0.01 | Jackpot $0 | Bingo $0 | Fortune $0
Board [4h 8s Ac]
Seat 1: 513fcf93 won ($0.21)
Seat 2: 8dab7972 folded before Flop (didn't bet)
Seat 3: f8a8ab2b folded before Flop (didn't bet)
Seat 4: 5f2c9e2b (button) folded before Flop (didn't bet)
Seat 5: Hero (small blind) folded before Flop
Seat 6: 9e82d076 (big blind) folded on the Flop


Poker Hand #HD1146622284: Hold'em No Limit  ($0.02/$0.05) - 2023/03/05 08:52:37
Table 'NLHBlue49' 6-max Seat #3 is the button
Seat 1: 513fcf93 ($4.62 in chips)
Seat 2: 8dab7972 ($5.78 in chips)
Seat 3: f8a8ab2b ($2.5 in chips)
Seat 4: 5f2c9e2b ($5.63 in chips)
Seat 5: Hero ($5 in chips)
Seat 6: 9e82d076 ($4.96 in chips)
5f2c9e2b: posts small blind $0.02
Hero: posts big blind $0.05
*** HOLE CARDS ***
Dealt to 513fcf93 
Dealt to 8dab7972 
Dealt to f8a8ab2b 
Dealt to 5f2c9e2b 
Dealt to Hero [8d Js]
Dealt to 9e82d076 
9e82d076: calls $0.05
513fcf93: folds
8dab7972: raises $0.06 to $0.11
f8a8ab2b: folds
5f2c9e2b: folds
Hero: folds
9e82d076: calls $0.06
*** FLOP *** [Qh 6c Jh]
9e82d076: checks
8dab7972: bets $0.15
9e82d076: calls $0.15
*** TURN *** [Qh 6c Jh] [9c]
9e82d076: checks
8dab7972: bets $0.55
9e82d076: folds
Uncalled bet ($0.55) returned to 8dab7972
*** SHOWDOWN ***
8dab7972 collected $0.56 from pot
*** SUMMARY ***
Total pot $0.59 | Rake $0.03 | Jackpot $0 | Bingo $0 | Fortune $0
Board [Qh 6c Jh 9c]
Seat 1: 513fcf93 folded before Flop (didn't bet)
Seat 2: 8dab7972 won ($0.56)
Seat 3: f8a8ab2b (button) folded before Flop (didn't bet)
Seat 4: 5f2c9e2b (small blind) folded before Flop
Seat 5: Hero (big blind) folded before Flop
Seat 6: 9e82d076 folded on the Turn


Poker Hand #HD1146622209: Hold'em No Limit  ($0.02/$0.05) - 2023/03/05 08:52:02
Table 'NLHBlue49' 6-max Seat #2 is the button
Seat 1: 513fcf93 ($4.62 in chips)
Seat 2: 8dab7972 ($5.78 in chips)
Seat 3: f8a8ab2b ($2.5 in chips)
Seat 4: 5f2c9e2b ($5.68 in chips)
Seat 5: Hero ($5 in chips)
Seat 6: 9e82d076 ($4.89 in chips)
f8a8ab2b: posts small blind $0.02
5f2c9e2b: posts big blind $0.05
*** HOLE CARDS ***
Dealt to 513fcf93 
Dealt to 8dab7972 
Dealt to f8a8ab2b 
Dealt to 5f2c9e2b 
Dealt to Hero [Kc 8d]
Dealt to 9e82d076 
Hero: folds
9e82d076: raises $0.05 to $0.1
513fcf93: folds
8dab7972: folds
f8a8ab2b: folds
5f2c9e2b: folds
Uncalled bet ($0.05) returned to 9e82d076
*** SHOWDOWN ***
9e82d076 collected $0.12 from pot
*** SUMMARY ***
Total pot $0.12 | Rake $0 | Jackpot $0 | Bingo $0 | Fortune $0
Seat 1: 513fcf93 folded before Flop (didn't bet)
Seat 2: 8dab7972 (button) folded before Flop (didn't bet)
Seat 3: f8a8ab2b (small blind) folded before Flop
Seat 4: 5f2c9e2b (big blind) folded before Flop
Seat 5: Hero folded before Flop (didn't bet)
Seat 6: 9e82d076 collected ($0.12)


Poker Hand #HD1146622124: Hold'em No Limit  ($0.02/$0.05) - 2023/03/05 08:51:16
Table 'NLHBlue49' 6-max Seat #1 is the button
Seat 1: 513fcf93 ($4.55 in chips)
Seat 2: 8dab7972 ($5.8 in chips)
Seat 3: f8a8ab2b ($2.5 in chips)
Seat 4: 5f2c9e2b ($5.68 in chips)
Seat 5: Hero ($5 in chips)
Seat 6: 9e82d076 ($4.89 in chips)
8dab7972: posts small blind $0.02
f8a8ab2b: posts big blind $0.05
*** HOLE CARDS ***
Dealt to 513fcf93 
Dealt to 8dab7972 
Dealt to f8a8ab2b 
Dealt to 5f2c9e2b 
Dealt to Hero [9s 4c]
Dealt to 9e82d076 
5f2c9e2b: folds
Hero: folds
9e82d076: folds
513fcf93: calls $0.05
8dab7972: folds
f8a8ab2b: checks
*** FLOP *** [8c 4h 6s]
f8a8ab2b: checks
513fcf93: checks
*** TURN *** [8c 4h 6s] [9h]
f8a8ab2b: checks
513fcf93: checks
*** RIVER *** [8c 4h 6s 9h] [7h]
f8a8ab2b: checks
513fcf93: bets $0.06
f8a8ab2b: folds
Uncalled bet ($0.06) returned to 513fcf93
*** SHOWDOWN ***
513fcf93 collected $0.12 from pot
*** SUMMARY ***
Total pot $0.12 | Rake $0 | Jackpot $0 | Bingo $0 | Fortune $0
Board [8c 4h 6s 9h 7h]
Seat 1: 513fcf93 (button) won ($0.12)
Seat 2: 8dab7972 (small blind) folded before Flop
Seat 3: f8a8ab2b (big blind) folded on the River
Seat 4: 5f2c9e2b folded before Flop (didn't bet)
Seat 5: Hero folded before Flop (didn't bet)
Seat 6: 9e82d076 folded before Flop (didn't bet)


Poker Hand #HD1146622009: Hold'em No Limit  ($0.02/$0.05) - 2023/03/05 08:50:24
Table 'NLHBlue49' 6-max Seat #6 is the button
Seat 1: 513fcf93 ($4.57 in chips)
Seat 2: 8dab7972 ($5.9 in chips)
Seat 3: f8a8ab2b ($2.5 in chips)
Seat 4: 5f2c9e2b ($5.68 in chips)
Seat 5: Hero ($5 in chips)
Seat 6: 9e82d076 ($4.78 in chips)
513fcf93: posts small blind $0.02
8dab7972: posts big blind $0.05
*** HOLE CARDS ***
Dealt to 513fcf93 
Dealt to 8dab7972 
Dealt to f8a8ab2b 
Dealt to 5f2c9e2b 
Dealt to Hero [Ts 2s]
Dealt to 9e82d076 
f8a8ab2b: folds
5f2c9e2b: folds
Hero: folds
9e82d076: calls $0.05
513fcf93: folds
8dab7972: checks
*** FLOP *** [7s 4s 4h]
8dab7972: checks
9e82d076: checks
*** TURN *** [7s 4s 4h] [Jd]
8dab7972: checks
9e82d076: checks
*** RIVER *** [7s 4s 4h Jd] [Js]
8dab7972: bets $0.05
9e82d076: calls $0.05
8dab7972: shows [3s Tc] (Pair of Jacks and Pair of Fours)
9e82d076: shows [Ad 2c] (Pair of Jacks and Pair of Fours)
*** SHOWDOWN ***
9e82d076 collected $0.21 from pot
*** SUMMARY ***
Total pot $0.22 | Rake $0.01 | Jackpot $0 | Bingo $0 | Fortune $0
Board [7s 4s 4h Jd Js]
Seat 1: 513fcf93 (small blind) folded before Flop
Seat 2: 8dab7972 (big blind) showed [3s Tc] and lost with Pair of Jacks and Pair of Fours
Seat 3: f8a8ab2b folded before Flop (didn't bet)
Seat 4: 5f2c9e2b folded before Flop (didn't bet)
Seat 5: Hero folded before Flop (didn't bet)
Seat 6: 9e82d076 (button) showed [Ad 2c] and won ($0.21) with Pair of Jacks and Pair of Fours


Poker Hand #HD1146621955: Hold'em No Limit  ($0.02/$0.05) - 2023/03/05 08:50:00
Table 'NLHBlue49' 6-max Seat #5 is the button
Seat 1: 513fcf93 ($4.62 in chips)
Seat 2: 8dab7972 ($5.83 in chips)
Seat 3: f8a8ab2b ($2.5 in chips)
Seat 4: 5f2c9e2b ($5.68 in chips)
Seat 5: Hero ($5 in chips)
Seat 6: 9e82d076 ($4.8 in chips)
9e82d076: posts small blind $0.02
513fcf93: posts big blind $0.05
*** HOLE CARDS ***
Dealt to 513fcf93 
Dealt to 8dab7972 
Dealt to f8a8ab2b 
Dealt to 5f2c9e2b 
Dealt to Hero [Ks 6d]
Dealt to 9e82d076 
8dab7972: raises $0.08 to $0.13
f8a8ab2b: folds
5f2c9e2b: folds
Hero: folds
9e82d076: folds
513fcf93: folds
Uncalled bet ($0.08) returned to 8dab7972
*** SHOWDOWN ***
8dab7972 collected $0.12 from pot
*** SUMMARY ***
Total pot $0.12 | Rake $0 | Jackpot $0 | Bingo $0 | Fortune $0
Seat 1: 513fcf93 (big blind) folded before Flop
Seat 2: 8dab7972 collected ($0.12)
Seat 3: f8a8ab2b folded before Flop (didn't bet)
Seat 4: 5f2c9e2b folded before Flop (didn't bet)
Seat 5: Hero (button) folded before Flop (didn't bet)
Seat 6: 9e82d076 (small blind) folded before Flop


Poker Hand #HD1146621867: Hold'em No Limit  ($0.02/$0.05) - 2023/03/05 08:49:15
Table 'NLHBlue49' 6-max Seat #4 is the button
Seat 1: 513fcf93 ($4.62 in chips)
Seat 2: 8dab7972 ($5.83 in chips)
Seat 3: f8a8ab2b ($2.62 in chips)
Seat 4: 5f2c9e2b ($5.68 in chips)
Seat 5: Hero ($5 in chips)
Seat 6: 9e82d076 ($4.41 in chips)
Hero: posts small blind $0.02
9e82d076: posts big blind $0.05
*** HOLE CARDS ***
Dealt to 513fcf93 
Dealt to 8dab7972 
Dealt to f8a8ab2b 
Dealt to 5f2c9e2b 
Dealt to Hero [4h 8h]
Dealt to 9e82d076 
513fcf93: folds
8dab7972: folds
f8a8ab2b: raises $0.05 to $0.1
5f2c9e2b: folds
Hero: folds
9e82d076: calls $0.05
*** FLOP *** [2d 2s 5h]
9e82d076: checks
f8a8ab2b: bets $0.17
9e82d076: calls $0.17
*** TURN *** [2d 2s 5h] [Ah]
9e82d076: checks
f8a8ab2b: checks
*** RIVER *** [2d 2s 5h Ah] [9s]
9e82d076: bets $0.15
f8a8ab2b: calls $0.15
9e82d076: shows [As 3s] (Pair of Aces and Pair of Twos)
f8a8ab2b: shows [Kc Kd] (Pair of Kings and Pair of Twos)
*** SHOWDOWN ***
9e82d076 collected $0.81 from pot
*** SUMMARY ***
Total pot $0.86 | Rake $0.05 | Jackpot $0 | Bingo $0 | Fortune $0
Board [2d 2s 5h Ah 9s]
Seat 1: 513fcf93 folded before Flop (didn't bet)
Seat 2: 8dab7972 folded before Flop (didn't bet)
Seat 3: f8a8ab2b showed [Kc Kd] and lost with Pair of Kings and Pair of Twos
Seat 4: 5f2c9e2b (button) folded before Flop (didn't bet)
Seat 5: Hero (small blind) folded before Flop
Seat 6: 9e82d076 (big blind) showed [As 3s] and won ($0.81) with Pair of Aces and Pair of Twos


Poker Hand #HD1146621788: Hold'em No Limit  ($0.02/$0.05) - 2023/03/05 08:48:35
Table 'NLHBlue49' 6-max Seat #3 is the button
Seat 1: 513fcf93 ($4.62 in chips)
Seat 2: 8dab7972 ($5.83 in chips)
Seat 3: f8a8ab2b ($2.5 in chips)
Seat 4: 5f2c9e2b ($5.7 in chips)
Seat 5: Hero ($5.02 in chips)
Seat 6: 9e82d076 ($4.46 in chips)
5f2c9e2b: posts small blind $0.02
Hero: posts big blind $0.05
*** HOLE CARDS ***
Dealt to 513fcf93 
Dealt to 8dab7972 
Dealt to f8a8ab2b 
Dealt to 5f2c9e2b 
Dealt to Hero [5h 9h]
Dealt to 9e82d076 
9e82d076: calls $0.05
513fcf93: folds
8dab7972: folds
f8a8ab2b: raises $0.13 to $0.18
5f2c9e2b: folds
Hero: folds
9e82d076: folds
Uncalled bet ($0.13) returned to f8a8ab2b
*** SHOWDOWN ***
f8a8ab2b collected $0.17 from pot
*** SUMMARY ***
Total pot $0.17 | Rake $0 | Jackpot $0 | Bingo $0 | Fortune $0
Seat 1: 513fcf93 folded before Flop (didn't bet)
Seat 2: 8dab7972 folded before Flop (didn't bet)
Seat 3: f8a8ab2b (button) collected ($0.17)
Seat 4: 5f2c9e2b (small blind) folded before Flop
Seat 5: Hero (big blind) folded before Flop
Seat 6: 9e82d076 folded before Flop


Poker Hand #HD1146621665: Hold'em No Limit  ($0.02/$0.05) - 2023/03/05 08:47:24
Table 'NLHBlue49' 6-max Seat #2 is the button
Seat 1: 513fcf93 ($4.62 in chips)
Seat 2: 8dab7972 ($5.83 in chips)
Seat 3: f8a8ab2b ($2.52 in chips)
Seat 4: 5f2c9e2b ($6.4 in chips)
Seat 5: Hero ($5.02 in chips)
Seat 6: 9e82d076 ($3.82 in chips)
f8a8ab2b: posts small blind $0.02
5f2c9e2b: posts big blind $0.05
*** HOLE CARDS ***
Dealt to 513fcf93 
Dealt to 8dab7972 
Dealt to f8a8ab2b 
Dealt to 5f2c9e2b 
Dealt to Hero [5d 2s]
Dealt to 9e82d076 
Hero: folds
9e82d076: raises $0.05 to $0.1
513fcf93: folds
8dab7972: folds
f8a8ab2b: folds
5f2c9e2b: calls $0.05
*** FLOP *** [9c 6d As]
5f2c9e2b: checks
9e82d076: bets $0.2
5f2c9e2b: calls $0.2
*** TURN *** [9c 6d As] [Ks]
5f2c9e2b: checks
9e82d076: bets $0.4
5f2c9e2b: calls $0.4
*** RIVER *** [9c 6d As Ks] [Qs]
5f2c9e2b: checks
9e82d076: checks
5f2c9e2b: shows [8h 7c] (Ace-High)
9e82d076: shows [Ah Kh] (Pair of Aces and Pair of Kings)
*** SHOWDOWN ***
9e82d076 collected $1.34 from pot
*** SUMMARY ***
Total pot $1.42 | Rake $0.08 | Jackpot $0 | Bingo $0 | Fortune $0
Board [9c 6d As Ks Qs]
Seat 1: 513fcf93 folded before Flop (didn't bet)
Seat 2: 8dab7972 (button) folded before Flop (didn't bet)
Seat 3: f8a8ab2b (small blind) folded before Flop
Seat 4: 5f2c9e2b (big blind) showed [8h 7c] and lost with Ace-High
Seat 5: Hero folded before Flop (didn't bet)
Seat 6: 9e82d076 showed [Ah Kh] and won ($1.34) with Pair of Aces and Pair of Kings


Poker Hand #HD1146621638: Hold'em No Limit  ($0.02/$0.05) - 2023/03/05 08:47:08
Table 'NLHBlue49' 6-max Seat #1 is the button
Seat 1: 513fcf93 ($4.62 in chips)
Seat 2: 8dab7972 ($5.85 in chips)
Seat 3: f8a8ab2b ($2.5 in chips)
Seat 4: 5f2c9e2b ($6.4 in chips)
Seat 5: Hero ($5.02 in chips)
Seat 6: 9e82d076 ($3.82 in chips)
8dab7972: posts small blind $0.02
f8a8ab2b: posts big blind $0.05
*** HOLE CARDS ***
Dealt to 513fcf93 
Dealt to 8dab7972 
Dealt to f8a8ab2b 
Dealt to 5f2c9e2b 
Dealt to Hero [6h 4s]
Dealt to 9e82d076 
5f2c9e2b: folds
Hero: folds
9e82d076: folds
513fcf93: folds
8dab7972: folds
Uncalled bet ($0.03) returned to f8a8ab2b
*** SHOWDOWN ***
f8a8ab2b collected $0.04 from pot
*** SUMMARY ***
Total pot $0.04 | Rake $0 | Jackpot $0 | Bingo $0 | Fortune $0
Seat 1: 513fcf93 (button) folded before Flop (didn't bet)
Seat 2: 8dab7972 (small blind) folded before Flop
Seat 3: f8a8ab2b (big blind) collected ($0.04)
Seat 4: 5f2c9e2b folded before Flop (didn't bet)
Seat 5: Hero folded before Flop (didn't bet)
Seat 6: 9e82d076 folded before Flop (didn't bet)


Poker Hand #HD1146621534: Hold'em No Limit  ($0.02/$0.05) - 2023/03/05 08:46:12
Table 'NLHBlue49' 6-max Seat #6 is the button
Seat 1: 513fcf93 ($4.64 in chips)
Seat 2: 8dab7972 ($5.78 in chips)
Seat 3: f8a8ab2b ($2.5 in chips)
Seat 4: 5f2c9e2b ($6.4 in chips)
Seat 5: Hero ($5.02 in chips)
Seat 6: 9e82d076 ($3.87 in chips)
513fcf93: posts small blind $0.02
8dab7972: posts big blind $0.05
*** HOLE CARDS ***
Dealt to 513fcf93 
Dealt to 8dab7972 
Dealt to f8a8ab2b 
Dealt to 5f2c9e2b 
Dealt to Hero [3s Js]
Dealt to 9e82d076 
f8a8ab2b: folds
5f2c9e2b: folds
Hero: folds
9e82d076: calls $0.05
513fcf93: folds
8dab7972: checks
*** FLOP *** [6h Ks 4c]
8dab7972: checks
9e82d076: checks
*** TURN *** [6h Ks 4c] [7h]
8dab7972: bets $0.18
9e82d076: folds
Uncalled bet ($0.18) returned to 8dab7972
*** SHOWDOWN ***
8dab7972 collected $0.12 from pot
*** SUMMARY ***
Total pot $0.12 | Rake $0 | Jackpot $0 | Bingo $0 | Fortune $0
Board [6h Ks 4c 7h]
Seat 1: 513fcf93 (small blind) folded before Flop
Seat 2: 8dab7972 (big blind) won ($0.12)
Seat 3: f8a8ab2b folded before Flop (didn't bet)
Seat 4: 5f2c9e2b folded before Flop (didn't bet)
Seat 5: Hero folded before Flop (didn't bet)
Seat 6: 9e82d076 (button) folded on the Turn


Poker Hand #HD1146621427: Hold'em No Limit  ($0.02/$0.05) - 2023/03/05 08:45:18
Table 'NLHBlue49' 6-max Seat #5 is the button
Seat 1: 513fcf93 ($4.37 in chips)
Seat 2: 8dab7972 ($6.05 in chips)
Seat 3: f8a8ab2b ($2.5 in chips)
Seat 4: 5f2c9e2b ($6.4 in chips)
Seat 5: Hero ($5.02 in chips)
Seat 6: 9e82d076 ($3.89 in chips)
9e82d076: posts small blind $0.02
513fcf93: posts big blind $0.05
*** HOLE CARDS ***
Dealt to 513fcf93 
Dealt to 8dab7972 
Dealt to f8a8ab2b 
Dealt to 5f2c9e2b 
Dealt to Hero [Kh 4d]
Dealt to 9e82d076 
8dab7972: raises $0.08 to $0.13
f8a8ab2b: folds
5f2c9e2b: folds
Hero: folds
9e82d076: folds
513fcf93: raises $0.14 to $0.27
8dab7972: calls $0.14
*** FLOP *** [Ah 8h Ac]
513fcf93: bets $0.14
8dab7972: folds
Uncalled bet ($0.14) returned to 513fcf93
*** SHOWDOWN ***
513fcf93 collected $0.54 from pot
*** SUMMARY ***
Total pot $0.56 | Rake $0.02 | Jackpot $0 | Bingo $0 | Fortune $0
Board [Ah 8h Ac]
Seat 1: 513fcf93 (big blind) won ($0.54)
Seat 2: 8dab7972 folded on the Flop
Seat 3: f8a8ab2b folded before Flop (didn't bet)
Seat 4: 5f2c9e2b folded before Flop (didn't bet)
Seat 5: Hero (button) folded before Flop (didn't bet)
Seat 6: 9e82d076 (small blind) folded before Flop


Poker Hand #HD1146621369: Hold'em No Limit  ($0.02/$0.05) - 2023/03/05 08:44:46
Table 'NLHBlue49' 6-max Seat #4 is the button
Seat 2: 8dab7972 ($6.05 in chips)
Seat 3: f8a8ab2b ($2.5 in chips)
Seat 4: 5f2c9e2b ($6.4 in chips)
Seat 5: Hero ($5 in chips)
Seat 6: 9e82d076 ($3.87 in chips)
Hero: posts small blind $0.02
9e82d076: posts big blind $0.05
*** HOLE CARDS ***
Dealt to 8dab7972 
Dealt to f8a8ab2b 
Dealt to 5f2c9e2b 
Dealt to Hero [5s Qc]
Dealt to 9e82d076 
8dab7972: folds
f8a8ab2b: folds
5f2c9e2b: folds
Hero: folds
Uncalled bet ($0.03) returned to 9e82d076
*** SHOWDOWN ***
9e82d076 collected $0.04 from pot
*** SUMMARY ***
Total pot $0.04 | Rake $0 | Jackpot $0 | Bingo $0 | Fortune $0
Seat 2: 8dab7972 folded before Flop (didn't bet)
Seat 3: f8a8ab2b folded before Flop (didn't bet)
Seat 4: 5f2c9e2b (button) folded before Flop (didn't bet)
Seat 5: Hero (small blind) folded before Flop
Seat 6: 9e82d076 (big blind) collected ($0.04)


Poker Hand #HD1146621266: Hold'em No Limit  ($0.02/$0.05) - 2023/03/05 08:43:53
Table 'NLHBlue49' 6-max Seat #3 is the button
Seat 1: 224843c7 ($10.29 in chips)
Seat 2: 8dab7972 ($6.05 in chips)
Seat 3: f8a8ab2b ($2.5 in chips)
Seat 4: 5f2c9e2b ($6.42 in chips)
Seat 5: Hero ($5 in chips)
Seat 6: 9e82d076 ($3.39 in chips)
5f2c9e2b: posts small blind $0.02
Hero: posts big blind $0.05
*** HOLE CARDS ***
Dealt to 224843c7 
Dealt to 8dab7972 
Dealt to f8a8ab2b 
Dealt to 5f2c9e2b 
Dealt to Hero [4s Kd]
Dealt to 9e82d076 
9e82d076: calls $0.05
224843c7: folds
8dab7972: folds
f8a8ab2b: folds
5f2c9e2b: folds
Hero: checks
*** FLOP *** [2c Ks 5h]
Hero: bets $0.05
9e82d076: calls $0.05
*** TURN *** [2c Ks 5h] [Qc]
Hero: bets $0.17
9e82d076: calls $0.17
*** RIVER *** [2c Ks 5h Qc] [5c]
Hero: checks
9e82d076: bets $0.25
Hero: calls $0.25
9e82d076: shows [8c Ac] (Ace High Flush)
Hero: shows [4s Kd] (Pair of Kings and Pair of Fives)
*** SHOWDOWN ***
9e82d076 collected $1 from pot
*** SUMMARY ***
Total pot $1.06 | Rake $0.06 | Jackpot $0 | Bingo $0 | Fortune $0
Board [2c Ks 5h Qc 5c]
Seat 1: 224843c7 folded before Flop (didn't bet)
Seat 2: 8dab7972 folded before Flop (didn't bet)
Seat 3: f8a8ab2b (button) folded before Flop (didn't bet)
Seat 4: 5f2c9e2b (small blind) folded before Flop
Seat 5: Hero (big blind) showed [4s Kd] and lost with Pair of Kings and Pair of Fives
Seat 6: 9e82d076 showed [8c Ac] and won ($1) with Ace High Flush


Poker Hand #HD1146621231: Hold'em No Limit  ($0.02/$0.05) - 2023/03/05 08:43:35
Table 'NLHBlue49' 6-max Seat #2 is the button
Seat 1: 224843c7 ($10.22 in chips)
Seat 2: 8dab7972 ($6.05 in chips)
Seat 3: f8a8ab2b ($2.5 in chips)
Seat 4: 5f2c9e2b ($6.47 in chips)
Seat 5: Hero ($5 in chips)
Seat 6: 9e82d076 ($3.39 in chips)
f8a8ab2b: posts small blind $0.02
5f2c9e2b: posts big blind $0.05
*** HOLE CARDS ***
Dealt to 224843c7 
Dealt to 8dab7972 
Dealt to f8a8ab2b 
Dealt to 5f2c9e2b 
Dealt to Hero [Qd 5h]
Dealt to 9e82d076 
Hero: folds
9e82d076: folds
224843c7: raises $0.08 to $0.13
8dab7972: folds
f8a8ab2b: folds
5f2c9e2b: folds
Uncalled bet ($0.08) returned to 224843c7
*** SHOWDOWN ***
224843c7 collected $0.12 from pot
*** SUMMARY ***
Total pot $0.12 | Rake $0 | Jackpot $0 | Bingo $0 | Fortune $0
Seat 1: 224843c7 collected ($0.12)
Seat 2: 8dab7972 (button) folded before Flop (didn't bet)
Seat 3: f8a8ab2b (small blind) folded before Flop
Seat 4: 5f2c9e2b (big blind) folded before Flop
Seat 5: Hero folded before Flop (didn't bet)
Seat 6: 9e82d076 folded before Flop (didn't bet)


Poker Hand #HD1146621137: Hold'em No Limit  ($0.02/$0.05) - 2023/03/05 08:42:41
Table 'NLHBlue49' 6-max Seat #1 is the button
Seat 1: 224843c7 ($10.22 in chips)
Seat 2: 8dab7972 ($6.07 in chips)
Seat 3: f8a8ab2b ($2.57 in chips)
Seat 4: 5f2c9e2b ($6.47 in chips)
Seat 5: Hero ($5 in chips)
Seat 6: 9e82d076 ($3.24 in chips)
8dab7972: posts small blind $0.02
f8a8ab2b: posts big blind $0.05
*** HOLE CARDS ***
Dealt to 224843c7 
Dealt to 8dab7972 
Dealt to f8a8ab2b 
Dealt to 5f2c9e2b 
Dealt to Hero [2s 9d]
Dealt to 9e82d076 
5f2c9e2b: folds
Hero: folds
9e82d076: calls $0.05
224843c7: folds
8dab7972: folds
f8a8ab2b: checks
*** FLOP *** [Jh 7h 4h]
f8a8ab2b: checks
9e82d076: checks
*** TURN *** [Jh 7h 4h] [Jc]
f8a8ab2b: checks
9e82d076: bets $0.1
f8a8ab2b: calls $0.1
*** RIVER *** [Jh 7h 4h Jc] [3s]
f8a8ab2b: checks
9e82d076: checks
f8a8ab2b: shows [8s Th] (Pair of Jacks)
9e82d076: shows [6s 6c] (Pair of Jacks and Pair of Sixes)
*** SHOWDOWN ***
9e82d076 collected $0.3 from pot
*** SUMMARY ***
Total pot $0.32 | Rake $0.02 | Jackpot $0 | Bingo $0 | Fortune $0
Board [Jh 7h 4h Jc 3s]
Seat 1: 224843c7 (button) folded before Flop (didn't bet)
Seat 2: 8dab7972 (small blind) folded before Flop
Seat 3: f8a8ab2b (big blind) showed [8s Th] and lost with Pair of Jacks
Seat 4: 5f2c9e2b folded before Flop (didn't bet)
Seat 5: Hero folded before Flop (didn't bet)
Seat 6: 9e82d076 showed [6s 6c] and won ($0.3) with Pair of Jacks and Pair of Sixes


Poker Hand #HD1146621091: Hold'em No Limit  ($0.02/$0.05) - 2023/03/05 08:42:20
Table 'NLHBlue49' 6-max Seat #6 is the button
Seat 1: 224843c7 ($10.24 in chips)
Seat 2: 8dab7972 ($6.12 in chips)
Seat 3: f8a8ab2b ($2.5 in chips)
Seat 4: 5f2c9e2b ($6.47 in chips)
Seat 5: Hero ($5 in chips)
Seat 6: 9e82d076 ($3.24 in chips)
224843c7: posts small blind $0.02
8dab7972: posts big blind $0.05
*** HOLE CARDS ***
Dealt to 224843c7 
Dealt to 8dab7972 
Dealt to f8a8ab2b 
Dealt to 5f2c9e2b 
Dealt to Hero [5c 3s]
Dealt to 9e82d076 
f8a8ab2b: raises $0.05 to $0.1
5f2c9e2b: folds
Hero: folds
9e82d076: folds
224843c7: folds
8dab7972: folds
Uncalled bet ($0.05) returned to f8a8ab2b
*** SHOWDOWN ***
f8a8ab2b collected $0.12 from pot
*** SUMMARY ***
Total pot $0.12 | Rake $0 | Jackpot $0 | Bingo $0 | Fortune $0
Seat 1: 224843c7 (small blind) folded before Flop
Seat 2: 8dab7972 (big blind) folded before Flop
Seat 3: f8a8ab2b collected ($0.12)
Seat 4: 5f2c9e2b folded before Flop (didn't bet)
Seat 5: Hero folded before Flop (didn't bet)
Seat 6: 9e82d076 (button) folded before Flop (didn't bet)


Poker Hand #HD1146620962: Hold'em No Limit  ($0.02/$0.05) - 2023/03/05 08:41:12
Table 'NLHBlue49' 6-max Seat #5 is the button
Seat 1: 224843c7 ($10.29 in chips)
Seat 2: 8dab7972 ($6.44 in chips)
Seat 3: f8a8ab2b ($2.5 in chips)
Seat 4: 5f2c9e2b ($6.47 in chips)
Seat 5: Hero ($5.07 in chips)
Seat 6: 9e82d076 ($2.61 in chips)
9e82d076: posts small blind $0.02
224843c7: posts big blind $0.05
*** HOLE CARDS ***
Dealt to 224843c7 
Dealt to 8dab7972 
Dealt to f8a8ab2b 
Dealt to 5f2c9e2b 
Dealt to Hero [Jd Qd]
Dealt to 9e82d076 
8dab7972: raises $0.08 to $0.13
f8a8ab2b: folds
5f2c9e2b: folds
Hero: raises $0.19 to $0.32
9e82d076: calls $0.3
224843c7: folds
8dab7972: calls $0.19
*** FLOP *** [3s 5h Ts]
9e82d076: checks
8dab7972: checks
Hero: checks
*** TURN *** [3s 5h Ts] [3c]
9e82d076: bets $1.15
8dab7972: folds
Hero: folds
Uncalled bet ($1.15) returned to 9e82d076
*** SHOWDOWN ***
9e82d076 collected $0.95 from pot
*** SUMMARY ***
Total pot $1.01 | Rake $0.06 | Jackpot $0 | Bingo $0 | Fortune $0
Board [3s 5h Ts 3c]
Seat 1: 224843c7 (big blind) folded before Flop
Seat 2: 8dab7972 folded on the Turn
Seat 3: f8a8ab2b folded before Flop (didn't bet)
Seat 4: 5f2c9e2b folded before Flop (didn't bet)
Seat 5: Hero (button) folded on the Turn
Seat 6: 9e82d076 (small blind) won ($0.95)


Poker Hand #HD1146620876: Hold'em No Limit  ($0.02/$0.05) - 2023/03/05 08:40:27
Table 'NLHBlue49' 6-max Seat #4 is the button
Seat 1: 224843c7 ($10.42 in chips)
Seat 2: 8dab7972 ($6.44 in chips)
Seat 3: f8a8ab2b ($2.5 in chips)
Seat 4: 5f2c9e2b ($6.47 in chips)
Seat 5: Hero ($5.09 in chips)
Seat 6: 9e82d076 ($2.47 in chips)
Hero: posts small blind $0.02
9e82d076: posts big blind $0.05
*** HOLE CARDS ***
Dealt to 224843c7 
Dealt to 8dab7972 
Dealt to f8a8ab2b 
Dealt to 5f2c9e2b 
Dealt to Hero [3c 8h]
Dealt to 9e82d076 
224843c7: raises $0.08 to $0.13
8dab7972: folds
f8a8ab2b: folds
5f2c9e2b: folds
Hero: folds
9e82d076: calls $0.08
*** FLOP *** [7s Ks 2s]
9e82d076: checks
224843c7: checks
*** TURN *** [7s Ks 2s] [6d]
9e82d076: bets $0.1
224843c7: folds
Uncalled bet ($0.1) returned to 9e82d076
*** SHOWDOWN ***
9e82d076 collected $0.27 from pot
*** SUMMARY ***
Total pot $0.28 | Rake $0.01 | Jackpot $0 | Bingo $0 | Fortune $0
Board [7s Ks 2s 6d]
Seat 1: 224843c7 folded on the Turn
Seat 2: 8dab7972 folded before Flop (didn't bet)
Seat 3: f8a8ab2b folded before Flop (didn't bet)
Seat 4: 5f2c9e2b (button) folded before Flop (didn't bet)
Seat 5: Hero (small blind) folded before Flop
Seat 6: 9e82d076 (big blind) won ($0.27)


Poker Hand #HD1146620842: Hold'em No Limit  ($0.02/$0.05) - 2023/03/05 08:40:08
Table 'NLHBlue49' 6-max Seat #3 is the button
Seat 1: 224843c7 ($10.42 in chips)
Seat 2: 8dab7972 ($6.44 in chips)
Seat 3: f8a8ab2b ($2.5 in chips)
Seat 4: 5f2c9e2b ($6.42 in chips)
Seat 5: Hero ($5.14 in chips)
Seat 6: 9e82d076 ($2.47 in chips)
5f2c9e2b: posts small blind $0.02
Hero: posts big blind $0.05
*** HOLE CARDS ***
Dealt to 224843c7 
Dealt to 8dab7972 
Dealt to f8a8ab2b 
Dealt to 5f2c9e2b 
Dealt to Hero [4c 9s]
Dealt to 9e82d076 
9e82d076: folds
224843c7: folds
8dab7972: folds
f8a8ab2b: folds
5f2c9e2b: raises $0.1 to $0.15
Hero: folds
Uncalled bet ($0.1) returned to 5f2c9e2b
*** SHOWDOWN ***
5f2c9e2b collected $0.1 from pot
*** SUMMARY ***
Total pot $0.1 | Rake $0 | Jackpot $0 | Bingo $0 | Fortune $0
Seat 1: 224843c7 folded before Flop (didn't bet)
Seat 2: 8dab7972 folded before Flop (didn't bet)
Seat 3: f8a8ab2b (button) folded before Flop (didn't bet)
Seat 4: 5f2c9e2b (small blind) collected ($0.1)
Seat 5: Hero (big blind) folded before Flop
Seat 6: 9e82d076 folded before Flop (didn't bet)


Poker Hand #HD1146620747: Hold'em No Limit  ($0.02/$0.05) - 2023/03/05 08:39:15
Table 'NLHBlue49' 6-max Seat #2 is the button
Seat 1: 224843c7 ($10.42 in chips)
Seat 2: 8dab7972 ($6.44 in chips)
Seat 3: f8a8ab2b ($2.5 in chips)
Seat 4: 5f2c9e2b ($5.93 in chips)
Seat 5: Hero ($5.14 in chips)
Seat 6: 9e82d076 ($2.99 in chips)
f8a8ab2b: posts small blind $0.02
5f2c9e2b: posts big blind $0.05
*** HOLE CARDS ***
Dealt to 224843c7 
Dealt to 8dab7972 
Dealt to f8a8ab2b 
Dealt to 5f2c9e2b 
Dealt to Hero [6h 7c]
Dealt to 9e82d076 
Hero: folds
9e82d076: calls $0.05
224843c7: folds
8dab7972: folds
f8a8ab2b: folds
5f2c9e2b: raises $0.19 to $0.24
9e82d076: calls $0.19
*** FLOP *** [Td 7s 2h]
5f2c9e2b: bets $0.28
9e82d076: calls $0.28
*** TURN *** [Td 7s 2h] [8h]
5f2c9e2b: bets $0.59
9e82d076: folds
Uncalled bet ($0.59) returned to 5f2c9e2b
*** SHOWDOWN ***
5f2c9e2b collected $1.01 from pot
*** SUMMARY ***
Total pot $1.06 | Rake $0.05 | Jackpot $0 | Bingo $0 | Fortune $0
Board [Td 7s 2h 8h]
Seat 1: 224843c7 folded before Flop (didn't bet)
Seat 2: 8dab7972 (button) folded before Flop (didn't bet)
Seat 3: f8a8ab2b (small blind) folded before Flop
Seat 4: 5f2c9e2b (big blind) won ($1.01)
Seat 5: Hero folded before Flop (didn't bet)
Seat 6: 9e82d076 folded on the Turn


Poker Hand #HD1146620714: Hold'em No Limit  ($0.02/$0.05) - 2023/03/05 08:39:01
Table 'NLHBlue49' 6-max Seat #1 is the button
Seat 1: 224843c7 ($10.42 in chips)
Seat 2: 8dab7972 ($6.46 in chips)
Seat 3: f8a8ab2b ($2.5 in chips)
Seat 4: 5f2c9e2b ($5.93 in chips)
Seat 5: Hero ($5.07 in chips)
Seat 6: 9e82d076 ($2.99 in chips)
8dab7972: posts small blind $0.02
f8a8ab2b: posts big blind $0.05
*** HOLE CARDS ***
Dealt to 224843c7 
Dealt to 8dab7972 
Dealt to f8a8ab2b 
Dealt to 5f2c9e2b 
Dealt to Hero [Tc Kd]
Dealt to 9e82d076 
5f2c9e2b: folds
Hero: raises $0.07 to $0.12
9e82d076: folds
224843c7: folds
8dab7972: folds
f8a8ab2b: folds
Uncalled bet ($0.07) returned to Hero
*** SHOWDOWN ***
Hero collected $0.12 from pot
*** SUMMARY ***
Total pot $0.12 | Rake $0 | Jackpot $0 | Bingo $0 | Fortune $0
Seat 1: 224843c7 (button) folded before Flop (didn't bet)
Seat 2: 8dab7972 (small blind) folded before Flop
Seat 3: f8a8ab2b (big blind) folded before Flop
Seat 4: 5f2c9e2b folded before Flop (didn't bet)
Seat 5: Hero collected ($0.12)
Seat 6: 9e82d076 folded before Flop (didn't bet)


Poker Hand #HD1146620607: Hold'em No Limit  ($0.02/$0.05) - 2023/03/05 08:38:01
Table 'NLHBlue49' 6-max Seat #6 is the button
Seat 1: 224843c7 ($10.44 in chips)
Seat 2: 8dab7972 ($5.8 in chips)
Seat 3: f8a8ab2b ($2.5 in chips)
Seat 4: 5f2c9e2b ($5.93 in chips)
Seat 5: Hero ($5.07 in chips)
Seat 6: 9e82d076 ($3.7 in chips)
224843c7: posts small blind $0.02
8dab7972: posts big blind $0.05
*** HOLE CARDS ***
Dealt to 224843c7 
Dealt to 8dab7972 
Dealt to f8a8ab2b 
Dealt to 5f2c9e2b 
Dealt to Hero [2s Ks]
Dealt to 9e82d076 
f8a8ab2b: folds
5f2c9e2b: folds
Hero: folds
9e82d076: calls $0.05
224843c7: folds
8dab7972: checks
*** FLOP *** [Kc Kh 6d]
8dab7972: checks
9e82d076: checks
*** TURN *** [Kc Kh 6d] [5h]
8dab7972: bets $0.18
9e82d076: calls $0.18
*** RIVER *** [Kc Kh 6d 5h] [6h]
8dab7972: bets $0.24
9e82d076: raises $0.24 to $0.48
8dab7972: calls $0.24
9e82d076: shows [Ah 9h] (Ace High Flush)
8dab7972: shows [9c 6c] (Sixes Full over Kings)
*** SHOWDOWN ***
8dab7972 collected $1.37 from pot
*** SUMMARY ***
Total pot $1.44 | Rake $0.07 | Jackpot $0 | Bingo $0 | Fortune $0
Board [Kc Kh 6d 5h 6h]
Seat 1: 224843c7 (small blind) folded before Flop
Seat 2: 8dab7972 (big blind) showed [9c 6c] and won ($1.37) with Sixes Full over Kings
Seat 3: f8a8ab2b folded before Flop (didn't bet)
Seat 4: 5f2c9e2b folded before Flop (didn't bet)
Seat 5: Hero folded before Flop (didn't bet)
Seat 6: 9e82d076 (button) showed [Ah 9h] and lost with Ace High Flush


Poker Hand #HD1146620564: Hold'em No Limit  ($0.02/$0.05) - 2023/03/05 08:37:40
Table 'NLHBlue49' 6-max Seat #5 is the button
Seat 1: 224843c7 ($10.49 in chips)
Seat 2: 8dab7972 ($5.8 in chips)
Seat 3: f8a8ab2b ($2.5 in chips)
Seat 4: 5f2c9e2b ($5.93 in chips)
Seat 5: Hero ($5 in chips)
Seat 6: 9e82d076 ($3.72 in chips)
9e82d076: posts small blind $0.02
224843c7: posts big blind $0.05
*** HOLE CARDS ***
Dealt to 224843c7 
Dealt to 8dab7972 
Dealt to f8a8ab2b 
Dealt to 5f2c9e2b 
Dealt to Hero [9s 8s]
Dealt to 9e82d076 
8dab7972: folds
f8a8ab2b: folds
5f2c9e2b: folds
Hero: raises $0.08 to $0.13
9e82d076: folds
224843c7: folds
Uncalled bet ($0.08) returned to Hero
*** SHOWDOWN ***
Hero collected $0.12 from pot
*** SUMMARY ***
Total pot $0.12 | Rake $0 | Jackpot $0 | Bingo $0 | Fortune $0
Seat 1: 224843c7 (big blind) folded before Flop
Seat 2: 8dab7972 folded before Flop (didn't bet)
Seat 3: f8a8ab2b folded before Flop (didn't bet)
Seat 4: 5f2c9e2b folded before Flop (didn't bet)
Seat 5: Hero (button) collected ($0.12)
Seat 6: 9e82d076 (small blind) folded before Flop


Poker Hand #HD1146620523: Hold'em No Limit  ($0.02/$0.05) - 2023/03/05 08:37:22
Table 'NLHBlue49' 6-max Seat #4 is the button
Seat 1: 224843c7 ($10.42 in chips)
Seat 2: 8dab7972 ($5.8 in chips)
Seat 3: f8a8ab2b ($2.5 in chips)
Seat 4: 5f2c9e2b ($5.93 in chips)
Seat 5: Hero ($5 in chips)
Seat 6: 9e82d076 ($3.77 in chips)
Hero: posts small blind $0.02
9e82d076: posts big blind $0.05
*** HOLE CARDS ***
Dealt to 224843c7 
Dealt to 8dab7972 
Dealt to f8a8ab2b 
Dealt to 5f2c9e2b 
Dealt to Hero [6s 4d]
Dealt to 9e82d076 
224843c7: raises $0.08 to $0.13
8dab7972: folds
f8a8ab2b: folds
5f2c9e2b: folds
Hero: folds
9e82d076: folds
Uncalled bet ($0.08) returned to 224843c7
*** SHOWDOWN ***
224843c7 collected $0.12 from pot
*** SUMMARY ***
Total pot $0.12 | Rake $0 | Jackpot $0 | Bingo $0 | Fortune $0
Seat 1: 224843c7 collected ($0.12)
Seat 2: 8dab7972 folded before Flop (didn't bet)
Seat 3: f8a8ab2b folded before Flop (didn't bet)
Seat 4: 5f2c9e2b (button) folded before Flop (didn't bet)
Seat 5: Hero (small blind) folded before Flop
Seat 6: 9e82d076 (big blind) folded before Flop


Poker Hand #HD1146620448: Hold'em No Limit  ($0.02/$0.05) - 2023/03/05 08:36:43
Table 'NLHBlue49' 6-max Seat #3 is the button
Seat 1: 224843c7 ($10.62 in chips)
Seat 2: 8dab7972 ($5.5 in chips)
Seat 3: f8a8ab2b ($2.5 in chips)
Seat 4: 5f2c9e2b ($5.95 in chips)
Seat 5: Hero ($5 in chips)
Seat 6: 9e82d076 ($3.82 in chips)
5f2c9e2b: posts small blind $0.02
Hero: posts big blind $0.05
9e82d076: posts big blind $0.05
*** HOLE CARDS ***
Dealt to 224843c7 
Dealt to 8dab7972 
Dealt to f8a8ab2b 
Dealt to 5f2c9e2b 
Dealt to Hero [5d Jh]
Dealt to 9e82d076 
9e82d076: checks
224843c7: raises $0.15 to $0.2
8dab7972: raises $0.35 to $0.55
f8a8ab2b: folds
5f2c9e2b: folds
Hero: folds
9e82d076: folds
224843c7: folds
Uncalled bet ($0.35) returned to 8dab7972
*** SHOWDOWN ***
8dab7972 collected $0.5 from pot
*** SUMMARY ***
Total pot $0.52 | Rake $0.02 | Jackpot $0 | Bingo $0 | Fortune $0
Seat 1: 224843c7 folded before Flop
Seat 2: 8dab7972 collected ($0.5)
Seat 3: f8a8ab2b (button) folded before Flop (didn't bet)
Seat 4: 5f2c9e2b (small blind) folded before Flop
Seat 5: Hero (big blind) folded before Flop
Seat 6: 9e82d076 folded before Flop


Poker Hand #HD1146620296: Hold'em No Limit  ($0.02/$0.05) - 2023/03/05 08:35:23
Table 'NLHBlue49' 6-max Seat #2 is the button
Seat 1: 224843c7 ($10.62 in chips)
Seat 2: 8dab7972 ($5.84 in chips)
Seat 3: f8a8ab2b ($2.5 in chips)
Seat 4: 5f2c9e2b ($5.62 in chips)
Seat 5: Hero ($5 in chips)
Seat 6: da33b4c3 ($5 in chips)
f8a8ab2b: posts small blind $0.02
5f2c9e2b: posts big blind $0.05
*** HOLE CARDS ***
Dealt to 224843c7 
Dealt to 8dab7972 
Dealt to f8a8ab2b 
Dealt to 5f2c9e2b 
Dealt to Hero [2c 4d]
Dealt to da33b4c3 
Hero: folds
da33b4c3: folds
224843c7: folds
8dab7972: raises $0.08 to $0.13
f8a8ab2b: folds
5f2c9e2b: calls $0.08
*** FLOP *** [Kd 4s Jd]
5f2c9e2b: checks
8dab7972: checks
*** TURN *** [Kd 4s Jd] [3c]
5f2c9e2b: bets $0.21
8dab7972: calls $0.21
*** RIVER *** [Kd 4s Jd 3c] [8d]
5f2c9e2b: bets $0.53
8dab7972: folds
Uncalled bet ($0.53) returned to 5f2c9e2b
*** SHOWDOWN ***
5f2c9e2b collected $0.67 from pot
*** SUMMARY ***
Total pot $0.7 | Rake $0.03 | Jackpot $0 | Bingo $0 | Fortune $0
Board [Kd 4s Jd 3c 8d]
Seat 1: 224843c7 folded before Flop (didn't bet)
Seat 2: 8dab7972 (button) folded on the River
Seat 3: f8a8ab2b (small blind) folded before Flop
Seat 4: 5f2c9e2b (big blind) won ($0.67)
Seat 5: Hero folded before Flop (didn't bet)
Seat 6: da33b4c3 folded before Flop (didn't bet)


Poker Hand #HD1146620164: Hold'em No Limit  ($0.02/$0.05) - 2023/03/05 08:34:08
Table 'NLHBlue49' 6-max Seat #1 is the button
Seat 1: 224843c7 ($11.02 in chips)
Seat 2: 8dab7972 ($5.86 in chips)
Seat 3: f8a8ab2b ($2.5 in chips)
Seat 4: 5f2c9e2b ($5.19 in chips)
Seat 5: Hero ($5 in chips)
Seat 6: da33b4c3 ($5 in chips)
8dab7972: posts small blind $0.02
f8a8ab2b: posts big blind $0.05
*** HOLE CARDS ***
Dealt to 224843c7 
Dealt to 8dab7972 
Dealt to f8a8ab2b 
Dealt to 5f2c9e2b 
Dealt to Hero [8s Ks]
Dealt to da33b4c3 
5f2c9e2b: raises $0.06 to $0.11
Hero: folds
da33b4c3: folds
224843c7: raises $0.29 to $0.4
8dab7972: folds
f8a8ab2b: folds
5f2c9e2b: calls $0.29
*** FLOP *** [Qs As 2c]
5f2c9e2b: checks
224843c7: checks
*** TURN *** [Qs As 2c] [Ad]
5f2c9e2b: checks
224843c7: checks
*** RIVER *** [Qs As 2c Ad] [8d]
5f2c9e2b: bets $0.48
224843c7: folds
Uncalled bet ($0.48) returned to 5f2c9e2b
*** SHOWDOWN ***
5f2c9e2b collected $0.83 from pot
*** SUMMARY ***
Total pot $0.87 | Rake $0.04 | Jackpot $0 | Bingo $0 | Fortune $0
Board [Qs As 2c Ad 8d]
Seat 1: 224843c7 (button) folded on the River
Seat 2: 8dab7972 (small blind) folded before Flop
Seat 3: f8a8ab2b (big blind) folded before Flop
Seat 4: 5f2c9e2b won ($0.83)
Seat 5: Hero folded before Flop (didn't bet)
Seat 6: da33b4c3 folded before Flop (didn't bet)


Poker Hand #HD1146620130: Hold'em No Limit  ($0.02/$0.05) - 2023/03/05 08:33:52
Table 'NLHBlue49' 6-max Seat #6 is the button
Seat 1: 224843c7 ($11.04 in chips)
Seat 2: 8dab7972 ($5.84 in chips)
Seat 4: 5f2c9e2b ($5.19 in chips)
Seat 5: Hero ($5 in chips)
Seat 6: da33b4c3 ($5 in chips)
224843c7: posts small blind $0.02
8dab7972: posts big blind $0.05
*** HOLE CARDS ***
Dealt to 224843c7 
Dealt to 8dab7972 
Dealt to 5f2c9e2b 
Dealt to Hero [4h 9s]
Dealt to da33b4c3 
5f2c9e2b: folds
Hero: folds
da33b4c3: folds
224843c7: folds
Uncalled bet ($0.03) returned to 8dab7972
*** SHOWDOWN ***
8dab7972 collected $0.04 from pot
*** SUMMARY ***
Total pot $0.04 | Rake $0 | Jackpot $0 | Bingo $0 | Fortune $0
Seat 1: 224843c7 (small blind) folded before Flop
Seat 2: 8dab7972 (big blind) collected ($0.04)
Seat 4: 5f2c9e2b folded before Flop (didn't bet)
Seat 5: Hero folded before Flop (didn't bet)
Seat 6: da33b4c3 (button) folded before Flop (didn't bet)


Poker Hand #HD1146620088: Hold'em No Limit  ($0.02/$0.05) - 2023/03/05 08:33:34
Table 'NLHBlue49' 6-max Seat #5 is the button
Seat 1: 224843c7 ($11.09 in chips)
Seat 2: 8dab7972 ($5.84 in chips)
Seat 4: 5f2c9e2b ($5.12 in chips)
Seat 5: Hero ($5 in chips)
Seat 6: da33b4c3 ($5.02 in chips)
da33b4c3: posts small blind $0.02
224843c7: posts big blind $0.05
*** HOLE CARDS ***
Dealt to 224843c7 
Dealt to 8dab7972 
Dealt to 5f2c9e2b 
Dealt to Hero [As 5h]
Dealt to da33b4c3 
8dab7972: folds
5f2c9e2b: raises $0.08 to $0.13
Hero: folds
da33b4c3: folds
224843c7: folds
Uncalled bet ($0.08) returned to 5f2c9e2b
*** SHOWDOWN ***
5f2c9e2b collected $0.12 from pot
*** SUMMARY ***
Total pot $0.12 | Rake $0 | Jackpot $0 | Bingo $0 | Fortune $0
Seat 1: 224843c7 (big blind) folded before Flop
Seat 2: 8dab7972 folded before Flop (didn't bet)
Seat 4: 5f2c9e2b collected ($0.12)
Seat 5: Hero (button) folded before Flop (didn't bet)
Seat 6: da33b4c3 (small blind) folded before Flop


Poker Hand #HD1146620057: Hold'em No Limit  ($0.02/$0.05) - 2023/03/05 08:33:14
Table 'NLHBlue49' 6-max Seat #4 is the button
Seat 1: 224843c7 ($11.09 in chips)
Seat 2: 8dab7972 ($5.84 in chips)
Seat 4: 5f2c9e2b ($5.12 in chips)
Seat 5: Hero ($5 in chips)
Seat 6: da33b4c3 ($5 in chips)
Hero: posts small blind $0.02
da33b4c3: posts big blind $0.05
*** HOLE CARDS ***
Dealt to 224843c7 
Dealt to 8dab7972 
Dealt to 5f2c9e2b 
Dealt to Hero [7s 5h]
Dealt to da33b4c3 
224843c7: folds
8dab7972: folds
5f2c9e2b: folds
Hero: folds
Uncalled bet ($0.03) returned to da33b4c3
*** SHOWDOWN ***
da33b4c3 collected $0.04 from pot
*** SUMMARY ***
Total pot $0.04 | Rake $0 | Jackpot $0 | Bingo $0 | Fortune $0
Seat 1: 224843c7 folded before Flop (didn't bet)
Seat 2: 8dab7972 folded before Flop (didn't bet)
Seat 4: 5f2c9e2b (button) folded before Flop (didn't bet)
Seat 5: Hero (small blind) folded before Flop
Seat 6: da33b4c3 (big blind) collected ($0.04)


Poker Hand #HD1146620031: Hold'em No Limit  ($0.02/$0.05) - 2023/03/05 08:32:56
Table 'NLHBlue49' 6-max Seat #3 is the button
Seat 1: 224843c7 ($11.02 in chips)
Seat 2: 8dab7972 ($5.84 in chips)
Seat 3: 9cc46e2f ($5 in chips)
Seat 4: 5f2c9e2b ($5.14 in chips)
Seat 5: Hero ($5 in chips)
5f2c9e2b: posts small blind $0.02
Hero: posts big blind $0.05
*** HOLE CARDS ***
Dealt to 224843c7 
Dealt to 8dab7972 
Dealt to 9cc46e2f 
Dealt to 5f2c9e2b 
Dealt to Hero [3c 9c]
224843c7: raises $0.08 to $0.13
8dab7972: folds
9cc46e2f: folds
5f2c9e2b: folds
Hero: folds
Uncalled bet ($0.08) returned to 224843c7
*** SHOWDOWN ***
224843c7 collected $0.12 from pot
*** SUMMARY ***
Total pot $0.12 | Rake $0 | Jackpot $0 | Bingo $0 | Fortune $0
Seat 1: 224843c7 collected ($0.12)
Seat 2: 8dab7972 folded before Flop (didn't bet)
Seat 3: 9cc46e2f (button) folded before Flop (didn't bet)
Seat 4: 5f2c9e2b (small blind) folded before Flop
Seat 5: Hero (big blind) folded before Flop


