Poker Hand #HD1141794434: Hold'em No Limit  ($0.02/$0.05) - 2023/03/01 20:43:07
Table 'NLHBlue22' 6-max Seat #3 is the button
Seat 1: 2f190dc2 ($7.03 in chips)
Seat 2: 39279688 ($5.19 in chips)
Seat 3: ce32c6e5 ($1.06 in chips)
Seat 4: a70717ab ($5.57 in chips)
Seat 5: f119a4ad ($1 in chips)
Seat 6: Hero ($7.63 in chips)
a70717ab: posts small blind $0.02
f119a4ad: posts big blind $0.05
*** HOLE CARDS ***
Dealt to 2f190dc2 
Dealt to 39279688 
Dealt to ce32c6e5 
Dealt to a70717ab 
Dealt to f119a4ad 
Dealt to Hero [2c Qd]
Hero: folds
2f190dc2: folds
39279688: folds
ce32c6e5: calls $0.05
a70717ab: folds
f119a4ad: raises $0.05 to $0.1
ce32c6e5: calls $0.05
*** FLOP *** [2s 6c Ad]
f119a4ad: checks
ce32c6e5: bets $0.11
f119a4ad: folds
Uncalled bet ($0.11) returned to ce32c6e5
*** SHOWDOWN ***
ce32c6e5 collected $0.21 from pot
*** SUMMARY ***
Total pot $0.22 | Rake $0.01 | Jackpot $0 | Bingo $0 | Fortune $0
Board [2s 6c Ad]
Seat 1: 2f190dc2 folded before Flop (didn't bet)
Seat 2: 39279688 folded before Flop (didn't bet)
Seat 3: ce32c6e5 (button) won ($0.21)
Seat 4: a70717ab (small blind) folded before Flop
Seat 5: f119a4ad (big blind) folded on the Flop
Seat 6: Hero folded before Flop (didn't bet)


Poker Hand #HD1141794313: Hold'em No Limit  ($0.02/$0.05) - 2023/03/01 20:42:25
Table 'NLHBlue22' 6-max Seat #2 is the button
Seat 1: 2f190dc2 ($7.03 in chips)
Seat 2: 39279688 ($5 in chips)
Seat 3: ce32c6e5 ($1.16 in chips)
Seat 4: a70717ab ($5.67 in chips)
Seat 6: Hero ($7.63 in chips)
ce32c6e5: posts small blind $0.02
a70717ab: posts big blind $0.05
*** HOLE CARDS ***
Dealt to 2f190dc2 
Dealt to 39279688 
Dealt to ce32c6e5 
Dealt to a70717ab 
Dealt to Hero [Kc 6c]
Hero: folds
2f190dc2: folds
39279688: raises $0.05 to $0.1
ce32c6e5: calls $0.08
a70717ab: calls $0.05
*** FLOP *** [Kh 9h Ac]
ce32c6e5: checks
a70717ab: checks
39279688: bets $0.18
ce32c6e5: folds
a70717ab: folds
Uncalled bet ($0.18) returned to 39279688
*** SHOWDOWN ***
39279688 collected $0.29 from pot
*** SUMMARY ***
Total pot $0.3 | Rake $0.01 | Jackpot $0 | Bingo $0 | Fortune $0
Board [Kh 9h Ac]
Seat 1: 2f190dc2 folded before Flop (didn't bet)
Seat 2: 39279688 (button) won ($0.29)
Seat 3: ce32c6e5 (small blind) folded on the Flop
Seat 4: a70717ab (big blind) folded on the Flop
Seat 6: Hero folded before Flop (didn't bet)


Poker Hand #HD1141794284: Hold'em No Limit  ($0.02/$0.05) - 2023/03/01 20:42:15
Table 'NLHBlue22' 6-max Seat #1 is the button
Seat 1: 2f190dc2 ($7.03 in chips)
Seat 2: 39279688 ($5 in chips)
Seat 3: ce32c6e5 ($1.14 in chips)
Seat 4: a70717ab ($5.67 in chips)
Seat 6: Hero ($7.63 in chips)
39279688: posts small blind $0.02
ce32c6e5: posts big blind $0.05
*** HOLE CARDS ***
Dealt to 2f190dc2 
Dealt to 39279688 
Dealt to ce32c6e5 
Dealt to a70717ab 
Dealt to Hero [2h 3s]
a70717ab: folds
Hero: folds
2f190dc2: folds
39279688: folds
Uncalled bet ($0.03) returned to ce32c6e5
*** SHOWDOWN ***
ce32c6e5 collected $0.04 from pot
*** SUMMARY ***
Total pot $0.04 | Rake $0 | Jackpot $0 | Bingo $0 | Fortune $0
Seat 1: 2f190dc2 (button) folded before Flop (didn't bet)
Seat 2: 39279688 (small blind) folded before Flop
Seat 3: ce32c6e5 (big blind) collected ($0.04)
Seat 4: a70717ab folded before Flop (didn't bet)
Seat 6: Hero folded before Flop (didn't bet)


Poker Hand #HD1141794176: Hold'em No Limit  ($0.02/$0.05) - 2023/03/01 20:41:37
Table 'NLHBlue22' 6-max Seat #6 is the button
Seat 1: 2f190dc2 ($7.05 in chips)
Seat 2: 39279688 ($5 in chips)
Seat 3: ce32c6e5 ($1 in chips)
Seat 4: a70717ab ($5.67 in chips)
Seat 6: Hero ($7.63 in chips)
2f190dc2: posts small blind $0.02
39279688: posts big blind $0.05
ce32c6e5: posts big blind $0.05
*** HOLE CARDS ***
Dealt to 2f190dc2 
Dealt to 39279688 
Dealt to ce32c6e5 
Dealt to a70717ab 
Dealt to Hero [6c 2h]
ce32c6e5: checks
a70717ab: folds
Hero: folds
2f190dc2: folds
39279688: checks
*** FLOP *** [Qs 2d Jc]
39279688: checks
ce32c6e5: checks
*** TURN *** [Qs 2d Jc] [Jd]
39279688: bets $0.08
ce32c6e5: calls $0.08
*** RIVER *** [Qs 2d Jc Jd] [3h]
39279688: checks
ce32c6e5: checks
39279688: shows [6s 9d] (Pair of Jacks)
ce32c6e5: shows [Ac 4d] (Pair of Jacks)
*** SHOWDOWN ***
ce32c6e5 collected $0.27 from pot
*** SUMMARY ***
Total pot $0.28 | Rake $0.01 | Jackpot $0 | Bingo $0 | Fortune $0
Board [Qs 2d Jc Jd 3h]
Seat 1: 2f190dc2 (small blind) folded before Flop
Seat 2: 39279688 (big blind) showed [6s 9d] and lost with Pair of Jacks
Seat 3: ce32c6e5 showed [Ac 4d] and won ($0.27) with Pair of Jacks
Seat 4: a70717ab folded before Flop (didn't bet)
Seat 6: Hero (button) folded before Flop (didn't bet)


Poker Hand #HD1141794021: Hold'em No Limit  ($0.02/$0.05) - 2023/03/01 20:40:41
Table 'NLHBlue22' 6-max Seat #5 is the button
Seat 1: 2f190dc2 ($6.78 in chips)
Seat 4: a70717ab ($5.94 in chips)
Seat 5: 6b8364 ($5.6 in chips)
Seat 6: Hero ($7.65 in chips)
Hero: posts small blind $0.02
2f190dc2: posts big blind $0.05
*** HOLE CARDS ***
Dealt to 2f190dc2 
Dealt to a70717ab 
Dealt to 6b8364 
Dealt to Hero [3c Kc]
a70717ab: raises $0.07 to $0.12
6b8364: folds
Hero: folds
2f190dc2: calls $0.07
*** FLOP *** [Qh Jc Qc]
2f190dc2: checks
a70717ab: bets $0.15
2f190dc2: calls $0.15
*** TURN *** [Qh Jc Qc] [8s]
2f190dc2: checks
a70717ab: checks
*** RIVER *** [Qh Jc Qc 8s] [7c]
2f190dc2: checks
a70717ab: checks
2f190dc2: shows [6c Tc] (Queen High Flush)
a70717ab: shows [9d 9s] (Pair of Queens and Pair of Nines)
*** SHOWDOWN ***
2f190dc2 collected $0.54 from pot
*** SUMMARY ***
Total pot $0.56 | Rake $0.02 | Jackpot $0 | Bingo $0 | Fortune $0
Board [Qh Jc Qc 8s 7c]
Seat 1: 2f190dc2 (big blind) showed [6c Tc] and won ($0.54) with Queen High Flush
Seat 4: a70717ab showed [9d 9s] and lost with Pair of Queens and Pair of Nines
Seat 5: 6b8364 (button) folded before Flop (didn't bet)
Seat 6: Hero (small blind) folded before Flop


Poker Hand #HD1141793943: Hold'em No Limit  ($0.02/$0.05) - 2023/03/01 20:40:14
Table 'NLHBlue22' 6-max Seat #4 is the button
Seat 1: 2f190dc2 ($6.91 in chips)
Seat 4: a70717ab ($6.3 in chips)
Seat 5: 6b8364 ($5.1 in chips)
Seat 6: Hero ($7.7 in chips)
6b8364: posts small blind $0.02
Hero: posts big blind $0.05
*** HOLE CARDS ***
Dealt to 2f190dc2 
Dealt to a70717ab 
Dealt to 6b8364 
Dealt to Hero [4h 7s]
2f190dc2: raises $0.08 to $0.13
a70717ab: raises $0.23 to $0.36
6b8364: raises $0.9 to $1.26
Hero: folds
2f190dc2: folds
a70717ab: folds
Uncalled bet ($0.9) returned to 6b8364
*** SHOWDOWN ***
6b8364 collected $0.86 from pot
*** SUMMARY ***
Total pot $0.9 | Rake $0.04 | Jackpot $0 | Bingo $0 | Fortune $0
Seat 1: 2f190dc2 folded before Flop
Seat 4: a70717ab (button) folded before Flop
Seat 5: 6b8364 (small blind) collected ($0.86)
Seat 6: Hero (big blind) folded before Flop


Poker Hand #HD1141793911: Hold'em No Limit  ($0.02/$0.05) - 2023/03/01 20:40:00
Table 'NLHBlue22' 6-max Seat #1 is the button
Seat 1: 2f190dc2 ($6.84 in chips)
Seat 4: a70717ab ($6.32 in chips)
Seat 5: 6b8364 ($5.15 in chips)
Seat 6: Hero ($7.7 in chips)
a70717ab: posts small blind $0.02
6b8364: posts big blind $0.05
*** HOLE CARDS ***
Dealt to 2f190dc2 
Dealt to a70717ab 
Dealt to 6b8364 
Dealt to Hero [Jh 4s]
Hero: folds
2f190dc2: raises $0.08 to $0.13
a70717ab: folds
6b8364: folds
Uncalled bet ($0.08) returned to 2f190dc2
*** SHOWDOWN ***
2f190dc2 collected $0.12 from pot
*** SUMMARY ***
Total pot $0.12 | Rake $0 | Jackpot $0 | Bingo $0 | Fortune $0
Seat 1: 2f190dc2 (button) collected ($0.12)
Seat 4: a70717ab (small blind) folded before Flop
Seat 5: 6b8364 (big blind) folded before Flop
Seat 6: Hero folded before Flop (didn't bet)


Poker Hand #HD1141793865: Hold'em No Limit  ($0.02/$0.05) - 2023/03/01 20:39:45
Table 'NLHBlue22' 6-max Seat #6 is the button
Seat 1: 2f190dc2 ($6.79 in chips)
Seat 4: a70717ab ($6.37 in chips)
Seat 5: 6b8364 ($5.15 in chips)
Seat 6: Hero ($7.7 in chips)
2f190dc2: posts small blind $0.02
a70717ab: posts big blind $0.05
*** HOLE CARDS ***
Dealt to 2f190dc2 
Dealt to a70717ab 
Dealt to 6b8364 
Dealt to Hero [5d Kh]
6b8364: folds
Hero: folds
2f190dc2: raises $0.1 to $0.15
a70717ab: folds
Uncalled bet ($0.1) returned to 2f190dc2
*** SHOWDOWN ***
2f190dc2 collected $0.1 from pot
*** SUMMARY ***
Total pot $0.1 | Rake $0 | Jackpot $0 | Bingo $0 | Fortune $0
Seat 1: 2f190dc2 (small blind) collected ($0.1)
Seat 4: a70717ab (big blind) folded before Flop
Seat 5: 6b8364 folded before Flop (didn't bet)
Seat 6: Hero (button) folded before Flop (didn't bet)


Poker Hand #HD1141793831: Hold'em No Limit  ($0.02/$0.05) - 2023/03/01 20:39:34
Table 'NLHBlue22' 6-max Seat #5 is the button
Seat 1: 2f190dc2 ($6.77 in chips)
Seat 2: 904463b4 ($9.51 in chips)
Seat 4: a70717ab ($6.37 in chips)
Seat 5: 6b8364 ($5.15 in chips)
Seat 6: Hero ($7.72 in chips)
Hero: posts small blind $0.02
2f190dc2: posts big blind $0.05
*** HOLE CARDS ***
Dealt to 2f190dc2 
Dealt to 904463b4 
Dealt to a70717ab 
Dealt to 6b8364 
Dealt to Hero [Ts 4h]
904463b4: folds
a70717ab: folds
6b8364: folds
Hero: folds
Uncalled bet ($0.03) returned to 2f190dc2
*** SHOWDOWN ***
2f190dc2 collected $0.04 from pot
*** SUMMARY ***
Total pot $0.04 | Rake $0 | Jackpot $0 | Bingo $0 | Fortune $0
Seat 1: 2f190dc2 (big blind) collected ($0.04)
Seat 2: 904463b4 folded before Flop (didn't bet)
Seat 4: a70717ab folded before Flop (didn't bet)
Seat 5: 6b8364 (button) folded before Flop (didn't bet)
Seat 6: Hero (small blind) folded before Flop


Poker Hand #HD1141793778: Hold'em No Limit  ($0.02/$0.05) - 2023/03/01 20:39:17
Table 'NLHBlue22' 6-max Seat #4 is the button
Seat 1: 2f190dc2 ($6.77 in chips)
Seat 2: 904463b4 ($9.51 in chips)
Seat 4: a70717ab ($6.3 in chips)
Seat 5: 6b8364 ($5.17 in chips)
Seat 6: Hero ($7.77 in chips)
6b8364: posts small blind $0.02
Hero: posts big blind $0.05
*** HOLE CARDS ***
Dealt to 2f190dc2 
Dealt to 904463b4 
Dealt to a70717ab 
Dealt to 6b8364 
Dealt to Hero [3h 8c]
2f190dc2: folds
904463b4: folds
a70717ab: raises $0.07 to $0.12
6b8364: folds
Hero: folds
Uncalled bet ($0.07) returned to a70717ab
*** SHOWDOWN ***
a70717ab collected $0.12 from pot
*** SUMMARY ***
Total pot $0.12 | Rake $0 | Jackpot $0 | Bingo $0 | Fortune $0
Seat 1: 2f190dc2 folded before Flop (didn't bet)
Seat 2: 904463b4 folded before Flop (didn't bet)
Seat 4: a70717ab (button) collected ($0.12)
Seat 5: 6b8364 (small blind) folded before Flop
Seat 6: Hero (big blind) folded before Flop


Poker Hand #HD1141793723: Hold'em No Limit  ($0.02/$0.05) - 2023/03/01 20:38:59
Table 'NLHBlue22' 6-max Seat #2 is the button
Seat 1: 2f190dc2 ($6.77 in chips)
Seat 2: 904463b4 ($9.51 in chips)
Seat 3: 50501b50 ($5 in chips)
Seat 4: a70717ab ($6.28 in chips)
Seat 5: 6b8364 ($5.17 in chips)
Seat 6: Hero ($7.77 in chips)
50501b50: posts small blind $0.02
a70717ab: posts big blind $0.05
*** HOLE CARDS ***
Dealt to 2f190dc2 
Dealt to 904463b4 
Dealt to 50501b50 
Dealt to a70717ab 
Dealt to 6b8364 
Dealt to Hero [7c Ad]
6b8364: folds
Hero: folds
2f190dc2: folds
904463b4: folds
50501b50: folds
Uncalled bet ($0.03) returned to a70717ab
*** SHOWDOWN ***
a70717ab collected $0.04 from pot
*** SUMMARY ***
Total pot $0.04 | Rake $0 | Jackpot $0 | Bingo $0 | Fortune $0
Seat 1: 2f190dc2 folded before Flop (didn't bet)
Seat 2: 904463b4 (button) folded before Flop (didn't bet)
Seat 3: 50501b50 (small blind) folded before Flop
Seat 4: a70717ab (big blind) collected ($0.04)
Seat 5: 6b8364 folded before Flop (didn't bet)
Seat 6: Hero folded before Flop (didn't bet)


Poker Hand #HD1141793512: Hold'em No Limit  ($0.02/$0.05) - 2023/03/01 20:37:42
Table 'NLHBlue22' 6-max Seat #1 is the button
Seat 1: 2f190dc2 ($6.77 in chips)
Seat 2: 904463b4 ($5.03 in chips)
Seat 3: 50501b50 ($5.38 in chips)
Seat 4: a70717ab ($6.28 in chips)
Seat 5: 6b8364 ($5.17 in chips)
Seat 6: Hero ($7.77 in chips)
904463b4: posts small blind $0.02
50501b50: posts big blind $0.05
*** HOLE CARDS ***
Dealt to 2f190dc2 
Dealt to 904463b4 
Dealt to 50501b50 
Dealt to a70717ab 
Dealt to 6b8364 
Dealt to Hero [6d Qc]
a70717ab: folds
6b8364: folds
Hero: folds
2f190dc2: folds
904463b4: raises $0.08 to $0.13
50501b50: calls $0.08
*** FLOP *** [Td Tc 8d]
904463b4: checks
50501b50: checks
*** TURN *** [Td Tc 8d] [5d]
904463b4: checks
50501b50: checks
*** RIVER *** [Td Tc 8d 5d] [Kd]
904463b4: bets $0.21
50501b50: raises $5.04 to $5.25 and is all-in
904463b4: calls $4.69 and is all-in
Uncalled bet ($0.35) returned to 50501b50
50501b50: shows [2c Ad] (Ace High Flush)
904463b4: shows [Ts 8c] (Tens Full over Eights)
*** SHOWDOWN ***
904463b4 collected $9.51 from pot
*** SUMMARY ***
Total pot $10.06 | Rake $0.5 | Jackpot $0.05 | Bingo $0 | Fortune $0
Board [Td Tc 8d 5d Kd]
Seat 1: 2f190dc2 (button) folded before Flop (didn't bet)
Seat 2: 904463b4 (small blind) showed [Ts 8c] and won ($9.51) with Tens Full over Eights
Seat 3: 50501b50 (big blind) showed [2c Ad] and lost with Ace High Flush
Seat 4: a70717ab folded before Flop (didn't bet)
Seat 5: 6b8364 folded before Flop (didn't bet)
Seat 6: Hero folded before Flop (didn't bet)


Poker Hand #HD1141793343: Hold'em No Limit  ($0.02/$0.05) - 2023/03/01 20:36:43
Table 'NLHBlue22' 6-max Seat #6 is the button
Seat 1: 2f190dc2 ($6.79 in chips)
Seat 2: 904463b4 ($5.21 in chips)
Seat 3: 50501b50 ($5.43 in chips)
Seat 4: a70717ab ($6.28 in chips)
Seat 5: 6b8364 ($5.17 in chips)
Seat 6: Hero ($7.54 in chips)
2f190dc2: posts small blind $0.02
904463b4: posts big blind $0.05
*** HOLE CARDS ***
Dealt to 2f190dc2 
Dealt to 904463b4 
Dealt to 50501b50 
Dealt to a70717ab 
Dealt to 6b8364 
Dealt to Hero [Ah Ts]
50501b50: calls $0.05
a70717ab: folds
6b8364: folds
Hero: raises $0.13 to $0.18
2f190dc2: folds
904463b4: calls $0.13
50501b50: folds
*** FLOP *** [2c Kc 4c]
904463b4: checks
Hero: checks
*** TURN *** [2c Kc 4c] [7c]
904463b4: checks
Hero: checks
*** RIVER *** [2c Kc 4c 7c] [Td]
904463b4: checks
Hero: checks
904463b4: shows [Jh 8h] (King-High)
Hero: shows [Ah Ts] (Pair of Tens)
*** SHOWDOWN ***
Hero collected $0.41 from pot
*** SUMMARY ***
Total pot $0.43 | Rake $0.02 | Jackpot $0 | Bingo $0 | Fortune $0
Board [2c Kc 4c 7c Td]
Seat 1: 2f190dc2 (small blind) folded before Flop
Seat 2: 904463b4 (big blind) showed [Jh 8h] and lost with King-High
Seat 3: 50501b50 folded before Flop
Seat 4: a70717ab folded before Flop (didn't bet)
Seat 5: 6b8364 folded before Flop (didn't bet)
Seat 6: Hero (button) showed [Ah Ts] and won ($0.41) with Pair of Tens


Poker Hand #HD1141793192: Hold'em No Limit  ($0.02/$0.05) - 2023/03/01 20:35:49
Table 'NLHBlue22' 6-max Seat #5 is the button
Seat 1: 2f190dc2 ($6.93 in chips)
Seat 2: 904463b4 ($5.21 in chips)
Seat 3: 50501b50 ($5.43 in chips)
Seat 4: a70717ab ($6.28 in chips)
Seat 5: 6b8364 ($5.17 in chips)
Seat 6: Hero ($7.41 in chips)
Hero: posts small blind $0.02
2f190dc2: posts big blind $0.05
*** HOLE CARDS ***
Dealt to 2f190dc2 
Dealt to 904463b4 
Dealt to 50501b50 
Dealt to a70717ab 
Dealt to 6b8364 
Dealt to Hero [Ts 8s]
904463b4: folds
50501b50: folds
a70717ab: folds
6b8364: folds
Hero: raises $0.09 to $0.14
2f190dc2: calls $0.09
*** FLOP *** [Qc 9s 6h]
Hero: checks
2f190dc2: checks
*** TURN *** [Qc 9s 6h] [Th]
Hero: bets $0.21
2f190dc2: folds
Uncalled bet ($0.21) returned to Hero
*** SHOWDOWN ***
Hero collected $0.27 from pot
*** SUMMARY ***
Total pot $0.28 | Rake $0.01 | Jackpot $0 | Bingo $0 | Fortune $0
Board [Qc 9s 6h Th]
Seat 1: 2f190dc2 (big blind) folded on the Turn
Seat 2: 904463b4 folded before Flop (didn't bet)
Seat 3: 50501b50 folded before Flop (didn't bet)
Seat 4: a70717ab folded before Flop (didn't bet)
Seat 5: 6b8364 (button) folded before Flop (didn't bet)
Seat 6: Hero (small blind) won ($0.27)


Poker Hand #HD1141792968: Hold'em No Limit  ($0.02/$0.05) - 2023/03/01 20:34:25
Table 'NLHBlue22' 6-max Seat #4 is the button
Seat 1: 2f190dc2 ($6.93 in chips)
Seat 2: 904463b4 ($5.21 in chips)
Seat 3: 50501b50 ($5.33 in chips)
Seat 4: a70717ab ($6.28 in chips)
Seat 5: 6b8364 ($5.22 in chips)
Seat 6: Hero ($7.46 in chips)
6b8364: posts small blind $0.02
Hero: posts big blind $0.05
*** HOLE CARDS ***
Dealt to 2f190dc2 
Dealt to 904463b4 
Dealt to 50501b50 
Dealt to a70717ab 
Dealt to 6b8364 
Dealt to Hero [5d 2d]
2f190dc2: folds
904463b4: folds
50501b50: calls $0.05
a70717ab: folds
6b8364: calls $0.03
Hero: checks
*** FLOP *** [Ac Jd Tc]
6b8364: checks
Hero: checks
50501b50: checks
*** TURN *** [Ac Jd Tc] [7s]
6b8364: checks
Hero: checks
50501b50: checks
*** RIVER *** [Ac Jd Tc 7s] [Jc]
6b8364: checks
Hero: checks
50501b50: bets $0.15
6b8364: folds
Hero: folds
Uncalled bet ($0.15) returned to 50501b50
*** SHOWDOWN ***
50501b50 collected $0.15 from pot
*** SUMMARY ***
Total pot $0.15 | Rake $0 | Jackpot $0 | Bingo $0 | Fortune $0
Board [Ac Jd Tc 7s Jc]
Seat 1: 2f190dc2 folded before Flop (didn't bet)
Seat 2: 904463b4 folded before Flop (didn't bet)
Seat 3: 50501b50 won ($0.15)
Seat 4: a70717ab (button) folded before Flop (didn't bet)
Seat 5: 6b8364 (small blind) folded on the River
Seat 6: Hero (big blind) folded on the River


Poker Hand #HD1141792896: Hold'em No Limit  ($0.02/$0.05) - 2023/03/01 20:33:57
Table 'NLHBlue22' 6-max Seat #3 is the button
Seat 1: 2f190dc2 ($6.93 in chips)
Seat 2: 904463b4 ($5.14 in chips)
Seat 3: 50501b50 ($5.33 in chips)
Seat 4: a70717ab ($6.3 in chips)
Seat 5: 6b8364 ($5.27 in chips)
Seat 6: Hero ($7.46 in chips)
a70717ab: posts small blind $0.02
6b8364: posts big blind $0.05
*** HOLE CARDS ***
Dealt to 2f190dc2 
Dealt to 904463b4 
Dealt to 50501b50 
Dealt to a70717ab 
Dealt to 6b8364 
Dealt to Hero [Kd 4h]
Hero: folds
2f190dc2: folds
904463b4: raises $0.08 to $0.13
50501b50: folds
a70717ab: folds
6b8364: folds
Uncalled bet ($0.08) returned to 904463b4
*** SHOWDOWN ***
904463b4 collected $0.12 from pot
*** SUMMARY ***
Total pot $0.12 | Rake $0 | Jackpot $0 | Bingo $0 | Fortune $0
Seat 1: 2f190dc2 folded before Flop (didn't bet)
Seat 2: 904463b4 collected ($0.12)
Seat 3: 50501b50 (button) folded before Flop (didn't bet)
Seat 4: a70717ab (small blind) folded before Flop
Seat 5: 6b8364 (big blind) folded before Flop
Seat 6: Hero folded before Flop (didn't bet)


Poker Hand #HD1141792770: Hold'em No Limit  ($0.02/$0.05) - 2023/03/01 20:33:12
Table 'NLHBlue22' 6-max Seat #2 is the button
Seat 1: 2f190dc2 ($6.93 in chips)
Seat 2: 904463b4 ($5.14 in chips)
Seat 3: 50501b50 ($5.51 in chips)
Seat 4: a70717ab ($6.13 in chips)
Seat 5: 6b8364 ($5.27 in chips)
Seat 6: Hero ($7.46 in chips)
50501b50: posts small blind $0.02
a70717ab: posts big blind $0.05
*** HOLE CARDS ***
Dealt to 2f190dc2 
Dealt to 904463b4 
Dealt to 50501b50 
Dealt to a70717ab 
Dealt to 6b8364 
Dealt to Hero [As 5h]
6b8364: folds
Hero: folds
2f190dc2: folds
904463b4: folds
50501b50: calls $0.03
a70717ab: raises $0.13 to $0.18
50501b50: calls $0.13
*** FLOP *** [2h Qc Qs]
50501b50: checks
a70717ab: bets $0.12
50501b50: folds
Uncalled bet ($0.12) returned to a70717ab
*** SHOWDOWN ***
a70717ab collected $0.35 from pot
*** SUMMARY ***
Total pot $0.36 | Rake $0.01 | Jackpot $0 | Bingo $0 | Fortune $0
Board [2h Qc Qs]
Seat 1: 2f190dc2 folded before Flop (didn't bet)
Seat 2: 904463b4 (button) folded before Flop (didn't bet)
Seat 3: 50501b50 (small blind) folded on the Flop
Seat 4: a70717ab (big blind) won ($0.35)
Seat 5: 6b8364 folded before Flop (didn't bet)
Seat 6: Hero folded before Flop (didn't bet)


Poker Hand #HD1141792739: Hold'em No Limit  ($0.02/$0.05) - 2023/03/01 20:33:03
Table 'NLHBlue22' 6-max Seat #1 is the button
Seat 1: 2f190dc2 ($6.93 in chips)
Seat 2: 904463b4 ($5.16 in chips)
Seat 3: 50501b50 ($5.49 in chips)
Seat 4: a70717ab ($6.13 in chips)
Seat 5: 6b8364 ($5.27 in chips)
Seat 6: Hero ($7.46 in chips)
904463b4: posts small blind $0.02
50501b50: posts big blind $0.05
*** HOLE CARDS ***
Dealt to 2f190dc2 
Dealt to 904463b4 
Dealt to 50501b50 
Dealt to a70717ab 
Dealt to 6b8364 
Dealt to Hero [2c 9s]
a70717ab: folds
6b8364: folds
Hero: folds
2f190dc2: folds
904463b4: folds
Uncalled bet ($0.03) returned to 50501b50
*** SHOWDOWN ***
50501b50 collected $0.04 from pot
*** SUMMARY ***
Total pot $0.04 | Rake $0 | Jackpot $0 | Bingo $0 | Fortune $0
Seat 1: 2f190dc2 (button) folded before Flop (didn't bet)
Seat 2: 904463b4 (small blind) folded before Flop
Seat 3: 50501b50 (big blind) collected ($0.04)
Seat 4: a70717ab folded before Flop (didn't bet)
Seat 5: 6b8364 folded before Flop (didn't bet)
Seat 6: Hero folded before Flop (didn't bet)


Poker Hand #HD1141792585: Hold'em No Limit  ($0.02/$0.05) - 2023/03/01 20:32:05
Table 'NLHBlue22' 6-max Seat #6 is the button
Seat 1: 2f190dc2 ($6.95 in chips)
Seat 2: 904463b4 ($5.43 in chips)
Seat 3: 50501b50 ($5.49 in chips)
Seat 4: a70717ab ($6.13 in chips)
Seat 5: 6b8364 ($5 in chips)
Seat 6: Hero ($7.46 in chips)
2f190dc2: posts small blind $0.02
904463b4: posts big blind $0.05
*** HOLE CARDS ***
Dealt to 2f190dc2 
Dealt to 904463b4 
Dealt to 50501b50 
Dealt to a70717ab 
Dealt to 6b8364 
Dealt to Hero [Tc Kh]
50501b50: folds
a70717ab: folds
6b8364: raises $0.08 to $0.13
Hero: folds
2f190dc2: folds
904463b4: calls $0.08
*** FLOP *** [4h 3h 6d]
904463b4: checks
6b8364: bets $0.14
904463b4: calls $0.14
*** TURN *** [4h 3h 6d] [Td]
904463b4: checks
6b8364: bets $0.3
904463b4: folds
Uncalled bet ($0.3) returned to 6b8364
*** SHOWDOWN ***
6b8364 collected $0.54 from pot
*** SUMMARY ***
Total pot $0.56 | Rake $0.02 | Jackpot $0 | Bingo $0 | Fortune $0
Board [4h 3h 6d Td]
Seat 1: 2f190dc2 (small blind) folded before Flop
Seat 2: 904463b4 (big blind) folded on the Turn
Seat 3: 50501b50 folded before Flop (didn't bet)
Seat 4: a70717ab folded before Flop (didn't bet)
Seat 5: 6b8364 won ($0.54)
Seat 6: Hero (button) folded before Flop (didn't bet)


Poker Hand #HD1141792467: Hold'em No Limit  ($0.02/$0.05) - 2023/03/01 20:31:22
Table 'NLHBlue22' 6-max Seat #5 is the button
Seat 1: 2f190dc2 ($6.82 in chips)
Seat 2: 904463b4 ($5.43 in chips)
Seat 3: 50501b50 ($5.49 in chips)
Seat 4: a70717ab ($6.13 in chips)
Seat 5: 6b8364 ($5 in chips)
Seat 6: Hero ($7.6 in chips)
Hero: posts small blind $0.02
2f190dc2: posts big blind $0.05
*** HOLE CARDS ***
Dealt to 2f190dc2 
Dealt to 904463b4 
Dealt to 50501b50 
Dealt to a70717ab 
Dealt to 6b8364 
Dealt to Hero [Js 9h]
904463b4: folds
50501b50: folds
a70717ab: folds
6b8364: folds
Hero: raises $0.09 to $0.14
2f190dc2: raises $0.32 to $0.46
Hero: folds
Uncalled bet ($0.32) returned to 2f190dc2
*** SHOWDOWN ***
2f190dc2 collected $0.27 from pot
*** SUMMARY ***
Total pot $0.28 | Rake $0.01 | Jackpot $0 | Bingo $0 | Fortune $0
Seat 1: 2f190dc2 (big blind) collected ($0.27)
Seat 2: 904463b4 folded before Flop (didn't bet)
Seat 3: 50501b50 folded before Flop (didn't bet)
Seat 4: a70717ab folded before Flop (didn't bet)
Seat 5: 6b8364 (button) folded before Flop (didn't bet)
Seat 6: Hero (small blind) folded before Flop


Poker Hand #HD1141792397: Hold'em No Limit  ($0.02/$0.05) - 2023/03/01 20:30:53
Table 'NLHBlue22' 6-max Seat #4 is the button
Seat 1: 2f190dc2 ($6.82 in chips)
Seat 2: 904463b4 ($5.43 in chips)
Seat 3: 50501b50 ($5.49 in chips)
Seat 4: a70717ab ($6.13 in chips)
Seat 5: 6b8364 ($5.02 in chips)
Seat 6: Hero ($7.55 in chips)
6b8364: posts small blind $0.02
Hero: posts big blind $0.05
*** HOLE CARDS ***
Dealt to 2f190dc2 
Dealt to 904463b4 
Dealt to 50501b50 
Dealt to a70717ab 
Dealt to 6b8364 
Dealt to Hero [8s Qh]
2f190dc2: folds
904463b4: folds
50501b50: folds
a70717ab: folds
6b8364: calls $0.03
Hero: checks
*** FLOP *** [3d 9d 9c]
6b8364: checks
Hero: bets $0.1
6b8364: folds
Uncalled bet ($0.1) returned to Hero
*** SHOWDOWN ***
Hero collected $0.1 from pot
*** SUMMARY ***
Total pot $0.1 | Rake $0 | Jackpot $0 | Bingo $0 | Fortune $0
Board [3d 9d 9c]
Seat 1: 2f190dc2 folded before Flop (didn't bet)
Seat 2: 904463b4 folded before Flop (didn't bet)
Seat 3: 50501b50 folded before Flop (didn't bet)
Seat 4: a70717ab (button) folded before Flop (didn't bet)
Seat 5: 6b8364 (small blind) folded on the Flop
Seat 6: Hero (big blind) won ($0.1)


Poker Hand #HD1141792366: Hold'em No Limit  ($0.02/$0.05) - 2023/03/01 20:30:39
Table 'NLHBlue22' 6-max Seat #3 is the button
Seat 1: 2f190dc2 ($6.82 in chips)
Seat 2: 904463b4 ($5.43 in chips)
Seat 3: 50501b50 ($5.49 in chips)
Seat 4: a70717ab ($6.15 in chips)
Seat 5: 6b8364 ($5 in chips)
Seat 6: Hero ($7.55 in chips)
a70717ab: posts small blind $0.02
6b8364: posts big blind $0.05
*** HOLE CARDS ***
Dealt to 2f190dc2 
Dealt to 904463b4 
Dealt to 50501b50 
Dealt to a70717ab 
Dealt to 6b8364 
Dealt to Hero [Kc 9h]
Hero: folds
2f190dc2: folds
904463b4: folds
50501b50: folds
a70717ab: folds
Uncalled bet ($0.03) returned to 6b8364
*** SHOWDOWN ***
6b8364 collected $0.04 from pot
*** SUMMARY ***
Total pot $0.04 | Rake $0 | Jackpot $0 | Bingo $0 | Fortune $0
Seat 1: 2f190dc2 folded before Flop (didn't bet)
Seat 2: 904463b4 folded before Flop (didn't bet)
Seat 3: 50501b50 (button) folded before Flop (didn't bet)
Seat 4: a70717ab (small blind) folded before Flop
Seat 5: 6b8364 (big blind) collected ($0.04)
Seat 6: Hero folded before Flop (didn't bet)


Poker Hand #HD1141792245: Hold'em No Limit  ($0.02/$0.05) - 2023/03/01 20:29:59
Table 'NLHBlue22' 6-max Seat #2 is the button
Seat 1: 2f190dc2 ($7.19 in chips)
Seat 2: 904463b4 ($5.43 in chips)
Seat 3: 50501b50 ($5.51 in chips)
Seat 4: a70717ab ($5.68 in chips)
Seat 5: 6b8364 ($5 in chips)
Seat 6: Hero ($7.67 in chips)
50501b50: posts small blind $0.02
a70717ab: posts big blind $0.05
*** HOLE CARDS ***
Dealt to 2f190dc2 
Dealt to 904463b4 
Dealt to 50501b50 
Dealt to a70717ab 
Dealt to 6b8364 
Dealt to Hero [Ah Ks]
6b8364: folds
Hero: raises $0.07 to $0.12
2f190dc2: raises $0.25 to $0.37
904463b4: folds
50501b50: folds
a70717ab: raises $0.59 to $0.96
Hero: folds
2f190dc2: folds
Uncalled bet ($0.59) returned to a70717ab
*** SHOWDOWN ***
a70717ab collected $0.84 from pot
*** SUMMARY ***
Total pot $0.88 | Rake $0.04 | Jackpot $0 | Bingo $0 | Fortune $0
Seat 1: 2f190dc2 folded before Flop
Seat 2: 904463b4 (button) folded before Flop (didn't bet)
Seat 3: 50501b50 (small blind) folded before Flop
Seat 4: a70717ab (big blind) collected ($0.84)
Seat 5: 6b8364 folded before Flop (didn't bet)
Seat 6: Hero folded before Flop


Poker Hand #HD1141792130: Hold'em No Limit  ($0.02/$0.05) - 2023/03/01 20:29:14
Table 'NLHBlue22' 6-max Seat #1 is the button
Seat 1: 2f190dc2 ($7.18 in chips)
Seat 2: 904463b4 ($5.45 in chips)
Seat 3: 50501b50 ($5.5 in chips)
Seat 4: a70717ab ($5.68 in chips)
Seat 5: 6b8364 ($5 in chips)
Seat 6: Hero ($7.67 in chips)
904463b4: posts small blind $0.02
50501b50: posts big blind $0.05
*** HOLE CARDS ***
Dealt to 2f190dc2 
Dealt to 904463b4 
Dealt to 50501b50 
Dealt to a70717ab 
Dealt to 6b8364 
Dealt to Hero [As 6c]
a70717ab: folds
6b8364: folds
Hero: folds
2f190dc2: raises $0.08 to $0.13
904463b4: folds
50501b50: calls $0.08
*** FLOP *** [Ah 6d 9c]
50501b50: checks
2f190dc2: checks
*** TURN *** [Ah 6d 9c] [Kc]
50501b50: checks
2f190dc2: checks
*** RIVER *** [Ah 6d 9c Kc] [2c]
50501b50: checks
2f190dc2: checks
50501b50: shows [8c 9s] (Pair of Nines)
2f190dc2: shows [9d 8h] (Pair of Nines)
*** SHOWDOWN ***
50501b50 collected $0.14 from pot
2f190dc2 collected $0.14 from pot
*** SUMMARY ***
Total pot $0.28 | Rake $0 | Jackpot $0 | Bingo $0 | Fortune $0
Board [Ah 6d 9c Kc 2c]
Seat 1: 2f190dc2 (button) showed [9d 8h] and won ($0.14) with Pair of Nines
Seat 2: 904463b4 (small blind) folded before Flop
Seat 3: 50501b50 (big blind) showed [8c 9s] and won ($0.14) with Pair of Nines
Seat 4: a70717ab folded before Flop (didn't bet)
Seat 5: 6b8364 folded before Flop (didn't bet)
Seat 6: Hero folded before Flop (didn't bet)


Poker Hand #HD1141792017: Hold'em No Limit  ($0.02/$0.05) - 2023/03/01 20:28:34
Table 'NLHBlue22' 6-max Seat #6 is the button
Seat 1: 2f190dc2 ($7.2 in chips)
Seat 2: 904463b4 ($5.5 in chips)
Seat 3: 50501b50 ($5.25 in chips)
Seat 4: a70717ab ($5.68 in chips)
Seat 5: 6b8364 ($5 in chips)
Seat 6: Hero ($7.87 in chips)
2f190dc2: posts small blind $0.02
904463b4: posts big blind $0.05
*** HOLE CARDS ***
Dealt to 2f190dc2 
Dealt to 904463b4 
Dealt to 50501b50 
Dealt to a70717ab 
Dealt to 6b8364 
Dealt to Hero [6d 6h]
50501b50: calls $0.05
a70717ab: folds
6b8364: folds
Hero: raises $0.15 to $0.2
2f190dc2: folds
904463b4: folds
50501b50: calls $0.15
*** FLOP *** [3s Qh 9s]
50501b50: checks
Hero: checks
*** TURN *** [3s Qh 9s] [Js]
50501b50: checks
Hero: checks
*** RIVER *** [3s Qh 9s Js] [Kh]
50501b50: bets $0.24
Hero: folds
Uncalled bet ($0.24) returned to 50501b50
*** SHOWDOWN ***
50501b50 collected $0.45 from pot
*** SUMMARY ***
Total pot $0.47 | Rake $0.02 | Jackpot $0 | Bingo $0 | Fortune $0
Board [3s Qh 9s Js Kh]
Seat 1: 2f190dc2 (small blind) folded before Flop
Seat 2: 904463b4 (big blind) folded before Flop
Seat 3: 50501b50 won ($0.45)
Seat 4: a70717ab folded before Flop (didn't bet)
Seat 5: 6b8364 folded before Flop (didn't bet)
Seat 6: Hero (button) folded on the River


Poker Hand #HD1141791891: Hold'em No Limit  ($0.02/$0.05) - 2023/03/01 20:27:46
Table 'NLHBlue22' 6-max Seat #5 is the button
Seat 1: 2f190dc2 ($7.19 in chips)
Seat 2: 904463b4 ($5.5 in chips)
Seat 3: 50501b50 ($5.24 in chips)
Seat 4: a70717ab ($5.68 in chips)
Seat 5: 6b8364 ($5 in chips)
Seat 6: Hero ($7.89 in chips)
Hero: posts small blind $0.02
2f190dc2: posts big blind $0.05
*** HOLE CARDS ***
Dealt to 2f190dc2 
Dealt to 904463b4 
Dealt to 50501b50 
Dealt to a70717ab 
Dealt to 6b8364 
Dealt to Hero [6h Ac]
904463b4: folds
50501b50: calls $0.05
a70717ab: folds
6b8364: folds
Hero: folds
2f190dc2: checks
*** FLOP *** [Js Kd Jd]
2f190dc2: checks
50501b50: checks
*** TURN *** [Js Kd Jd] [9s]
2f190dc2: checks
50501b50: checks
*** RIVER *** [Js Kd Jd 9s] [Qc]
2f190dc2: checks
50501b50: checks
2f190dc2: shows [6d 4h] (Pair of Jacks)
50501b50: shows [6c 5c] (Pair of Jacks)
*** SHOWDOWN ***
2f190dc2 collected $0.06 from pot
50501b50 collected $0.06 from pot
*** SUMMARY ***
Total pot $0.12 | Rake $0 | Jackpot $0 | Bingo $0 | Fortune $0
Board [Js Kd Jd 9s Qc]
Seat 1: 2f190dc2 (big blind) showed [6d 4h] and won ($0.06) with Pair of Jacks
Seat 2: 904463b4 folded before Flop (didn't bet)
Seat 3: 50501b50 showed [6c 5c] and won ($0.06) with Pair of Jacks
Seat 4: a70717ab folded before Flop (didn't bet)
Seat 5: 6b8364 (button) folded before Flop (didn't bet)
Seat 6: Hero (small blind) folded before Flop


Poker Hand #HD1141791733: Hold'em No Limit  ($0.02/$0.05) - 2023/03/01 20:26:45
Table 'NLHBlue22' 6-max Seat #4 is the button
Seat 1: 2f190dc2 ($7.19 in chips)
Seat 2: 904463b4 ($5.5 in chips)
Seat 3: 50501b50 ($5.24 in chips)
Seat 4: a70717ab ($5.68 in chips)
Seat 5: 6b8364 ($5 in chips)
Seat 6: Hero ($7.89 in chips)
6b8364: posts small blind $0.02
Hero: posts big blind $0.05
*** HOLE CARDS ***
Dealt to 2f190dc2 
Dealt to 904463b4 
Dealt to 50501b50 
Dealt to a70717ab 
Dealt to 6b8364 
Dealt to Hero [Jh 5c]
2f190dc2: folds
904463b4: folds
50501b50: calls $0.05
a70717ab: folds
6b8364: folds
Hero: checks
*** FLOP *** [Js Tc 3h]
Hero: bets $0.06
50501b50: calls $0.06
*** TURN *** [Js Tc 3h] [Qh]
Hero: checks
50501b50: checks
*** RIVER *** [Js Tc 3h Qh] [Qd]
Hero: bets $0.12
50501b50: calls $0.12
Hero: shows [Jh 5c] (Pair of Queens and Pair of Jacks)
50501b50: shows [8s Jc] (Pair of Queens and Pair of Jacks)
*** SHOWDOWN ***
Hero collected $0.23 from pot
50501b50 collected $0.23 from pot
*** SUMMARY ***
Total pot $0.48 | Rake $0.02 | Jackpot $0 | Bingo $0 | Fortune $0
Board [Js Tc 3h Qh Qd]
Seat 1: 2f190dc2 folded before Flop (didn't bet)
Seat 2: 904463b4 folded before Flop (didn't bet)
Seat 3: 50501b50 showed [8s Jc] and won ($0.23) with Pair of Queens and Pair of Jacks
Seat 4: a70717ab (button) folded before Flop (didn't bet)
Seat 5: 6b8364 (small blind) folded before Flop
Seat 6: Hero (big blind) showed [Jh 5c] and won ($0.23) with Pair of Queens and Pair of Jacks


Poker Hand #HD1141791573: Hold'em No Limit  ($0.02/$0.05) - 2023/03/01 20:25:45
Table 'NLHBlue22' 6-max Seat #3 is the button
Seat 1: 2f190dc2 ($7.32 in chips)
Seat 2: 904463b4 ($5.5 in chips)
Seat 3: 50501b50 ($5.05 in chips)
Seat 4: a70717ab ($5.7 in chips)
Seat 5: 6b8364 ($5 in chips)
Seat 6: Hero ($7.89 in chips)
a70717ab: posts small blind $0.02
6b8364: posts big blind $0.05
*** HOLE CARDS ***
Dealt to 2f190dc2 
Dealt to 904463b4 
Dealt to 50501b50 
Dealt to a70717ab 
Dealt to 6b8364 
Dealt to Hero [3h 9d]
Hero: folds
2f190dc2: raises $0.08 to $0.13
904463b4: folds
50501b50: calls $0.13
a70717ab: folds
6b8364: folds
*** FLOP *** [8d Jd 8s]
2f190dc2: checks
50501b50: checks
*** TURN *** [8d Jd 8s] [9s]
2f190dc2: checks
50501b50: checks
*** RIVER *** [8d Jd 8s 9s] [Ac]
2f190dc2: checks
50501b50: checks
2f190dc2: shows [Qs Kc] (Pair of Eights)
50501b50: shows [Ad 5c] (Pair of Aces and Pair of Eights)
*** SHOWDOWN ***
50501b50 collected $0.32 from pot
*** SUMMARY ***
Total pot $0.33 | Rake $0.01 | Jackpot $0 | Bingo $0 | Fortune $0
Board [8d Jd 8s 9s Ac]
Seat 1: 2f190dc2 showed [Qs Kc] and lost with Pair of Eights
Seat 2: 904463b4 folded before Flop (didn't bet)
Seat 3: 50501b50 (button) showed [Ad 5c] and won ($0.32) with Pair of Aces and Pair of Eights
Seat 4: a70717ab (small blind) folded before Flop
Seat 5: 6b8364 (big blind) folded before Flop
Seat 6: Hero folded before Flop (didn't bet)


Poker Hand #HD1141791484: Hold'em No Limit  ($0.02/$0.05) - 2023/03/01 20:25:16
Table 'NLHBlue22' 6-max Seat #2 is the button
Seat 1: 2f190dc2 ($7.32 in chips)
Seat 2: 904463b4 ($5.5 in chips)
Seat 3: 50501b50 ($5.07 in chips)
Seat 4: a70717ab ($5.75 in chips)
Seat 5: 6b8364 ($5 in chips)
Seat 6: Hero ($7.82 in chips)
50501b50: posts small blind $0.02
a70717ab: posts big blind $0.05
*** HOLE CARDS ***
Dealt to 2f190dc2 
Dealt to 904463b4 
Dealt to 50501b50 
Dealt to a70717ab 
Dealt to 6b8364 
Dealt to Hero [Js Ts]
6b8364: folds
Hero: raises $0.07 to $0.12
2f190dc2: folds
904463b4: folds
50501b50: folds
a70717ab: folds
Uncalled bet ($0.07) returned to Hero
*** SHOWDOWN ***
Hero collected $0.12 from pot
*** SUMMARY ***
Total pot $0.12 | Rake $0 | Jackpot $0 | Bingo $0 | Fortune $0
Seat 1: 2f190dc2 folded before Flop (didn't bet)
Seat 2: 904463b4 (button) folded before Flop (didn't bet)
Seat 3: 50501b50 (small blind) folded before Flop
Seat 4: a70717ab (big blind) folded before Flop
Seat 5: 6b8364 folded before Flop (didn't bet)
Seat 6: Hero collected ($0.12)


Poker Hand #HD1141791401: Hold'em No Limit  ($0.02/$0.05) - 2023/03/01 20:24:48
Table 'NLHBlue22' 6-max Seat #1 is the button
Seat 1: 2f190dc2 ($7.25 in chips)
Seat 2: 904463b4 ($5.52 in chips)
Seat 3: 50501b50 ($5.12 in chips)
Seat 4: a70717ab ($5.75 in chips)
Seat 5: 6b8364 ($5 in chips)
Seat 6: Hero ($7.82 in chips)
904463b4: posts small blind $0.02
50501b50: posts big blind $0.05
*** HOLE CARDS ***
Dealt to 2f190dc2 
Dealt to 904463b4 
Dealt to 50501b50 
Dealt to a70717ab 
Dealt to 6b8364 
Dealt to Hero [Qc 6c]
a70717ab: folds
6b8364: folds
Hero: folds
2f190dc2: raises $0.08 to $0.13
904463b4: folds
50501b50: folds
Uncalled bet ($0.08) returned to 2f190dc2
*** SHOWDOWN ***
2f190dc2 collected $0.12 from pot
*** SUMMARY ***
Total pot $0.12 | Rake $0 | Jackpot $0 | Bingo $0 | Fortune $0
Seat 1: 2f190dc2 (button) collected ($0.12)
Seat 2: 904463b4 (small blind) folded before Flop
Seat 3: 50501b50 (big blind) folded before Flop
Seat 4: a70717ab folded before Flop (didn't bet)
Seat 5: 6b8364 folded before Flop (didn't bet)
Seat 6: Hero folded before Flop (didn't bet)


Poker Hand #HD1141791285: Hold'em No Limit  ($0.02/$0.05) - 2023/03/01 20:24:04
Table 'NLHBlue22' 6-max Seat #6 is the button
Seat 1: 2f190dc2 ($7.27 in chips)
Seat 2: 904463b4 ($5.34 in chips)
Seat 3: 50501b50 ($5.29 in chips)
Seat 4: a70717ab ($5.75 in chips)
Seat 5: 6b8364 ($5 in chips)
Seat 6: Hero ($7.82 in chips)
2f190dc2: posts small blind $0.02
904463b4: posts big blind $0.05
*** HOLE CARDS ***
Dealt to 2f190dc2 
Dealt to 904463b4 
Dealt to 50501b50 
Dealt to a70717ab 
Dealt to 6b8364 
Dealt to Hero [Kc 7c]
50501b50: calls $0.05
a70717ab: folds
6b8364: folds
Hero: folds
2f190dc2: folds
904463b4: raises $0.12 to $0.17
50501b50: calls $0.12
*** FLOP *** [Ac 2d 4h]
904463b4: bets $0.21
50501b50: folds
Uncalled bet ($0.21) returned to 904463b4
*** SHOWDOWN ***
904463b4 collected $0.35 from pot
*** SUMMARY ***
Total pot $0.36 | Rake $0.01 | Jackpot $0 | Bingo $0 | Fortune $0
Board [Ac 2d 4h]
Seat 1: 2f190dc2 (small blind) folded before Flop
Seat 2: 904463b4 (big blind) won ($0.35)
Seat 3: 50501b50 folded on the Flop
Seat 4: a70717ab folded before Flop (didn't bet)
Seat 5: 6b8364 folded before Flop (didn't bet)
Seat 6: Hero (button) folded before Flop (didn't bet)


Poker Hand #HD1141791127: Hold'em No Limit  ($0.02/$0.05) - 2023/03/01 20:23:13
Table 'NLHBlue22' 6-max Seat #5 is the button
Seat 1: 2f190dc2 ($7.26 in chips)
Seat 2: 904463b4 ($5.34 in chips)
Seat 3: 50501b50 ($5.28 in chips)
Seat 4: a70717ab ($5.75 in chips)
Seat 5: 6b8364 ($5 in chips)
Seat 6: Hero ($7.84 in chips)
Hero: posts small blind $0.02
2f190dc2: posts big blind $0.05
*** HOLE CARDS ***
Dealt to 2f190dc2 
Dealt to 904463b4 
Dealt to 50501b50 
Dealt to a70717ab 
Dealt to 6b8364 
Dealt to Hero [3d 2d]
904463b4: folds
50501b50: calls $0.05
a70717ab: folds
6b8364: folds
Hero: folds
2f190dc2: checks
*** FLOP *** [4c 9d 4s]
2f190dc2: checks
50501b50: checks
*** TURN *** [4c 9d 4s] [Ks]
2f190dc2: checks
50501b50: checks
*** RIVER *** [4c 9d 4s Ks] [Kc]
2f190dc2: checks
50501b50: checks
2f190dc2: shows [5h 3c] (Pair of Kings and Pair of Fours)
50501b50: shows [2h 2c] (Pair of Kings and Pair of Fours)
*** SHOWDOWN ***
2f190dc2 collected $0.06 from pot
50501b50 collected $0.06 from pot
*** SUMMARY ***
Total pot $0.12 | Rake $0 | Jackpot $0 | Bingo $0 | Fortune $0
Board [4c 9d 4s Ks Kc]
Seat 1: 2f190dc2 (big blind) showed [5h 3c] and won ($0.06) with Pair of Kings and Pair of Fours
Seat 2: 904463b4 folded before Flop (didn't bet)
Seat 3: 50501b50 showed [2h 2c] and won ($0.06) with Pair of Kings and Pair of Fours
Seat 4: a70717ab folded before Flop (didn't bet)
Seat 5: 6b8364 (button) folded before Flop (didn't bet)
Seat 6: Hero (small blind) folded before Flop


Poker Hand #HD1141791009: Hold'em No Limit  ($0.02/$0.05) - 2023/03/01 20:22:32
Table 'NLHBlue22' 6-max Seat #4 is the button
Seat 1: 2f190dc2 ($7.39 in chips)
Seat 2: 904463b4 ($5.15 in chips)
Seat 3: 50501b50 ($5.28 in chips)
Seat 4: a70717ab ($5.75 in chips)
Seat 5: 6b8364 ($5 in chips)
Seat 6: Hero ($7.89 in chips)
6b8364: posts small blind $0.02
Hero: posts big blind $0.05
*** HOLE CARDS ***
Dealt to 2f190dc2 
Dealt to 904463b4 
Dealt to 50501b50 
Dealt to a70717ab 
Dealt to 6b8364 
Dealt to Hero [4d 2h]
2f190dc2: raises $0.08 to $0.13
904463b4: raises $0.33 to $0.46
50501b50: folds
a70717ab: folds
6b8364: folds
Hero: folds
2f190dc2: folds
Uncalled bet ($0.33) returned to 904463b4
*** SHOWDOWN ***
904463b4 collected $0.32 from pot
*** SUMMARY ***
Total pot $0.33 | Rake $0.01 | Jackpot $0 | Bingo $0 | Fortune $0
Seat 1: 2f190dc2 folded before Flop
Seat 2: 904463b4 collected ($0.32)
Seat 3: 50501b50 folded before Flop (didn't bet)
Seat 4: a70717ab (button) folded before Flop (didn't bet)
Seat 5: 6b8364 (small blind) folded before Flop
Seat 6: Hero (big blind) folded before Flop


Poker Hand #HD1141790294: Hold'em No Limit  ($0.02/$0.05) - 2023/03/01 20:18:07
Table 'NLHBlue22' 6-max Seat #2 is the button
Seat 1: 2f190dc2 ($7.03 in chips)
Seat 2: 904463b4 ($5.35 in chips)
Seat 3: 50501b50 ($5.03 in chips)
Seat 4: a70717ab ($5.81 in chips)
Seat 5: 6b8364 ($5 in chips)
Seat 6: Hero ($7.89 in chips)
50501b50: posts small blind $0.02
a70717ab: posts big blind $0.05
*** HOLE CARDS ***
Dealt to 2f190dc2 
Dealt to 904463b4 
Dealt to 50501b50 
Dealt to a70717ab 
Dealt to 6b8364 
Dealt to Hero [6c 4h]
6b8364: calls $0.05
Hero: folds
2f190dc2: folds
904463b4: folds
50501b50: folds
a70717ab: checks
*** FLOP *** [6d 9s Kc]
a70717ab: checks
6b8364: bets $0.09
a70717ab: folds
Uncalled bet ($0.09) returned to 6b8364
*** SHOWDOWN ***
6b8364 collected $0.12 from pot
*** SUMMARY ***
Total pot $0.12 | Rake $0 | Jackpot $0 | Bingo $0 | Fortune $0
Board [6d 9s Kc]
Seat 1: 2f190dc2 folded before Flop (didn't bet)
Seat 2: 904463b4 (button) folded before Flop (didn't bet)
Seat 3: 50501b50 (small blind) folded before Flop
Seat 4: a70717ab (big blind) folded on the Flop
Seat 5: 6b8364 won ($0.12)
Seat 6: Hero folded before Flop (didn't bet)


Poker Hand #HD1141790190: Hold'em No Limit  ($0.02/$0.05) - 2023/03/01 20:17:27
Table 'NLHBlue22' 6-max Seat #1 is the button
Seat 1: 2f190dc2 ($7.03 in chips)
Seat 2: 904463b4 ($5.12 in chips)
Seat 3: 50501b50 ($5.23 in chips)
Seat 4: a70717ab ($5.81 in chips)
Seat 5: 6b8364 ($5 in chips)
Seat 6: Hero ($7.89 in chips)
904463b4: posts small blind $0.02
50501b50: posts big blind $0.05
6b8364: posts big blind $0.05
*** HOLE CARDS ***
Dealt to 2f190dc2 
Dealt to 904463b4 
Dealt to 50501b50 
Dealt to a70717ab 
Dealt to 6b8364 
Dealt to Hero [6d 4s]
a70717ab: folds
6b8364: checks
Hero: folds
2f190dc2: folds
904463b4: raises $0.15 to $0.2
50501b50: calls $0.15
6b8364: folds
*** FLOP *** [Td Ts 5s]
904463b4: bets $0.27
50501b50: folds
Uncalled bet ($0.27) returned to 904463b4
*** SHOWDOWN ***
904463b4 collected $0.43 from pot
*** SUMMARY ***
Total pot $0.45 | Rake $0.02 | Jackpot $0 | Bingo $0 | Fortune $0
Board [Td Ts 5s]
Seat 1: 2f190dc2 (button) folded before Flop (didn't bet)
Seat 2: 904463b4 (small blind) won ($0.43)
Seat 3: 50501b50 (big blind) folded on the Flop
Seat 4: a70717ab folded before Flop (didn't bet)
Seat 5: 6b8364 folded before Flop
Seat 6: Hero folded before Flop (didn't bet)


Poker Hand #HD1141789823: Hold'em No Limit  ($0.02/$0.05) - 2023/03/01 20:15:09
Table 'NLHBlue22' 6-max Seat #6 is the button
Seat 1: 2f190dc2 ($7.23 in chips)
Seat 2: 904463b4 ($5.17 in chips)
Seat 3: 50501b50 ($5 in chips)
Seat 4: a70717ab ($5.81 in chips)
Seat 5: 9224edbe ($10.14 in chips)
Seat 6: Hero ($7.89 in chips)
2f190dc2: posts small blind $0.02
904463b4: posts big blind $0.05
*** HOLE CARDS ***
Dealt to 2f190dc2 
Dealt to 904463b4 
Dealt to 50501b50 
Dealt to a70717ab 
Dealt to 9224edbe 
Dealt to Hero [Ks Jc]
50501b50: calls $0.05
a70717ab: folds
9224edbe: folds
Hero: folds
2f190dc2: raises $0.15 to $0.2
904463b4: folds
50501b50: calls $0.15
*** FLOP *** [8c 5s 7d]
2f190dc2: checks
50501b50: checks
*** TURN *** [8c 5s 7d] [6s]
2f190dc2: checks
50501b50: checks
*** RIVER *** [8c 5s 7d 6s] [6c]
2f190dc2: checks
50501b50: bets $0.15
2f190dc2: folds
Uncalled bet ($0.15) returned to 50501b50
*** SHOWDOWN ***
50501b50 collected $0.43 from pot
*** SUMMARY ***
Total pot $0.45 | Rake $0.02 | Jackpot $0 | Bingo $0 | Fortune $0
Board [8c 5s 7d 6s 6c]
Seat 1: 2f190dc2 (small blind) folded on the River
Seat 2: 904463b4 (big blind) folded before Flop
Seat 3: 50501b50 won ($0.43)
Seat 4: a70717ab folded before Flop (didn't bet)
Seat 5: 9224edbe folded before Flop (didn't bet)
Seat 6: Hero (button) folded before Flop (didn't bet)


Poker Hand #HD1141789684: Hold'em No Limit  ($0.02/$0.05) - 2023/03/01 20:14:20
Table 'NLHBlue22' 6-max Seat #5 is the button
Seat 1: 2f190dc2 ($7.03 in chips)
Seat 2: 904463b4 ($5.17 in chips)
Seat 3: 50501b50 ($5.02 in chips)
Seat 4: a70717ab ($5.81 in chips)
Seat 5: 9224edbe ($10.14 in chips)
Seat 6: Hero ($7.91 in chips)
Hero: posts small blind $0.02
2f190dc2: posts big blind $0.05
*** HOLE CARDS ***
Dealt to 2f190dc2 
Dealt to 904463b4 
Dealt to 50501b50 
Dealt to a70717ab 
Dealt to 9224edbe 
Dealt to Hero [Js 4h]
904463b4: folds
50501b50: calls $0.05
a70717ab: folds
9224edbe: folds
Hero: folds
2f190dc2: raises $0.15 to $0.2
50501b50: calls $0.15
*** FLOP *** [3c Kd 7h]
2f190dc2: bets $0.14
50501b50: folds
Uncalled bet ($0.14) returned to 2f190dc2
*** SHOWDOWN ***
2f190dc2 collected $0.4 from pot
*** SUMMARY ***
Total pot $0.42 | Rake $0.02 | Jackpot $0 | Bingo $0 | Fortune $0
Board [3c Kd 7h]
Seat 1: 2f190dc2 (big blind) won ($0.4)
Seat 2: 904463b4 folded before Flop (didn't bet)
Seat 3: 50501b50 folded on the Flop
Seat 4: a70717ab folded before Flop (didn't bet)
Seat 5: 9224edbe (button) folded before Flop (didn't bet)
Seat 6: Hero (small blind) folded before Flop


Poker Hand #HD1141789584: Hold'em No Limit  ($0.02/$0.05) - 2023/03/01 20:13:43
Table 'NLHBlue22' 6-max Seat #4 is the button
Seat 1: 2f190dc2 ($7.03 in chips)
Seat 2: 904463b4 ($5.17 in chips)
Seat 3: 50501b50 ($5.07 in chips)
Seat 4: a70717ab ($5.81 in chips)
Seat 5: 9224edbe ($10.16 in chips)
Seat 6: Hero ($7.84 in chips)
9224edbe: posts small blind $0.02
Hero: posts big blind $0.05
*** HOLE CARDS ***
Dealt to 2f190dc2 
Dealt to 904463b4 
Dealt to 50501b50 
Dealt to a70717ab 
Dealt to 9224edbe 
Dealt to Hero [9c Kh]
2f190dc2: folds
904463b4: folds
50501b50: calls $0.05
a70717ab: folds
9224edbe: folds
Hero: checks
*** FLOP *** [Js 7d 8s]
Hero: checks
50501b50: checks
*** TURN *** [Js 7d 8s] [Qs]
Hero: bets $0.08
50501b50: folds
Uncalled bet ($0.08) returned to Hero
*** SHOWDOWN ***
Hero collected $0.12 from pot
*** SUMMARY ***
Total pot $0.12 | Rake $0 | Jackpot $0 | Bingo $0 | Fortune $0
Board [Js 7d 8s Qs]
Seat 1: 2f190dc2 folded before Flop (didn't bet)
Seat 2: 904463b4 folded before Flop (didn't bet)
Seat 3: 50501b50 folded on the Turn
Seat 4: a70717ab (button) folded before Flop (didn't bet)
Seat 5: 9224edbe (small blind) folded before Flop
Seat 6: Hero (big blind) won ($0.12)


Poker Hand #HD1141789407: Hold'em No Limit  ($0.02/$0.05) - 2023/03/01 20:12:34
Table 'NLHBlue22' 6-max Seat #3 is the button
Seat 1: 2f190dc2 ($7.03 in chips)
Seat 2: 904463b4 ($5.17 in chips)
Seat 3: 50501b50 ($5 in chips)
Seat 4: a70717ab ($5.83 in chips)
Seat 5: 9224edbe ($10.21 in chips)
Seat 6: Hero ($7.84 in chips)
a70717ab: posts small blind $0.02
9224edbe: posts big blind $0.05
*** HOLE CARDS ***
Dealt to 2f190dc2 
Dealt to 904463b4 
Dealt to 50501b50 
Dealt to a70717ab 
Dealt to 9224edbe 
Dealt to Hero [Kd 6h]
Hero: folds
2f190dc2: folds
904463b4: folds
50501b50: calls $0.05
a70717ab: folds
9224edbe: checks
*** FLOP *** [3c Js Jd]
9224edbe: checks
50501b50: checks
*** TURN *** [3c Js Jd] [7h]
9224edbe: checks
50501b50: checks
*** RIVER *** [3c Js Jd 7h] [Ts]
9224edbe: checks
50501b50: checks
9224edbe: shows [6c 5s] (Pair of Jacks)
50501b50: shows [Th 4h] (Pair of Jacks and Pair of Tens)
*** SHOWDOWN ***
50501b50 collected $0.12 from pot
*** SUMMARY ***
Total pot $0.12 | Rake $0 | Jackpot $0 | Bingo $0 | Fortune $0
Board [3c Js Jd 7h Ts]
Seat 1: 2f190dc2 folded before Flop (didn't bet)
Seat 2: 904463b4 folded before Flop (didn't bet)
Seat 3: 50501b50 (button) showed [Th 4h] and won ($0.12) with Pair of Jacks and Pair of Tens
Seat 4: a70717ab (small blind) folded before Flop
Seat 5: 9224edbe (big blind) showed [6c 5s] and lost with Pair of Jacks
Seat 6: Hero folded before Flop (didn't bet)


Poker Hand #HD1141789274: Hold'em No Limit  ($0.02/$0.05) - 2023/03/01 20:11:49
Table 'NLHBlue22' 6-max Seat #2 is the button
Seat 1: 2f190dc2 ($7.03 in chips)
Seat 2: 904463b4 ($5 in chips)
Seat 3: 50501b50 ($5 in chips)
Seat 4: a70717ab ($5.88 in chips)
Seat 5: 9224edbe ($10.21 in chips)
Seat 6: Hero ($7.84 in chips)
50501b50: posts small blind $0.02
a70717ab: posts big blind $0.05
*** HOLE CARDS ***
Dealt to 2f190dc2 
Dealt to 904463b4 
Dealt to 50501b50 
Dealt to a70717ab 
Dealt to 9224edbe 
Dealt to Hero [8s Ah]
9224edbe: folds
Hero: folds
2f190dc2: folds
904463b4: raises $0.08 to $0.13
50501b50: calls $0.11
a70717ab: folds
*** FLOP *** [6h 3h Qc]
50501b50: checks
904463b4: bets $0.18
50501b50: folds
Uncalled bet ($0.18) returned to 904463b4
*** SHOWDOWN ***
904463b4 collected $0.3 from pot
*** SUMMARY ***
Total pot $0.31 | Rake $0.01 | Jackpot $0 | Bingo $0 | Fortune $0
Board [6h 3h Qc]
Seat 1: 2f190dc2 folded before Flop (didn't bet)
Seat 2: 904463b4 (button) won ($0.3)
Seat 3: 50501b50 (small blind) folded on the Flop
Seat 4: a70717ab (big blind) folded before Flop
Seat 5: 9224edbe folded before Flop (didn't bet)
Seat 6: Hero folded before Flop (didn't bet)


Poker Hand #HD1141789159: Hold'em No Limit  ($0.02/$0.05) - 2023/03/01 20:11:08
Table 'NLHBlue22' 6-max Seat #1 is the button
Seat 1: 2f190dc2 ($7.03 in chips)
Seat 2: 904463b4 ($5 in chips)
Seat 3: 50501b50 ($5 in chips)
Seat 4: a70717ab ($5.88 in chips)
Seat 5: 9224edbe ($10.1 in chips)
Seat 6: Hero ($7.84 in chips)
904463b4: posts small blind $0.02
50501b50: posts big blind $0.05
*** HOLE CARDS ***
Dealt to 2f190dc2 
Dealt to 904463b4 
Dealt to 50501b50 
Dealt to a70717ab 
Dealt to 9224edbe 
Dealt to Hero [Kd 4s]
a70717ab: folds
9224edbe: raises $0.05 to $0.1
Hero: folds
2f190dc2: folds
904463b4: folds
50501b50: calls $0.05
*** FLOP *** [5c 3s 4h]
50501b50: checks
9224edbe: checks
*** TURN *** [5c 3s 4h] [Ad]
50501b50: checks
9224edbe: bets $0.18
50501b50: folds
Uncalled bet ($0.18) returned to 9224edbe
*** SHOWDOWN ***
9224edbe collected $0.21 from pot
*** SUMMARY ***
Total pot $0.22 | Rake $0.01 | Jackpot $0 | Bingo $0 | Fortune $0
Board [5c 3s 4h Ad]
Seat 1: 2f190dc2 (button) folded before Flop (didn't bet)
Seat 2: 904463b4 (small blind) folded before Flop
Seat 3: 50501b50 (big blind) folded on the Turn
Seat 4: a70717ab folded before Flop (didn't bet)
Seat 5: 9224edbe won ($0.21)
Seat 6: Hero folded before Flop (didn't bet)


Poker Hand #HD1141788952: Hold'em No Limit  ($0.02/$0.05) - 2023/03/01 20:09:50
Table 'NLHBlue22' 6-max Seat #6 is the button
Seat 1: 2f190dc2 ($7.05 in chips)
Seat 2: 904463b4 ($5.07 in chips)
Seat 3: 50501b50 ($5 in chips)
Seat 4: a70717ab ($5.88 in chips)
Seat 5: 9224edbe ($10.1 in chips)
Seat 6: Hero ($6.42 in chips)
2f190dc2: posts small blind $0.02
904463b4: posts big blind $0.05
*** HOLE CARDS ***
Dealt to 2f190dc2 
Dealt to 904463b4 
Dealt to 50501b50 
Dealt to a70717ab 
Dealt to 9224edbe 
Dealt to Hero [6h Ah]
50501b50: folds
a70717ab: folds
9224edbe: folds
Hero: raises $0.07 to $0.12
2f190dc2: folds
904463b4: calls $0.07
*** FLOP *** [Jc Th 5h]
904463b4: checks
Hero: bets $0.14
904463b4: calls $0.14
*** TURN *** [Jc Th 5h] [9h]
904463b4: checks
Hero: bets $0.27
904463b4: calls $0.27
*** RIVER *** [Jc Th 5h 9h] [3c]
904463b4: checks
Hero: bets $1.08
904463b4: calls $1.08
Hero: shows [6h Ah] (Ace High Flush)
904463b4: shows [Kh 2h] (King High Flush)
*** SHOWDOWN ***
Hero collected $3.03 from pot
*** SUMMARY ***
Total pot $3.24 | Rake $0.16 | Jackpot $0.05 | Bingo $0 | Fortune $0
Board [Jc Th 5h 9h 3c]
Seat 1: 2f190dc2 (small blind) folded before Flop
Seat 2: 904463b4 (big blind) showed [Kh 2h] and lost with King High Flush
Seat 3: 50501b50 folded before Flop (didn't bet)
Seat 4: a70717ab folded before Flop (didn't bet)
Seat 5: 9224edbe folded before Flop (didn't bet)
Seat 6: Hero (button) showed [6h Ah] and won ($3.03) with Ace High Flush


Poker Hand #HD1141788870: Hold'em No Limit  ($0.02/$0.05) - 2023/03/01 20:09:18
Table 'NLHBlue22' 6-max Seat #5 is the button
Seat 1: 2f190dc2 ($7.1 in chips)
Seat 2: 904463b4 ($5.07 in chips)
Seat 3: 50501b50 ($5 in chips)
Seat 4: a70717ab ($5.88 in chips)
Seat 5: 9224edbe ($10.03 in chips)
Seat 6: Hero ($6.44 in chips)
Hero: posts small blind $0.02
2f190dc2: posts big blind $0.05
*** HOLE CARDS ***
Dealt to 2f190dc2 
Dealt to 904463b4 
Dealt to 50501b50 
Dealt to a70717ab 
Dealt to 9224edbe 
Dealt to Hero [3d 7c]
904463b4: folds
50501b50: folds
a70717ab: folds
9224edbe: raises $0.05 to $0.1
Hero: folds
2f190dc2: folds
Uncalled bet ($0.05) returned to 9224edbe
*** SHOWDOWN ***
9224edbe collected $0.12 from pot
*** SUMMARY ***
Total pot $0.12 | Rake $0 | Jackpot $0 | Bingo $0 | Fortune $0
Seat 1: 2f190dc2 (big blind) folded before Flop
Seat 2: 904463b4 folded before Flop (didn't bet)
Seat 3: 50501b50 folded before Flop (didn't bet)
Seat 4: a70717ab folded before Flop (didn't bet)
Seat 5: 9224edbe (button) collected ($0.12)
Seat 6: Hero (small blind) folded before Flop


Poker Hand #HD1141788714: Hold'em No Limit  ($0.02/$0.05) - 2023/03/01 20:08:24
Table 'NLHBlue22' 6-max Seat #4 is the button
Seat 1: 2f190dc2 ($7.1 in chips)
Seat 2: 904463b4 ($5.07 in chips)
Seat 3: 50501b50 ($5.03 in chips)
Seat 4: a70717ab ($5.88 in chips)
Seat 5: 9224edbe ($10.05 in chips)
Seat 6: Hero ($6.37 in chips)
9224edbe: posts small blind $0.02
Hero: posts big blind $0.05
*** HOLE CARDS ***
Dealt to 2f190dc2 
Dealt to 904463b4 
Dealt to 50501b50 
Dealt to a70717ab 
Dealt to 9224edbe 
Dealt to Hero [Ah 9s]
2f190dc2: folds
904463b4: folds
50501b50: calls $0.05
a70717ab: folds
9224edbe: folds
Hero: checks
*** FLOP *** [3s 3d Qd]
Hero: checks
50501b50: checks
*** TURN *** [3s 3d Qd] [9d]
Hero: checks
50501b50: checks
*** RIVER *** [3s 3d Qd 9d] [5s]
Hero: bets $0.14
50501b50: folds
Uncalled bet ($0.14) returned to Hero
*** SHOWDOWN ***
Hero collected $0.12 from pot
*** SUMMARY ***
Total pot $0.12 | Rake $0 | Jackpot $0 | Bingo $0 | Fortune $0
Board [3s 3d Qd 9d 5s]
Seat 1: 2f190dc2 folded before Flop (didn't bet)
Seat 2: 904463b4 folded before Flop (didn't bet)
Seat 3: 50501b50 folded on the River
Seat 4: a70717ab (button) folded before Flop (didn't bet)
Seat 5: 9224edbe (small blind) folded before Flop
Seat 6: Hero (big blind) won ($0.12)


Poker Hand #HD1141788530: Hold'em No Limit  ($0.02/$0.05) - 2023/03/01 20:07:12
Table 'NLHBlue22' 6-max Seat #3 is the button
Seat 1: 2f190dc2 ($7.1 in chips)
Seat 2: 904463b4 ($5.03 in chips)
Seat 3: 50501b50 ($5 in chips)
Seat 4: a70717ab ($5.9 in chips)
Seat 5: 9224edbe ($10.1 in chips)
Seat 6: Hero ($6.37 in chips)
a70717ab: posts small blind $0.02
9224edbe: posts big blind $0.05
*** HOLE CARDS ***
Dealt to 2f190dc2 
Dealt to 904463b4 
Dealt to 50501b50 
Dealt to a70717ab 
Dealt to 9224edbe 
Dealt to Hero [2h Jd]
Hero: folds
2f190dc2: folds
904463b4: raises $0.08 to $0.13
50501b50: calls $0.13
a70717ab: folds
9224edbe: folds
*** FLOP *** [5h Qh Ah]
904463b4: checks
50501b50: checks
*** TURN *** [5h Qh Ah] [Jh]
904463b4: checks
50501b50: checks
*** RIVER *** [5h Qh Ah Jh] [9h]
904463b4: checks
50501b50: checks
904463b4: shows [9s Ks] (Ace High Flush)
50501b50: shows [As Jc] (Ace High Flush)
*** SHOWDOWN ***
904463b4 collected $0.17 from pot
50501b50 collected $0.16 from pot
*** SUMMARY ***
Total pot $0.33 | Rake $0 | Jackpot $0 | Bingo $0 | Fortune $0
Board [5h Qh Ah Jh 9h]
Seat 1: 2f190dc2 folded before Flop (didn't bet)
Seat 2: 904463b4 showed [9s Ks] and won ($0.17) with Ace High Flush
Seat 3: 50501b50 (button) showed [As Jc] and won ($0.16) with Ace High Flush
Seat 4: a70717ab (small blind) folded before Flop
Seat 5: 9224edbe (big blind) folded before Flop
Seat 6: Hero folded before Flop (didn't bet)


Poker Hand #HD1141788332: Hold'em No Limit  ($0.02/$0.05) - 2023/03/01 20:05:52
Table 'NLHBlue22' 6-max Seat #2 is the button
Seat 1: 2f190dc2 ($7.1 in chips)
Seat 2: 904463b4 ($5.25 in chips)
Seat 3: 50501b50 ($5.04 in chips)
Seat 4: a70717ab ($5.95 in chips)
Seat 5: 9224edbe ($9.76 in chips)
Seat 6: Hero ($6.37 in chips)
50501b50: posts small blind $0.02
a70717ab: posts big blind $0.05
*** HOLE CARDS ***
Dealt to 2f190dc2 
Dealt to 904463b4 
Dealt to 50501b50 
Dealt to a70717ab 
Dealt to 9224edbe 
Dealt to Hero [5d 2h]
9224edbe: raises $0.05 to $0.1
Hero: folds
2f190dc2: folds
904463b4: calls $0.1
50501b50: calls $0.08
a70717ab: folds
*** FLOP *** [Jh 8h 3c]
50501b50: checks
9224edbe: bets $0.12
904463b4: calls $0.12
50501b50: folds
*** TURN *** [Jh 8h 3c] [8c]
9224edbe: checks
904463b4: checks
*** RIVER *** [Jh 8h 3c 8c] [2d]
9224edbe: checks
904463b4: checks
9224edbe: shows [Ah Ts] (Pair of Eights)
904463b4: shows [7h Kh] (Pair of Eights)
*** SHOWDOWN ***
9224edbe collected $0.56 from pot
*** SUMMARY ***
Total pot $0.59 | Rake $0.03 | Jackpot $0 | Bingo $0 | Fortune $0
Board [Jh 8h 3c 8c 2d]
Seat 1: 2f190dc2 folded before Flop (didn't bet)
Seat 2: 904463b4 (button) showed [7h Kh] and lost with Pair of Eights
Seat 3: 50501b50 (small blind) folded on the Flop
Seat 4: a70717ab (big blind) folded before Flop
Seat 5: 9224edbe showed [Ah Ts] and won ($0.56) with Pair of Eights
Seat 6: Hero folded before Flop (didn't bet)


Poker Hand #HD1141788292: Hold'em No Limit  ($0.02/$0.05) - 2023/03/01 20:05:38
Table 'NLHBlue22' 6-max Seat #1 is the button
Seat 1: 2f190dc2 ($7.1 in chips)
Seat 2: 904463b4 ($5.27 in chips)
Seat 3: 50501b50 ($5.02 in chips)
Seat 4: a70717ab ($5.95 in chips)
Seat 5: 9224edbe ($9.76 in chips)
Seat 6: Hero ($6.37 in chips)
904463b4: posts small blind $0.02
50501b50: posts big blind $0.05
*** HOLE CARDS ***
Dealt to 2f190dc2 
Dealt to 904463b4 
Dealt to 50501b50 
Dealt to a70717ab 
Dealt to 9224edbe 
Dealt to Hero [2c Kd]
a70717ab: folds
9224edbe: folds
Hero: folds
2f190dc2: folds
904463b4: folds
Uncalled bet ($0.03) returned to 50501b50
*** SHOWDOWN ***
50501b50 collected $0.04 from pot
*** SUMMARY ***
Total pot $0.04 | Rake $0 | Jackpot $0 | Bingo $0 | Fortune $0
Seat 1: 2f190dc2 (button) folded before Flop (didn't bet)
Seat 2: 904463b4 (small blind) folded before Flop
Seat 3: 50501b50 (big blind) collected ($0.04)
Seat 4: a70717ab folded before Flop (didn't bet)
Seat 5: 9224edbe folded before Flop (didn't bet)
Seat 6: Hero folded before Flop (didn't bet)


Poker Hand #HD1141788145: Hold'em No Limit  ($0.02/$0.05) - 2023/03/01 20:04:44
Table 'NLHBlue22' 6-max Seat #6 is the button
Seat 1: 2f190dc2 ($7.12 in chips)
Seat 2: 904463b4 ($5.2 in chips)
Seat 3: 50501b50 ($5.07 in chips)
Seat 4: a70717ab ($5.95 in chips)
Seat 5: 9224edbe ($9.76 in chips)
Seat 6: Hero ($6.37 in chips)
2f190dc2: posts small blind $0.02
904463b4: posts big blind $0.05
*** HOLE CARDS ***
Dealt to 2f190dc2 
Dealt to 904463b4 
Dealt to 50501b50 
Dealt to a70717ab 
Dealt to 9224edbe 
Dealt to Hero [Td 6c]
50501b50: calls $0.05
a70717ab: folds
9224edbe: folds
Hero: folds
2f190dc2: folds
904463b4: checks
*** FLOP *** [5s Ks 2h]
904463b4: checks
50501b50: checks
*** TURN *** [5s Ks 2h] [Jc]
904463b4: checks
50501b50: checks
*** RIVER *** [5s Ks 2h Jc] [2s]
904463b4: bets $0.07
50501b50: folds
Uncalled bet ($0.07) returned to 904463b4
*** SHOWDOWN ***
904463b4 collected $0.12 from pot
*** SUMMARY ***
Total pot $0.12 | Rake $0 | Jackpot $0 | Bingo $0 | Fortune $0
Board [5s Ks 2h Jc 2s]
Seat 1: 2f190dc2 (small blind) folded before Flop
Seat 2: 904463b4 (big blind) won ($0.12)
Seat 3: 50501b50 folded on the River
Seat 4: a70717ab folded before Flop (didn't bet)
Seat 5: 9224edbe folded before Flop (didn't bet)
Seat 6: Hero (button) folded before Flop (didn't bet)


Poker Hand #HD1141788082: Hold'em No Limit  ($0.02/$0.05) - 2023/03/01 20:04:19
Table 'NLHBlue22' 6-max Seat #5 is the button
Seat 1: 2f190dc2 ($7.1 in chips)
Seat 2: 904463b4 ($5.2 in chips)
Seat 3: 50501b50 ($5.07 in chips)
Seat 4: a70717ab ($5.95 in chips)
Seat 5: 9224edbe ($9.76 in chips)
Seat 6: Hero ($6.39 in chips)
Hero: posts small blind $0.02
2f190dc2: posts big blind $0.05
*** HOLE CARDS ***
Dealt to 2f190dc2 
Dealt to 904463b4 
Dealt to 50501b50 
Dealt to a70717ab 
Dealt to 9224edbe 
Dealt to Hero [Ks 4d]
904463b4: folds
50501b50: folds
a70717ab: folds
9224edbe: folds
Hero: folds
Uncalled bet ($0.03) returned to 2f190dc2
*** SHOWDOWN ***
2f190dc2 collected $0.04 from pot
*** SUMMARY ***
Total pot $0.04 | Rake $0 | Jackpot $0 | Bingo $0 | Fortune $0
Seat 1: 2f190dc2 (big blind) collected ($0.04)
Seat 2: 904463b4 folded before Flop (didn't bet)
Seat 3: 50501b50 folded before Flop (didn't bet)
Seat 4: a70717ab folded before Flop (didn't bet)
Seat 5: 9224edbe (button) folded before Flop (didn't bet)
Seat 6: Hero (small blind) folded before Flop


Poker Hand #HD1141787958: Hold'em No Limit  ($0.02/$0.05) - 2023/03/01 20:03:29
Table 'NLHBlue22' 6-max Seat #4 is the button
Seat 1: 2f190dc2 ($7.1 in chips)
Seat 2: 904463b4 ($5.2 in chips)
Seat 3: 50501b50 ($5 in chips)
Seat 4: a70717ab ($5.95 in chips)
Seat 5: 9224edbe ($9.78 in chips)
Seat 6: Hero ($6.44 in chips)
9224edbe: posts small blind $0.02
Hero: posts big blind $0.05
*** HOLE CARDS ***
Dealt to 2f190dc2 
Dealt to 904463b4 
Dealt to 50501b50 
Dealt to a70717ab 
Dealt to 9224edbe 
Dealt to Hero [Kc 9s]
2f190dc2: folds
904463b4: folds
50501b50: calls $0.05
a70717ab: folds
9224edbe: folds
Hero: checks
*** FLOP *** [Qs 3c 3d]
Hero: checks
50501b50: checks
*** TURN *** [Qs 3c 3d] [7s]
Hero: checks
50501b50: checks
*** RIVER *** [Qs 3c 3d 7s] [Jc]
Hero: checks
50501b50: bets $0.12
Hero: folds
Uncalled bet ($0.12) returned to 50501b50
*** SHOWDOWN ***
50501b50 collected $0.12 from pot
*** SUMMARY ***
Total pot $0.12 | Rake $0 | Jackpot $0 | Bingo $0 | Fortune $0
Board [Qs 3c 3d 7s Jc]
Seat 1: 2f190dc2 folded before Flop (didn't bet)
Seat 2: 904463b4 folded before Flop (didn't bet)
Seat 3: 50501b50 won ($0.12)
Seat 4: a70717ab (button) folded before Flop (didn't bet)
Seat 5: 9224edbe (small blind) folded before Flop
Seat 6: Hero (big blind) folded on the River


Poker Hand #HD1141787849: Hold'em No Limit  ($0.02/$0.05) - 2023/03/01 20:02:47
Table 'NLHBlue22' 6-max Seat #3 is the button
Seat 1: 2f190dc2 ($7.1 in chips)
Seat 2: 904463b4 ($5.33 in chips)
Seat 3: 50501b50 ($5.03 in chips)
Seat 4: a70717ab ($5.66 in chips)
Seat 5: 9224edbe ($9.83 in chips)
Seat 6: Hero ($6.44 in chips)
a70717ab: posts small blind $0.02
9224edbe: posts big blind $0.05
*** HOLE CARDS ***
Dealt to 2f190dc2 
Dealt to 904463b4 
Dealt to 50501b50 
Dealt to a70717ab 
Dealt to 9224edbe 
Dealt to Hero [5h Ts]
Hero: folds
2f190dc2: folds
904463b4: raises $0.08 to $0.13
50501b50: calls $0.13
a70717ab: raises $0.49 to $0.62
9224edbe: folds
904463b4: folds
50501b50: folds
Uncalled bet ($0.49) returned to a70717ab
*** SHOWDOWN ***
a70717ab collected $0.42 from pot
*** SUMMARY ***
Total pot $0.44 | Rake $0.02 | Jackpot $0 | Bingo $0 | Fortune $0
Seat 1: 2f190dc2 folded before Flop (didn't bet)
Seat 2: 904463b4 folded before Flop
Seat 3: 50501b50 (button) folded before Flop
Seat 4: a70717ab (small blind) collected ($0.42)
Seat 5: 9224edbe (big blind) folded before Flop
Seat 6: Hero folded before Flop (didn't bet)


Poker Hand #HD1141787787: Hold'em No Limit  ($0.02/$0.05) - 2023/03/01 20:02:27
Table 'NLHBlue22' 6-max Seat #2 is the button
Seat 1: 2f190dc2 ($7.1 in chips)
Seat 2: 904463b4 ($5.33 in chips)
Seat 3: 50501b50 ($5.05 in chips)
Seat 4: a70717ab ($5.71 in chips)
Seat 5: 9224edbe ($9.83 in chips)
Seat 6: Hero ($6.37 in chips)
50501b50: posts small blind $0.02
a70717ab: posts big blind $0.05
*** HOLE CARDS ***
Dealt to 2f190dc2 
Dealt to 904463b4 
Dealt to 50501b50 
Dealt to a70717ab 
Dealt to 9224edbe 
Dealt to Hero [Js Ac]
9224edbe: folds
Hero: raises $0.07 to $0.12
2f190dc2: folds
904463b4: folds
50501b50: folds
a70717ab: folds
Uncalled bet ($0.07) returned to Hero
*** SHOWDOWN ***
Hero collected $0.12 from pot
*** SUMMARY ***
Total pot $0.12 | Rake $0 | Jackpot $0 | Bingo $0 | Fortune $0
Seat 1: 2f190dc2 folded before Flop (didn't bet)
Seat 2: 904463b4 (button) folded before Flop (didn't bet)
Seat 3: 50501b50 (small blind) folded before Flop
Seat 4: a70717ab (big blind) folded before Flop
Seat 5: 9224edbe folded before Flop (didn't bet)
Seat 6: Hero collected ($0.12)


Poker Hand #HD1141787646: Hold'em No Limit  ($0.02/$0.05) - 2023/03/01 20:01:34
Table 'NLHBlue22' 6-max Seat #1 is the button
Seat 1: 2f190dc2 ($7.1 in chips)
Seat 2: 904463b4 ($5.35 in chips)
Seat 3: 50501b50 ($5.1 in chips)
Seat 4: a70717ab ($4.93 in chips)
Seat 5: 9224edbe ($10.67 in chips)
Seat 6: Hero ($6.37 in chips)
904463b4: posts small blind $0.02
50501b50: posts big blind $0.05
*** HOLE CARDS ***
Dealt to 2f190dc2 
Dealt to 904463b4 
Dealt to 50501b50 
Dealt to a70717ab 
Dealt to 9224edbe 
Dealt to Hero [6c 2d]
a70717ab: raises $0.06 to $0.11
9224edbe: raises $0.23 to $0.34
Hero: folds
2f190dc2: folds
904463b4: folds
50501b50: folds
a70717ab: calls $0.23
*** FLOP *** [Qh 6s 6h]
a70717ab: checks
9224edbe: bets $0.5
a70717ab: calls $0.5
*** TURN *** [Qh 6s 6h] [5c]
a70717ab: checks
9224edbe: checks
*** RIVER *** [Qh 6s 6h 5c] [8h]
a70717ab: checks
9224edbe: checks
a70717ab: shows [Qs As] (Pair of Queens and Pair of Sixes)
9224edbe: shows [Qd Kc] (Pair of Queens and Pair of Sixes)
*** SHOWDOWN ***
a70717ab collected $1.62 from pot
*** SUMMARY ***
Total pot $1.75 | Rake $0.08 | Jackpot $0.05 | Bingo $0 | Fortune $0
Board [Qh 6s 6h 5c 8h]
Seat 1: 2f190dc2 (button) folded before Flop (didn't bet)
Seat 2: 904463b4 (small blind) folded before Flop
Seat 3: 50501b50 (big blind) folded before Flop
Seat 4: a70717ab showed [Qs As] and won ($1.62) with Pair of Queens and Pair of Sixes
Seat 5: 9224edbe showed [Qd Kc] and lost with Pair of Queens and Pair of Sixes
Seat 6: Hero folded before Flop (didn't bet)


Poker Hand #HD1141787497: Hold'em No Limit  ($0.02/$0.05) - 2023/03/01 20:00:39
Table 'NLHBlue22' 6-max Seat #6 is the button
Seat 1: 2f190dc2 ($7.12 in chips)
Seat 2: 904463b4 ($5.4 in chips)
Seat 3: 50501b50 ($5.16 in chips)
Seat 4: a70717ab ($4.93 in chips)
Seat 5: 9224edbe ($10.67 in chips)
Seat 6: Hero ($6.37 in chips)
2f190dc2: posts small blind $0.02
904463b4: posts big blind $0.05
*** HOLE CARDS ***
Dealt to 2f190dc2 
Dealt to 904463b4 
Dealt to 50501b50 
Dealt to a70717ab 
Dealt to 9224edbe 
Dealt to Hero [5d Ks]
50501b50: calls $0.05
a70717ab: folds
9224edbe: folds
Hero: folds
2f190dc2: folds
904463b4: raises $0.12 to $0.17
50501b50: calls $0.12
*** FLOP *** [2s 2h Th]
904463b4: bets $0.21
50501b50: calls $0.21
*** TURN *** [2s 2h Th] [Qd]
904463b4: bets $0.46
50501b50: calls $0.46
*** RIVER *** [2s 2h Th Qd] [Tc]
904463b4: checks
50501b50: checks
904463b4: shows [As Jd] (Pair of Tens and Pair of Twos)
50501b50: shows [Ah 4h] (Pair of Tens and Pair of Twos)
*** SHOWDOWN ***
904463b4 collected $0.79 from pot
50501b50 collected $0.78 from pot
*** SUMMARY ***
Total pot $1.7 | Rake $0.08 | Jackpot $0.05 | Bingo $0 | Fortune $0
Board [2s 2h Th Qd Tc]
Seat 1: 2f190dc2 (small blind) folded before Flop
Seat 2: 904463b4 (big blind) showed [As Jd] and won ($0.79) with Pair of Tens and Pair of Twos
Seat 3: 50501b50 showed [Ah 4h] and won ($0.78) with Pair of Tens and Pair of Twos
Seat 4: a70717ab folded before Flop (didn't bet)
Seat 5: 9224edbe folded before Flop (didn't bet)
Seat 6: Hero (button) folded before Flop (didn't bet)


Poker Hand #HD1141787381: Hold'em No Limit  ($0.02/$0.05) - 2023/03/01 19:59:56
Table 'NLHBlue22' 6-max Seat #5 is the button
Seat 1: 2f190dc2 ($6.99 in chips)
Seat 2: 904463b4 ($5.4 in chips)
Seat 3: 50501b50 ($5.16 in chips)
Seat 4: a70717ab ($4.93 in chips)
Seat 5: 9224edbe ($10.67 in chips)
Seat 6: Hero ($6.51 in chips)
Hero: posts small blind $0.02
2f190dc2: posts big blind $0.05
*** HOLE CARDS ***
Dealt to 2f190dc2 
Dealt to 904463b4 
Dealt to 50501b50 
Dealt to a70717ab 
Dealt to 9224edbe 
Dealt to Hero [9d Ac]
904463b4: folds
50501b50: folds
a70717ab: folds
9224edbe: folds
Hero: raises $0.09 to $0.14
2f190dc2: calls $0.09
*** FLOP *** [8h 4h 7d]
Hero: checks
2f190dc2: bets $0.1
Hero: folds
Uncalled bet ($0.1) returned to 2f190dc2
*** SHOWDOWN ***
2f190dc2 collected $0.27 from pot
*** SUMMARY ***
Total pot $0.28 | Rake $0.01 | Jackpot $0 | Bingo $0 | Fortune $0
Board [8h 4h 7d]
Seat 1: 2f190dc2 (big blind) won ($0.27)
Seat 2: 904463b4 folded before Flop (didn't bet)
Seat 3: 50501b50 folded before Flop (didn't bet)
Seat 4: a70717ab folded before Flop (didn't bet)
Seat 5: 9224edbe (button) folded before Flop (didn't bet)
Seat 6: Hero (small blind) folded on the Flop


Poker Hand #HD1141787339: Hold'em No Limit  ($0.02/$0.05) - 2023/03/01 19:59:38
Table 'NLHBlue22' 6-max Seat #4 is the button
Seat 1: 2f190dc2 ($6.99 in chips)
Seat 2: 904463b4 ($5.33 in chips)
Seat 3: 50501b50 ($5.16 in chips)
Seat 4: a70717ab ($4.93 in chips)
Seat 5: 9224edbe ($10.69 in chips)
Seat 6: Hero ($6.56 in chips)
9224edbe: posts small blind $0.02
Hero: posts big blind $0.05
*** HOLE CARDS ***
Dealt to 2f190dc2 
Dealt to 904463b4 
Dealt to 50501b50 
Dealt to a70717ab 
Dealt to 9224edbe 
Dealt to Hero [9c 5s]
2f190dc2: folds
904463b4: raises $0.08 to $0.13
50501b50: folds
a70717ab: folds
9224edbe: folds
Hero: folds
Uncalled bet ($0.08) returned to 904463b4
*** SHOWDOWN ***
904463b4 collected $0.12 from pot
*** SUMMARY ***
Total pot $0.12 | Rake $0 | Jackpot $0 | Bingo $0 | Fortune $0
Seat 1: 2f190dc2 folded before Flop (didn't bet)
Seat 2: 904463b4 collected ($0.12)
Seat 3: 50501b50 folded before Flop (didn't bet)
Seat 4: a70717ab (button) folded before Flop (didn't bet)
Seat 5: 9224edbe (small blind) folded before Flop
Seat 6: Hero (big blind) folded before Flop


Poker Hand #HD1141787211: Hold'em No Limit  ($0.02/$0.05) - 2023/03/01 19:58:53
Table 'NLHBlue22' 6-max Seat #3 is the button
Seat 1: 2f190dc2 ($6.99 in chips)
Seat 2: 904463b4 ($5.33 in chips)
Seat 3: 50501b50 ($5 in chips)
Seat 4: a70717ab ($4.95 in chips)
Seat 5: 9224edbe ($10.84 in chips)
Seat 6: Hero ($6.56 in chips)
a70717ab: posts small blind $0.02
9224edbe: posts big blind $0.05
*** HOLE CARDS ***
Dealt to 2f190dc2 
Dealt to 904463b4 
Dealt to 50501b50 
Dealt to a70717ab 
Dealt to 9224edbe 
Dealt to Hero [Qd 6h]
Hero: folds
2f190dc2: folds
904463b4: folds
50501b50: calls $0.05
a70717ab: folds
9224edbe: checks
*** FLOP *** [Qc 8s Kc]
9224edbe: checks
50501b50: checks
*** TURN *** [Qc 8s Kc] [9c]
9224edbe: bets $0.1
50501b50: calls $0.1
*** RIVER *** [Qc 8s Kc 9c] [6c]
9224edbe: checks
50501b50: bets $4.85 and is all-in
9224edbe: folds
Uncalled bet ($4.85) returned to 50501b50
*** SHOWDOWN ***
50501b50 collected $0.31 from pot
*** SUMMARY ***
Total pot $0.32 | Rake $0.01 | Jackpot $0 | Bingo $0 | Fortune $0
Board [Qc 8s Kc 9c 6c]
Seat 1: 2f190dc2 folded before Flop (didn't bet)
Seat 2: 904463b4 folded before Flop (didn't bet)
Seat 3: 50501b50 (button) won ($0.31)
Seat 4: a70717ab (small blind) folded before Flop
Seat 5: 9224edbe (big blind) folded on the River
Seat 6: Hero folded before Flop (didn't bet)


Poker Hand #HD1141787064: Hold'em No Limit  ($0.02/$0.05) - 2023/03/01 19:57:57
Table 'NLHBlue22' 6-max Seat #2 is the button
Seat 1: 2f190dc2 ($6.99 in chips)
Seat 2: 904463b4 ($5.33 in chips)
Seat 3: 50501b50 ($5 in chips)
Seat 4: a70717ab ($5 in chips)
Seat 5: 9224edbe ($10.84 in chips)
Seat 6: Hero ($6.33 in chips)
50501b50: posts small blind $0.02
a70717ab: posts big blind $0.05
*** HOLE CARDS ***
Dealt to 2f190dc2 
Dealt to 904463b4 
Dealt to 50501b50 
Dealt to a70717ab 
Dealt to 9224edbe 
Dealt to Hero [Qs Kc]
9224edbe: folds
Hero: raises $0.07 to $0.12
2f190dc2: folds
904463b4: folds
50501b50: calls $0.1
a70717ab: folds
*** FLOP *** [8s As Qd]
50501b50: checks
Hero: bets $0.08
50501b50: calls $0.08
*** TURN *** [8s As Qd] [6s]
50501b50: checks
Hero: bets $0.15
50501b50: folds
Uncalled bet ($0.15) returned to Hero
*** SHOWDOWN ***
Hero collected $0.43 from pot
*** SUMMARY ***
Total pot $0.45 | Rake $0.02 | Jackpot $0 | Bingo $0 | Fortune $0
Board [8s As Qd 6s]
Seat 1: 2f190dc2 folded before Flop (didn't bet)
Seat 2: 904463b4 (button) folded before Flop (didn't bet)
Seat 3: 50501b50 (small blind) folded on the Turn
Seat 4: a70717ab (big blind) folded before Flop
Seat 5: 9224edbe folded before Flop (didn't bet)
Seat 6: Hero won ($0.43)


Poker Hand #HD1141786988: Hold'em No Limit  ($0.02/$0.05) - 2023/03/01 19:57:33
Table 'NLHBlue22' 6-max Seat #1 is the button
Seat 1: 2f190dc2 ($6.99 in chips)
Seat 2: 904463b4 ($5.35 in chips)
Seat 3: 50501b50 ($5 in chips)
Seat 4: a70717ab ($5 in chips)
Seat 5: 9224edbe ($10.84 in chips)
Seat 6: Hero ($6.26 in chips)
904463b4: posts small blind $0.02
50501b50: posts big blind $0.05
*** HOLE CARDS ***
Dealt to 2f190dc2 
Dealt to 904463b4 
Dealt to 50501b50 
Dealt to a70717ab 
Dealt to 9224edbe 
Dealt to Hero [Qh Ks]
a70717ab: folds
9224edbe: folds
Hero: raises $0.07 to $0.12
2f190dc2: folds
904463b4: folds
50501b50: folds
Uncalled bet ($0.07) returned to Hero
*** SHOWDOWN ***
Hero collected $0.12 from pot
*** SUMMARY ***
Total pot $0.12 | Rake $0 | Jackpot $0 | Bingo $0 | Fortune $0
Seat 1: 2f190dc2 (button) folded before Flop (didn't bet)
Seat 2: 904463b4 (small blind) folded before Flop
Seat 3: 50501b50 (big blind) folded before Flop
Seat 4: a70717ab folded before Flop (didn't bet)
Seat 5: 9224edbe folded before Flop (didn't bet)
Seat 6: Hero collected ($0.12)


Poker Hand #HD1141786933: Hold'em No Limit  ($0.02/$0.05) - 2023/03/01 19:57:14
Table 'NLHBlue22' 6-max Seat #6 is the button
Seat 1: 2f190dc2 ($7.01 in chips)
Seat 2: 904463b4 ($5.4 in chips)
Seat 4: a70717ab ($5 in chips)
Seat 5: 9224edbe ($10.77 in chips)
Seat 6: Hero ($6.26 in chips)
2f190dc2: posts small blind $0.02
904463b4: posts big blind $0.05
*** HOLE CARDS ***
Dealt to 2f190dc2 
Dealt to 904463b4 
Dealt to a70717ab 
Dealt to 9224edbe 
Dealt to Hero [Kc 4c]
a70717ab: folds
9224edbe: raises $0.08 to $0.13
Hero: folds
2f190dc2: folds
904463b4: folds
Uncalled bet ($0.08) returned to 9224edbe
*** SHOWDOWN ***
9224edbe collected $0.12 from pot
*** SUMMARY ***
Total pot $0.12 | Rake $0 | Jackpot $0 | Bingo $0 | Fortune $0
Seat 1: 2f190dc2 (small blind) folded before Flop
Seat 2: 904463b4 (big blind) folded before Flop
Seat 4: a70717ab folded before Flop (didn't bet)
Seat 5: 9224edbe collected ($0.12)
Seat 6: Hero (button) folded before Flop (didn't bet)


Poker Hand #HD1141786808: Hold'em No Limit  ($0.02/$0.05) - 2023/03/01 19:56:33
Table 'NLHBlue22' 6-max Seat #5 is the button
Seat 1: 2f190dc2 ($6.86 in chips)
Seat 2: 904463b4 ($5.4 in chips)
Seat 4: a70717ab ($5 in chips)
Seat 5: 9224edbe ($10.77 in chips)
Seat 6: Hero ($6.42 in chips)
Hero: posts small blind $0.02
2f190dc2: posts big blind $0.05
*** HOLE CARDS ***
Dealt to 2f190dc2 
Dealt to 904463b4 
Dealt to a70717ab 
Dealt to 9224edbe 
Dealt to Hero [Ah 9d]
904463b4: folds
a70717ab: folds
9224edbe: folds
Hero: raises $0.11 to $0.16
2f190dc2: calls $0.11
*** FLOP *** [2c 6c 8c]
Hero: checks
2f190dc2: checks
*** TURN *** [2c 6c 8c] [Qd]
Hero: checks
2f190dc2: bets $0.11
Hero: folds
Uncalled bet ($0.11) returned to 2f190dc2
*** SHOWDOWN ***
2f190dc2 collected $0.31 from pot
*** SUMMARY ***
Total pot $0.32 | Rake $0.01 | Jackpot $0 | Bingo $0 | Fortune $0
Board [2c 6c 8c Qd]
Seat 1: 2f190dc2 (big blind) won ($0.31)
Seat 2: 904463b4 folded before Flop (didn't bet)
Seat 4: a70717ab folded before Flop (didn't bet)
Seat 5: 9224edbe (button) folded before Flop (didn't bet)
Seat 6: Hero (small blind) folded on the Turn


Poker Hand #HD1141786752: Hold'em No Limit  ($0.02/$0.05) - 2023/03/01 19:56:11
Table 'NLHBlue22' 6-max Seat #4 is the button
Seat 1: 2f190dc2 ($6.86 in chips)
Seat 2: 904463b4 ($5.4 in chips)
Seat 4: a70717ab ($4.93 in chips)
Seat 5: 9224edbe ($10.79 in chips)
Seat 6: Hero ($6.47 in chips)
9224edbe: posts small blind $0.02
Hero: posts big blind $0.05
*** HOLE CARDS ***
Dealt to 2f190dc2 
Dealt to 904463b4 
Dealt to a70717ab 
Dealt to 9224edbe 
Dealt to Hero [4h Qd]
2f190dc2: folds
904463b4: folds
a70717ab: raises $0.06 to $0.11
9224edbe: folds
Hero: folds
Uncalled bet ($0.06) returned to a70717ab
*** SHOWDOWN ***
a70717ab collected $0.12 from pot
*** SUMMARY ***
Total pot $0.12 | Rake $0 | Jackpot $0 | Bingo $0 | Fortune $0
Seat 1: 2f190dc2 folded before Flop (didn't bet)
Seat 2: 904463b4 folded before Flop (didn't bet)
Seat 4: a70717ab (button) collected ($0.12)
Seat 5: 9224edbe (small blind) folded before Flop
Seat 6: Hero (big blind) folded before Flop


Poker Hand #HD1141786678: Hold'em No Limit  ($0.02/$0.05) - 2023/03/01 19:55:47
Table 'NLHBlue22' 6-max Seat #2 is the button
Seat 1: 2f190dc2 ($6.86 in chips)
Seat 2: 904463b4 ($5.33 in chips)
Seat 4: a70717ab ($4.95 in chips)
Seat 5: 9224edbe ($10.84 in chips)
Seat 6: Hero ($6.47 in chips)
a70717ab: posts small blind $0.02
9224edbe: posts big blind $0.05
*** HOLE CARDS ***
Dealt to 2f190dc2 
Dealt to 904463b4 
Dealt to a70717ab 
Dealt to 9224edbe 
Dealt to Hero [9h 5c]
Hero: folds
2f190dc2: folds
904463b4: raises $0.08 to $0.13
a70717ab: folds
9224edbe: folds
Uncalled bet ($0.08) returned to 904463b4
*** SHOWDOWN ***
904463b4 collected $0.12 from pot
*** SUMMARY ***
Total pot $0.12 | Rake $0 | Jackpot $0 | Bingo $0 | Fortune $0
Seat 1: 2f190dc2 folded before Flop (didn't bet)
Seat 2: 904463b4 (button) collected ($0.12)
Seat 4: a70717ab (small blind) folded before Flop
Seat 5: 9224edbe (big blind) folded before Flop
Seat 6: Hero folded before Flop (didn't bet)


Poker Hand #HD1141786620: Hold'em No Limit  ($0.02/$0.05) - 2023/03/01 19:55:30
Table 'NLHBlue22' 6-max Seat #1 is the button
Seat 1: 2f190dc2 ($6.86 in chips)
Seat 2: 904463b4 ($5.35 in chips)
Seat 4: a70717ab ($4.93 in chips)
Seat 5: 9224edbe ($10.84 in chips)
Seat 6: Hero ($6.47 in chips)
904463b4: posts small blind $0.02
a70717ab: posts big blind $0.05
*** HOLE CARDS ***
Dealt to 2f190dc2 
Dealt to 904463b4 
Dealt to a70717ab 
Dealt to 9224edbe 
Dealt to Hero [8h Ac]
9224edbe: folds
Hero: folds
2f190dc2: folds
904463b4: folds
Uncalled bet ($0.03) returned to a70717ab
*** SHOWDOWN ***
a70717ab collected $0.04 from pot
*** SUMMARY ***
Total pot $0.04 | Rake $0 | Jackpot $0 | Bingo $0 | Fortune $0
Seat 1: 2f190dc2 (button) folded before Flop (didn't bet)
Seat 2: 904463b4 (small blind) folded before Flop
Seat 4: a70717ab (big blind) collected ($0.04)
Seat 5: 9224edbe folded before Flop (didn't bet)
Seat 6: Hero folded before Flop (didn't bet)


Poker Hand #HD1141786478: Hold'em No Limit  ($0.02/$0.05) - 2023/03/01 19:54:40
Table 'NLHBlue22' 6-max Seat #6 is the button
Seat 1: 2f190dc2 ($6.88 in chips)
Seat 2: 904463b4 ($5.48 in chips)
Seat 3: 77a7296c ($6.02 in chips)
Seat 4: a70717ab ($4.93 in chips)
Seat 5: 9224edbe ($10.84 in chips)
Seat 6: Hero ($6.47 in chips)
2f190dc2: posts small blind $0.02
904463b4: posts big blind $0.05
*** HOLE CARDS ***
Dealt to 2f190dc2 
Dealt to 904463b4 
Dealt to 77a7296c 
Dealt to a70717ab 
Dealt to 9224edbe 
Dealt to Hero [Ts 3s]
77a7296c: raises $0.08 to $0.13
a70717ab: folds
9224edbe: folds
Hero: folds
2f190dc2: folds
904463b4: calls $0.08
*** FLOP *** [Jc Ks Td]
904463b4: checks
77a7296c: checks
*** TURN *** [Jc Ks Td] [4c]
904463b4: checks
77a7296c: bets $0.42
904463b4: folds
Uncalled bet ($0.42) returned to 77a7296c
*** SHOWDOWN ***
77a7296c collected $0.27 from pot
*** SUMMARY ***
Total pot $0.28 | Rake $0.01 | Jackpot $0 | Bingo $0 | Fortune $0
Board [Jc Ks Td 4c]
Seat 1: 2f190dc2 (small blind) folded before Flop
Seat 2: 904463b4 (big blind) folded on the Turn
Seat 3: 77a7296c won ($0.27)
Seat 4: a70717ab folded before Flop (didn't bet)
Seat 5: 9224edbe folded before Flop (didn't bet)
Seat 6: Hero (button) folded before Flop (didn't bet)


Poker Hand #HD1141786337: Hold'em No Limit  ($0.02/$0.05) - 2023/03/01 19:53:52
Table 'NLHBlue22' 6-max Seat #5 is the button
Seat 1: 2f190dc2 ($6.93 in chips)
Seat 2: 904463b4 ($5.48 in chips)
Seat 3: 77a7296c ($5.6 in chips)
Seat 4: a70717ab ($4.93 in chips)
Seat 5: 9224edbe ($11.23 in chips)
Seat 6: Hero ($6.49 in chips)
Hero: posts small blind $0.02
2f190dc2: posts big blind $0.05
*** HOLE CARDS ***
Dealt to 2f190dc2 
Dealt to 904463b4 
Dealt to 77a7296c 
Dealt to a70717ab 
Dealt to 9224edbe 
Dealt to Hero [Js Th]
904463b4: folds
77a7296c: raises $0.08 to $0.13
a70717ab: folds
9224edbe: raises $0.26 to $0.39
Hero: folds
2f190dc2: folds
77a7296c: calls $0.26
*** FLOP *** [5s Qd 5d]
77a7296c: checks
9224edbe: checks
*** TURN *** [5s Qd 5d] [9c]
77a7296c: bets $0.44
9224edbe: folds
Uncalled bet ($0.44) returned to 77a7296c
*** SHOWDOWN ***
77a7296c collected $0.81 from pot
*** SUMMARY ***
Total pot $0.85 | Rake $0.04 | Jackpot $0 | Bingo $0 | Fortune $0
Board [5s Qd 5d 9c]
Seat 1: 2f190dc2 (big blind) folded before Flop
Seat 2: 904463b4 folded before Flop (didn't bet)
Seat 3: 77a7296c won ($0.81)
Seat 4: a70717ab folded before Flop (didn't bet)
Seat 5: 9224edbe (button) folded on the Turn
Seat 6: Hero (small blind) folded before Flop


Poker Hand #HD1141786241: Hold'em No Limit  ($0.02/$0.05) - 2023/03/01 19:53:16
Table 'NLHBlue22' 6-max Seat #4 is the button
Seat 1: 2f190dc2 ($6.93 in chips)
Seat 2: 904463b4 ($5.48 in chips)
Seat 3: 77a7296c ($5.41 in chips)
Seat 4: a70717ab ($4.93 in chips)
Seat 5: 9224edbe ($11.38 in chips)
Seat 6: Hero ($6.54 in chips)
9224edbe: posts small blind $0.02
Hero: posts big blind $0.05
*** HOLE CARDS ***
Dealt to 2f190dc2 
Dealt to 904463b4 
Dealt to 77a7296c 
Dealt to a70717ab 
Dealt to 9224edbe 
Dealt to Hero [9h 7d]
2f190dc2: folds
904463b4: folds
77a7296c: raises $0.1 to $0.15
a70717ab: folds
9224edbe: calls $0.13
Hero: folds
*** FLOP *** [As 3c Qd]
9224edbe: checks
77a7296c: bets $0.12
9224edbe: folds
Uncalled bet ($0.12) returned to 77a7296c
*** SHOWDOWN ***
77a7296c collected $0.34 from pot
*** SUMMARY ***
Total pot $0.35 | Rake $0.01 | Jackpot $0 | Bingo $0 | Fortune $0
Board [As 3c Qd]
Seat 1: 2f190dc2 folded before Flop (didn't bet)
Seat 2: 904463b4 folded before Flop (didn't bet)
Seat 3: 77a7296c won ($0.34)
Seat 4: a70717ab (button) folded before Flop (didn't bet)
Seat 5: 9224edbe (small blind) folded on the Flop
Seat 6: Hero (big blind) folded before Flop


Poker Hand #HD1141786084: Hold'em No Limit  ($0.02/$0.05) - 2023/03/01 19:52:24
Table 'NLHBlue22' 6-max Seat #3 is the button
Seat 1: 2f190dc2 ($7.39 in chips)
Seat 2: 904463b4 ($5 in chips)
Seat 3: 77a7296c ($5.41 in chips)
Seat 4: a70717ab ($4.95 in chips)
Seat 5: 9224edbe ($11.43 in chips)
Seat 6: Hero ($6.54 in chips)
a70717ab: posts small blind $0.02
9224edbe: posts big blind $0.05
*** HOLE CARDS ***
Dealt to 2f190dc2 
Dealt to 904463b4 
Dealt to 77a7296c 
Dealt to a70717ab 
Dealt to 9224edbe 
Dealt to Hero [Js 8c]
Hero: folds
2f190dc2: raises $0.08 to $0.13
904463b4: raises $0.33 to $0.46
77a7296c: folds
a70717ab: folds
9224edbe: folds
2f190dc2: calls $0.33
*** FLOP *** [Jh Ks 9s]
2f190dc2: checks
904463b4: bets $0.58
2f190dc2: folds
Uncalled bet ($0.58) returned to 904463b4
*** SHOWDOWN ***
904463b4 collected $0.94 from pot
*** SUMMARY ***
Total pot $0.99 | Rake $0.05 | Jackpot $0 | Bingo $0 | Fortune $0
Board [Jh Ks 9s]
Seat 1: 2f190dc2 folded on the Flop
Seat 2: 904463b4 won ($0.94)
Seat 3: 77a7296c (button) folded before Flop (didn't bet)
Seat 4: a70717ab (small blind) folded before Flop
Seat 5: 9224edbe (big blind) folded before Flop
Seat 6: Hero folded before Flop (didn't bet)


Poker Hand #HD1141786009: Hold'em No Limit  ($0.02/$0.05) - 2023/03/01 19:51:53
Table 'NLHBlue22' 6-max Seat #2 is the button
Seat 1: 2f190dc2 ($7.39 in chips)
Seat 2: 904463b4 ($4.98 in chips)
Seat 3: 77a7296c ($5.36 in chips)
Seat 4: a70717ab ($5 in chips)
Seat 5: 9224edbe ($11.43 in chips)
Seat 6: Hero ($6.54 in chips)
77a7296c: posts small blind $0.02
a70717ab: posts big blind $0.05
*** HOLE CARDS ***
Dealt to 2f190dc2 
Dealt to 904463b4 
Dealt to 77a7296c 
Dealt to a70717ab 
Dealt to 9224edbe 
Dealt to Hero [2c 4h]
9224edbe: folds
Hero: folds
2f190dc2: folds
904463b4: folds
77a7296c: raises $0.1 to $0.15
a70717ab: folds
Uncalled bet ($0.1) returned to 77a7296c
*** SHOWDOWN ***
77a7296c collected $0.1 from pot
*** SUMMARY ***
Total pot $0.1 | Rake $0 | Jackpot $0 | Bingo $0 | Fortune $0
Seat 1: 2f190dc2 folded before Flop (didn't bet)
Seat 2: 904463b4 (button) folded before Flop (didn't bet)
Seat 3: 77a7296c (small blind) collected ($0.1)
Seat 4: a70717ab (big blind) folded before Flop
Seat 5: 9224edbe folded before Flop (didn't bet)
Seat 6: Hero folded before Flop (didn't bet)


Poker Hand #HD1141785986: Hold'em No Limit  ($0.02/$0.05) - 2023/03/01 19:51:44
Table 'NLHBlue22' 6-max Seat #1 is the button
Seat 1: 2f190dc2 ($7.39 in chips)
Seat 2: 904463b4 ($5 in chips)
Seat 3: 77a7296c ($5.34 in chips)
Seat 5: 9224edbe ($11.43 in chips)
Seat 6: Hero ($6.54 in chips)
904463b4: posts small blind $0.02
77a7296c: posts big blind $0.05
*** HOLE CARDS ***
Dealt to 2f190dc2 
Dealt to 904463b4 
Dealt to 77a7296c 
Dealt to 9224edbe 
Dealt to Hero [6d 3s]
9224edbe: folds
Hero: folds
2f190dc2: folds
904463b4: folds
Uncalled bet ($0.03) returned to 77a7296c
*** SHOWDOWN ***
77a7296c collected $0.04 from pot
*** SUMMARY ***
Total pot $0.04 | Rake $0 | Jackpot $0 | Bingo $0 | Fortune $0
Seat 1: 2f190dc2 (button) folded before Flop (didn't bet)
Seat 2: 904463b4 (small blind) folded before Flop
Seat 3: 77a7296c (big blind) collected ($0.04)
Seat 5: 9224edbe folded before Flop (didn't bet)
Seat 6: Hero folded before Flop (didn't bet)


Poker Hand #HD1141785833: Hold'em No Limit  ($0.02/$0.05) - 2023/03/01 19:50:54
Table 'NLHBlue22' 6-max Seat #6 is the button
Seat 1: 2f190dc2 ($7.41 in chips)
Seat 2: 904463b4 ($5 in chips)
Seat 3: 77a7296c ($5.34 in chips)
Seat 5: 9224edbe ($11.32 in chips)
Seat 6: Hero ($6.54 in chips)
2f190dc2: posts small blind $0.02
904463b4: posts big blind $0.05
*** HOLE CARDS ***
Dealt to 2f190dc2 
Dealt to 904463b4 
Dealt to 77a7296c 
Dealt to 9224edbe 
Dealt to Hero [8s 3s]
77a7296c: folds
9224edbe: raises $0.05 to $0.1
Hero: folds
2f190dc2: folds
904463b4: calls $0.05
*** FLOP *** [Ks 8d 2d]
904463b4: checks
9224edbe: bets $0.15
904463b4: folds
Uncalled bet ($0.15) returned to 9224edbe
*** SHOWDOWN ***
9224edbe collected $0.21 from pot
*** SUMMARY ***
Total pot $0.22 | Rake $0.01 | Jackpot $0 | Bingo $0 | Fortune $0
Board [Ks 8d 2d]
Seat 1: 2f190dc2 (small blind) folded before Flop
Seat 2: 904463b4 (big blind) folded on the Flop
Seat 3: 77a7296c folded before Flop (didn't bet)
Seat 5: 9224edbe won ($0.21)
Seat 6: Hero (button) folded before Flop (didn't bet)


Poker Hand #HD1141785714: Hold'em No Limit  ($0.02/$0.05) - 2023/03/01 19:50:14
Table 'NLHBlue22' 6-max Seat #5 is the button
Seat 1: 2f190dc2 ($7.3 in chips)
Seat 2: 904463b4 ($5 in chips)
Seat 3: 77a7296c ($5.34 in chips)
Seat 5: 9224edbe ($11.42 in chips)
Seat 6: Hero ($6.56 in chips)
Hero: posts small blind $0.02
2f190dc2: posts big blind $0.05
*** HOLE CARDS ***
Dealt to 2f190dc2 
Dealt to 904463b4 
Dealt to 77a7296c 
Dealt to 9224edbe 
Dealt to Hero [4d 7h]
904463b4: folds
77a7296c: folds
9224edbe: raises $0.05 to $0.1
Hero: folds
2f190dc2: calls $0.05
*** FLOP *** [5h 6d 8h]
2f190dc2: checks
9224edbe: checks
*** TURN *** [5h 6d 8h] [Jc]
2f190dc2: bets $0.18
9224edbe: folds
Uncalled bet ($0.18) returned to 2f190dc2
*** SHOWDOWN ***
2f190dc2 collected $0.21 from pot
*** SUMMARY ***
Total pot $0.22 | Rake $0.01 | Jackpot $0 | Bingo $0 | Fortune $0
Board [5h 6d 8h Jc]
Seat 1: 2f190dc2 (big blind) won ($0.21)
Seat 2: 904463b4 folded before Flop (didn't bet)
Seat 3: 77a7296c folded before Flop (didn't bet)
Seat 5: 9224edbe (button) folded on the Turn
Seat 6: Hero (small blind) folded before Flop


Poker Hand #HD1141715609: Hold'em No Limit  ($0.02/$0.05) - 2023/03/01 19:49:39
Table 'NLHBlue22' 6-max Seat #3 is the button
Seat 1: 2f190dc2 ($7.3 in chips)
Seat 2: 904463b4 ($5 in chips)
Seat 3: 77a7296c ($5.34 in chips)
Seat 5: 9224edbe ($11.44 in chips)
Seat 6: Hero ($6.54 in chips)
9224edbe: posts small blind $0.02
Hero: posts big blind $0.05
*** HOLE CARDS ***
Dealt to 2f190dc2 
Dealt to 904463b4 
Dealt to 77a7296c 
Dealt to 9224edbe 
Dealt to Hero [As Kh]
2f190dc2: folds
904463b4: folds
77a7296c: folds
9224edbe: folds
Uncalled bet ($0.03) returned to Hero
*** SHOWDOWN ***
Hero collected $0.04 from pot
*** SUMMARY ***
Total pot $0.04 | Rake $0 | Jackpot $0 | Bingo $0 | Fortune $0
Seat 1: 2f190dc2 folded before Flop (didn't bet)
Seat 2: 904463b4 folded before Flop (didn't bet)
Seat 3: 77a7296c (button) folded before Flop (didn't bet)
Seat 5: 9224edbe (small blind) folded before Flop
Seat 6: Hero (big blind) collected ($0.04)


Poker Hand #HD1141715487: Hold'em No Limit  ($0.02/$0.05) - 2023/03/01 19:48:57
Table 'NLHBlue22' 6-max Seat #2 is the button
Seat 1: 2f190dc2 ($7.43 in chips)
Seat 2: 904463b4 ($5 in chips)
Seat 3: 77a7296c ($5.36 in chips)
Seat 5: 9224edbe ($11.3 in chips)
Seat 6: Hero ($6.54 in chips)
77a7296c: posts small blind $0.02
9224edbe: posts big blind $0.05
*** HOLE CARDS ***
Dealt to 2f190dc2 
Dealt to 904463b4 
Dealt to 77a7296c 
Dealt to 9224edbe 
Dealt to Hero [7s Ah]
Hero: folds
2f190dc2: raises $0.08 to $0.13
904463b4: folds
77a7296c: folds
9224edbe: calls $0.08
*** FLOP *** [7h Tc 2h]
9224edbe: checks
2f190dc2: checks
*** TURN *** [7h Tc 2h] [2s]
9224edbe: checks
2f190dc2: checks
*** RIVER *** [7h Tc 2h 2s] [Qc]
9224edbe: checks
2f190dc2: checks
9224edbe: shows [4c 4s] (Pair of Fours and Pair of Twos)
2f190dc2: shows [Kh Ac] (Pair of Twos)
*** SHOWDOWN ***
9224edbe collected $0.27 from pot
*** SUMMARY ***
Total pot $0.28 | Rake $0.01 | Jackpot $0 | Bingo $0 | Fortune $0
Board [7h Tc 2h 2s Qc]
Seat 1: 2f190dc2 showed [Kh Ac] and lost with Pair of Twos
Seat 2: 904463b4 (button) folded before Flop (didn't bet)
Seat 3: 77a7296c (small blind) folded before Flop
Seat 5: 9224edbe (big blind) showed [4c 4s] and won ($0.27) with Pair of Fours and Pair of Twos
Seat 6: Hero folded before Flop (didn't bet)


Poker Hand #HD1141715220: Hold'em No Limit  ($0.02/$0.05) - 2023/03/01 19:47:20
Table 'NLHBlue22' 6-max Seat #1 is the button
Seat 1: 2f190dc2 ($6.15 in chips)
Seat 2: 904463b4 ($5 in chips)
Seat 3: 77a7296c ($6.81 in chips)
Seat 5: 9224edbe ($11.3 in chips)
Seat 6: Hero ($6.54 in chips)
904463b4: posts small blind $0.02
77a7296c: posts big blind $0.05
*** HOLE CARDS ***
Dealt to 2f190dc2 
Dealt to 904463b4 
Dealt to 77a7296c 
Dealt to 9224edbe 
Dealt to Hero [7d 4h]
9224edbe: folds
Hero: folds
2f190dc2: raises $0.08 to $0.13
904463b4: folds
77a7296c: calls $0.08
*** FLOP *** [3d Kh Ac]
77a7296c: checks
2f190dc2: checks
*** TURN *** [3d Kh Ac] [9c]
77a7296c: bets $0.42
2f190dc2: raises $0.9 to $1.32
77a7296c: calls $0.9
*** RIVER *** [3d Kh Ac 9c] [6d]
77a7296c: checks
2f190dc2: bets $4.7 and is all-in
77a7296c: folds
Uncalled bet ($4.7) returned to 2f190dc2
*** SHOWDOWN ***
2f190dc2 collected $2.73 from pot
*** SUMMARY ***
Total pot $2.92 | Rake $0.14 | Jackpot $0.05 | Bingo $0 | Fortune $0
Board [3d Kh Ac 9c 6d]
Seat 1: 2f190dc2 (button) won ($2.73)
Seat 2: 904463b4 (small blind) folded before Flop
Seat 3: 77a7296c (big blind) folded on the River
Seat 5: 9224edbe folded before Flop (didn't bet)
Seat 6: Hero folded before Flop (didn't bet)


Poker Hand #HD1141714961: Hold'em No Limit  ($0.02/$0.05) - 2023/03/01 19:45:48
Table 'NLHBlue22' 6-max Seat #6 is the button
Seat 1: 2f190dc2 ($6.17 in chips)
Seat 2: 904463b4 ($5 in chips)
Seat 3: 77a7296c ($5.07 in chips)
Seat 5: 9224edbe ($11.3 in chips)
Seat 6: Hero ($6.54 in chips)
2f190dc2: posts small blind $0.02
904463b4: posts big blind $0.05
*** HOLE CARDS ***
Dealt to 2f190dc2 
Dealt to 904463b4 
Dealt to 77a7296c 
Dealt to 9224edbe 
Dealt to Hero [6h Qh]
77a7296c: raises $0.08 to $0.13
9224edbe: folds
Hero: folds
2f190dc2: folds
904463b4: raises $0.28 to $0.41
77a7296c: calls $0.28
*** FLOP *** [5d 7d 8s]
904463b4: bets $0.49
77a7296c: calls $0.49
*** TURN *** [5d 7d 8s] [Kc]
904463b4: bets $1.06
77a7296c: calls $1.06
*** RIVER *** [5d 7d 8s Kc] [9c]
904463b4: checks
77a7296c: bets $3.11 and is all-in
904463b4: folds
Uncalled bet ($3.11) returned to 77a7296c
*** SHOWDOWN ***
77a7296c collected $3.7 from pot
*** SUMMARY ***
Total pot $3.94 | Rake $0.19 | Jackpot $0.05 | Bingo $0 | Fortune $0
Board [5d 7d 8s Kc 9c]
Seat 1: 2f190dc2 (small blind) folded before Flop
Seat 2: 904463b4 (big blind) folded on the River
Seat 3: 77a7296c won ($3.7)
Seat 5: 9224edbe folded before Flop (didn't bet)
Seat 6: Hero (button) folded before Flop (didn't bet)


Poker Hand #HD1141714924: Hold'em No Limit  ($0.02/$0.05) - 2023/03/01 19:45:34
Table 'NLHBlue22' 6-max Seat #5 is the button
Seat 1: 2f190dc2 ($6.22 in chips)
Seat 2: 904463b4 ($5 in chips)
Seat 3: 77a7296c ($5 in chips)
Seat 5: 9224edbe ($11.3 in chips)
Seat 6: Hero ($6.56 in chips)
Hero: posts small blind $0.02
2f190dc2: posts big blind $0.05
*** HOLE CARDS ***
Dealt to 2f190dc2 
Dealt to 904463b4 
Dealt to 77a7296c 
Dealt to 9224edbe 
Dealt to Hero [Jh 2c]
904463b4: folds
77a7296c: raises $0.1 to $0.15
9224edbe: folds
Hero: folds
2f190dc2: folds
Uncalled bet ($0.1) returned to 77a7296c
*** SHOWDOWN ***
77a7296c collected $0.12 from pot
*** SUMMARY ***
Total pot $0.12 | Rake $0 | Jackpot $0 | Bingo $0 | Fortune $0
Seat 1: 2f190dc2 (big blind) folded before Flop
Seat 2: 904463b4 folded before Flop (didn't bet)
Seat 3: 77a7296c collected ($0.12)
Seat 5: 9224edbe (button) folded before Flop (didn't bet)
Seat 6: Hero (small blind) folded before Flop


Poker Hand #HD1141714708: Hold'em No Limit  ($0.02/$0.05) - 2023/03/01 19:44:16
Table 'NLHBlue22' 6-max Seat #3 is the button
Seat 1: 2f190dc2 ($6.22 in chips)
Seat 2: 904463b4 ($5 in chips)
Seat 3: 77a7296c ($6.74 in chips)
Seat 4: d026176e ($1.02 in chips)
Seat 5: 9224edbe ($5.35 in chips)
Seat 6: Hero ($6.68 in chips)
d026176e: posts small blind $0.02
9224edbe: posts big blind $0.05
*** HOLE CARDS ***
Dealt to 2f190dc2 
Dealt to 904463b4 
Dealt to 77a7296c 
Dealt to d026176e 
Dealt to 9224edbe 
Dealt to Hero [Jc Kh]
Hero: raises $0.07 to $0.12
2f190dc2: folds
904463b4: folds
77a7296c: raises $0.26 to $0.38
d026176e: raises $0.64 to $1.02 and is all-in
9224edbe: calls $0.97
Hero: folds
77a7296c: raises $5.72 to $6.74 and is all-in
9224edbe: calls $4.33 and is all-in
Uncalled bet ($1.39) returned to 77a7296c
77a7296c: shows [Qc As]
d026176e: shows [8c 8s]
9224edbe: shows [Ad Ac]
*** FLOP *** [5d 3c Jh]
*** TURN *** [5d 3c Jh] [Qs]
*** RIVER *** [5d 3c Jh Qs] [7d]
*** SHOWDOWN ***
9224edbe collected $3.05 from pot
9224edbe collected $8.25 from pot
*** SUMMARY ***
Total pot $11.84 | Rake $0.49 | Jackpot $0.05 | Bingo $0 | Fortune $0
Board [5d 3c Jh Qs 7d]
Seat 1: 2f190dc2 folded before Flop (didn't bet)
Seat 2: 904463b4 folded before Flop (didn't bet)
Seat 3: 77a7296c (button) showed [Qc As] and lost with Pair of Queens
Seat 4: d026176e (small blind) showed [8c 8s] and lost with Pair of Eights
Seat 5: 9224edbe (big blind) showed [Ad Ac] and won ($11.3) with Pair of Aces
Seat 6: Hero folded before Flop


Poker Hand #HD1141714630: Hold'em No Limit  ($0.02/$0.05) - 2023/03/01 19:43:51
Table 'NLHBlue22' 6-max Seat #2 is the button
Seat 1: 2f190dc2 ($6.22 in chips)
Seat 2: 904463b4 ($5 in chips)
Seat 3: 77a7296c ($6.76 in chips)
Seat 4: d026176e ($1 in chips)
Seat 5: 9224edbe ($5.35 in chips)
Seat 6: Hero ($6.68 in chips)
77a7296c: posts small blind $0.02
d026176e: posts big blind $0.05
*** HOLE CARDS ***
Dealt to 2f190dc2 
Dealt to 904463b4 
Dealt to 77a7296c 
Dealt to d026176e 
Dealt to 9224edbe 
Dealt to Hero [7h 4c]
9224edbe: folds
Hero: folds
2f190dc2: folds
904463b4: folds
77a7296c: folds
Uncalled bet ($0.03) returned to d026176e
*** SHOWDOWN ***
d026176e collected $0.04 from pot
*** SUMMARY ***
Total pot $0.04 | Rake $0 | Jackpot $0 | Bingo $0 | Fortune $0
Seat 1: 2f190dc2 folded before Flop (didn't bet)
Seat 2: 904463b4 (button) folded before Flop (didn't bet)
Seat 3: 77a7296c (small blind) folded before Flop
Seat 4: d026176e (big blind) collected ($0.04)
Seat 5: 9224edbe folded before Flop (didn't bet)
Seat 6: Hero folded before Flop (didn't bet)


Poker Hand #HD1141714518: Hold'em No Limit  ($0.02/$0.05) - 2023/03/01 19:43:12
Table 'NLHBlue22' 6-max Seat #1 is the button
Seat 1: 2f190dc2 ($6.22 in chips)
Seat 2: 904463b4 ($5 in chips)
Seat 3: 77a7296c ($6.81 in chips)
Seat 4: d026176e ($1.05 in chips)
Seat 5: 9224edbe ($5.87 in chips)
Seat 6: Hero ($6.09 in chips)
904463b4: posts small blind $0.02
77a7296c: posts big blind $0.05
d026176e: posts big blind $0.05
*** HOLE CARDS ***
Dealt to 2f190dc2 
Dealt to 904463b4 
Dealt to 77a7296c 
Dealt to d026176e 
Dealt to 9224edbe 
Dealt to Hero [Ac Qc]
d026176e: checks
9224edbe: raises $0.14 to $0.19
Hero: raises $0.33 to $0.52
2f190dc2: folds
904463b4: folds
77a7296c: folds
d026176e: folds
9224edbe: calls $0.33
*** FLOP *** [Ad Kh Tc]
9224edbe: checks
Hero: checks
*** TURN *** [Ad Kh Tc] [Kd]
9224edbe: checks
Hero: checks
*** RIVER *** [Ad Kh Tc Kd] [As]
9224edbe: checks
Hero: bets $0.39
9224edbe: folds
Uncalled bet ($0.39) returned to Hero
*** SHOWDOWN ***
Hero collected $1.11 from pot
*** SUMMARY ***
Total pot $1.16 | Rake $0.05 | Jackpot $0 | Bingo $0 | Fortune $0
Board [Ad Kh Tc Kd As]
Seat 1: 2f190dc2 (button) folded before Flop (didn't bet)
Seat 2: 904463b4 (small blind) folded before Flop
Seat 3: 77a7296c (big blind) folded before Flop
Seat 4: d026176e folded before Flop
Seat 5: 9224edbe folded on the River
Seat 6: Hero won ($1.11)


Poker Hand #HD1141714366: Hold'em No Limit  ($0.02/$0.05) - 2023/03/01 19:42:19
Table 'NLHBlue22' 6-max Seat #6 is the button
Seat 1: 2f190dc2 ($6.24 in chips)
Seat 2: 904463b4 ($5 in chips)
Seat 3: 77a7296c ($7.91 in chips)
Seat 5: 9224edbe ($5.87 in chips)
Seat 6: Hero ($5 in chips)
2f190dc2: posts small blind $0.02
904463b4: posts big blind $0.05
*** HOLE CARDS ***
Dealt to 2f190dc2 
Dealt to 904463b4 
Dealt to 77a7296c 
Dealt to 9224edbe 
Dealt to Hero [Qc Ks]
77a7296c: raises $0.08 to $0.13
9224edbe: folds
Hero: calls $0.13
2f190dc2: folds
904463b4: calls $0.08
*** FLOP *** [5h Kd 4c]
904463b4: checks
77a7296c: bets $0.14
Hero: raises $0.24 to $0.38
904463b4: folds
77a7296c: calls $0.24
*** TURN *** [5h Kd 4c] [2s]
77a7296c: checks
Hero: bets $0.59
77a7296c: calls $0.59
*** RIVER *** [5h Kd 4c 2s] [3h]
77a7296c: checks
Hero: checks
77a7296c: shows [Qd Qh] (Pair of Queens)
Hero: shows [Qc Ks] (Pair of Kings)
*** SHOWDOWN ***
Hero collected $2.19 from pot
*** SUMMARY ***
Total pot $2.35 | Rake $0.11 | Jackpot $0.05 | Bingo $0 | Fortune $0
Board [5h Kd 4c 2s 3h]
Seat 1: 2f190dc2 (small blind) folded before Flop
Seat 2: 904463b4 (big blind) folded on the Flop
Seat 3: 77a7296c showed [Qd Qh] and lost with Pair of Queens
Seat 5: 9224edbe folded before Flop (didn't bet)
Seat 6: Hero (button) showed [Qc Ks] and won ($2.19) with Pair of Kings


Poker Hand #HD1141714175: Hold'em No Limit  ($0.02/$0.05) - 2023/03/01 19:41:09
Table 'NLHBlue22' 6-max Seat #5 is the button
Seat 1: 2f190dc2 ($6.29 in chips)
Seat 2: 904463b4 ($5 in chips)
Seat 3: 77a7296c ($7.08 in chips)
Seat 5: 9224edbe ($5.87 in chips)
Seat 6: Hero ($5 in chips)
Hero: posts small blind $0.02
2f190dc2: posts big blind $0.05
*** HOLE CARDS ***
Dealt to 2f190dc2 
Dealt to 904463b4 
Dealt to 77a7296c 
Dealt to 9224edbe 
Dealt to Hero [9h 9s]
904463b4: folds
77a7296c: raises $0.1 to $0.15
9224edbe: folds
Hero: raises $0.39 to $0.54
2f190dc2: folds
77a7296c: calls $0.39
*** FLOP *** [Ts 7c Qh]
Hero: bets $0.38
77a7296c: calls $0.38
*** TURN *** [Ts 7c Qh] [7h]
Hero: checks
77a7296c: checks
*** RIVER *** [Ts 7c Qh 7h] [4h]
Hero: checks
77a7296c: checks
Hero: shows [9h 9s] (Pair of Nines and Pair of Sevens)
77a7296c: shows [Ks Qc] (Pair of Queens and Pair of Sevens)
*** SHOWDOWN ***
77a7296c collected $1.75 from pot
*** SUMMARY ***
Total pot $1.89 | Rake $0.09 | Jackpot $0.05 | Bingo $0 | Fortune $0
Board [Ts 7c Qh 7h 4h]
Seat 1: 2f190dc2 (big blind) folded before Flop
Seat 2: 904463b4 folded before Flop (didn't bet)
Seat 3: 77a7296c showed [Ks Qc] and won ($1.75) with Pair of Queens and Pair of Sevens
Seat 5: 9224edbe (button) folded before Flop (didn't bet)
Seat 6: Hero (small blind) showed [9h 9s] and lost with Pair of Nines and Pair of Sevens


Poker Hand #HD1141714118: Hold'em No Limit  ($0.02/$0.05) - 2023/03/01 19:40:52
Table 'NLHBlue22' 6-max Seat #3 is the button
Seat 1: 2f190dc2 ($6.29 in chips)
Seat 2: 904463b4 ($5 in chips)
Seat 3: 77a7296c ($7.01 in chips)
Seat 5: 9224edbe ($5.89 in chips)
Seat 6: Hero ($5 in chips)
9224edbe: posts small blind $0.02
Hero: posts big blind $0.05
*** HOLE CARDS ***
Dealt to 2f190dc2 
Dealt to 904463b4 
Dealt to 77a7296c 
Dealt to 9224edbe 
Dealt to Hero [4c 8c]
2f190dc2: folds
904463b4: folds
77a7296c: raises $0.1 to $0.15
9224edbe: folds
Hero: folds
Uncalled bet ($0.1) returned to 77a7296c
*** SHOWDOWN ***
77a7296c collected $0.12 from pot
*** SUMMARY ***
Total pot $0.12 | Rake $0 | Jackpot $0 | Bingo $0 | Fortune $0
Seat 1: 2f190dc2 folded before Flop (didn't bet)
Seat 2: 904463b4 folded before Flop (didn't bet)
Seat 3: 77a7296c (button) collected ($0.12)
Seat 5: 9224edbe (small blind) folded before Flop
Seat 6: Hero (big blind) folded before Flop


Poker Hand #HD1141714007: Hold'em No Limit  ($0.02/$0.05) - 2023/03/01 19:40:10
Table 'NLHBlue22' 6-max Seat #2 is the button
Seat 1: 2f190dc2 ($6.11 in chips)
Seat 2: 904463b4 ($5 in chips)
Seat 3: 77a7296c ($7.03 in chips)
Seat 4: 382737d5 ($6 in chips)
Seat 5: 9224edbe ($5.89 in chips)
Seat 6: Hero ($5 in chips)
77a7296c: posts small blind $0.02
382737d5: posts big blind $0.05
*** HOLE CARDS ***
Dealt to 2f190dc2 
Dealt to 904463b4 
Dealt to 77a7296c 
Dealt to 382737d5 
Dealt to 9224edbe 
Dealt to Hero [Qc 9c]
9224edbe: folds
Hero: raises $0.07 to $0.12
2f190dc2: raises $0.25 to $0.37
904463b4: folds
77a7296c: folds
382737d5: folds
Hero: folds
Uncalled bet ($0.25) returned to 2f190dc2
*** SHOWDOWN ***
2f190dc2 collected $0.3 from pot
*** SUMMARY ***
Total pot $0.31 | Rake $0.01 | Jackpot $0 | Bingo $0 | Fortune $0
Seat 1: 2f190dc2 collected ($0.3)
Seat 2: 904463b4 (button) folded before Flop (didn't bet)
Seat 3: 77a7296c (small blind) folded before Flop
Seat 4: 382737d5 (big blind) folded before Flop
Seat 5: 9224edbe folded before Flop (didn't bet)
Seat 6: Hero folded before Flop


Poker Hand #HD1141713799: Hold'em No Limit  ($0.02/$0.05) - 2023/03/01 19:38:59
Table 'NLHBlue22' 6-max Seat #1 is the button
Seat 1: 2f190dc2 ($6.11 in chips)
Seat 2: 904463b4 ($5 in chips)
Seat 3: 77a7296c ($6.46 in chips)
Seat 4: 382737d5 ($6 in chips)
Seat 5: 9224edbe ($5.89 in chips)
Seat 6: Hero ($5 in chips)
904463b4: posts small blind $0.02
77a7296c: posts big blind $0.05
*** HOLE CARDS ***
Dealt to 2f190dc2 
Dealt to 904463b4 
Dealt to 77a7296c 
Dealt to 382737d5 
Dealt to 9224edbe 
Dealt to Hero [Qc 6c]
382737d5: folds
9224edbe: folds
Hero: folds
2f190dc2: folds
904463b4: raises $0.08 to $0.13
77a7296c: calls $0.08
*** FLOP *** [4s Ad 9d]
904463b4: bets $0.16
77a7296c: calls $0.16
*** TURN *** [4s Ad 9d] [Qd]
904463b4: bets $0.34
77a7296c: calls $0.34
*** RIVER *** [4s Ad 9d Qd] [8s]
904463b4: checks
77a7296c: bets $0.42
904463b4: folds
Uncalled bet ($0.42) returned to 77a7296c
*** SHOWDOWN ***
77a7296c collected $1.2 from pot
*** SUMMARY ***
Total pot $1.26 | Rake $0.06 | Jackpot $0 | Bingo $0 | Fortune $0
Board [4s Ad 9d Qd 8s]
Seat 1: 2f190dc2 (button) folded before Flop (didn't bet)
Seat 2: 904463b4 (small blind) folded on the River
Seat 3: 77a7296c (big blind) won ($1.2)
Seat 4: 382737d5 folded before Flop (didn't bet)
Seat 5: 9224edbe folded before Flop (didn't bet)
Seat 6: Hero folded before Flop (didn't bet)


Poker Hand #HD1141713706: Hold'em No Limit  ($0.02/$0.05) - 2023/03/01 19:38:29
Table 'NLHBlue22' 6-max Seat #6 is the button
Seat 1: 2f190dc2 ($6.06 in chips)
Seat 2: 904463b4 ($5 in chips)
Seat 3: 77a7296c ($6.46 in chips)
Seat 4: 382737d5 ($6 in chips)
Seat 5: 9224edbe ($5.89 in chips)
Seat 6: Hero ($5 in chips)
2f190dc2: posts small blind $0.02
904463b4: posts big blind $0.05
*** HOLE CARDS ***
Dealt to 2f190dc2 
Dealt to 904463b4 
Dealt to 77a7296c 
Dealt to 382737d5 
Dealt to 9224edbe 
Dealt to Hero [8h Tc]
77a7296c: folds
382737d5: folds
9224edbe: folds
Hero: folds
2f190dc2: raises $0.1 to $0.15
904463b4: folds
Uncalled bet ($0.1) returned to 2f190dc2
*** SHOWDOWN ***
2f190dc2 collected $0.1 from pot
*** SUMMARY ***
Total pot $0.1 | Rake $0 | Jackpot $0 | Bingo $0 | Fortune $0
Seat 1: 2f190dc2 (small blind) collected ($0.1)
Seat 2: 904463b4 (big blind) folded before Flop
Seat 3: 77a7296c folded before Flop (didn't bet)
Seat 4: 382737d5 folded before Flop (didn't bet)
Seat 5: 9224edbe folded before Flop (didn't bet)
Seat 6: Hero (button) folded before Flop (didn't bet)


Poker Hand #HD1141713680: Hold'em No Limit  ($0.02/$0.05) - 2023/03/01 19:38:18
Table 'NLHBlue22' 6-max Seat #5 is the button
Seat 1: 2f190dc2 ($6.04 in chips)
Seat 2: 904463b4 ($5 in chips)
Seat 3: 77a7296c ($6.46 in chips)
Seat 4: 382737d5 ($6 in chips)
Seat 5: 9224edbe ($5.89 in chips)
Seat 6: Hero ($5 in chips)
Hero: posts small blind $0.02
2f190dc2: posts big blind $0.05
*** HOLE CARDS ***
Dealt to 2f190dc2 
Dealt to 904463b4 
Dealt to 77a7296c 
Dealt to 382737d5 
Dealt to 9224edbe 
Dealt to Hero [3s 7h]
904463b4: folds
77a7296c: folds
382737d5: folds
9224edbe: folds
Hero: folds
Uncalled bet ($0.03) returned to 2f190dc2
*** SHOWDOWN ***
2f190dc2 collected $0.04 from pot
*** SUMMARY ***
Total pot $0.04 | Rake $0 | Jackpot $0 | Bingo $0 | Fortune $0
Seat 1: 2f190dc2 (big blind) collected ($0.04)
Seat 2: 904463b4 folded before Flop (didn't bet)
Seat 3: 77a7296c folded before Flop (didn't bet)
Seat 4: 382737d5 folded before Flop (didn't bet)
Seat 5: 9224edbe (button) folded before Flop (didn't bet)
Seat 6: Hero (small blind) folded before Flop


Poker Hand #HD1141713629: Hold'em No Limit  ($0.02/$0.05) - 2023/03/01 19:38:02
Table 'NLHBlue22' 6-max Seat #4 is the button
Seat 1: 2f190dc2 ($6.04 in chips)
Seat 2: 904463b4 ($5 in chips)
Seat 3: 77a7296c ($6.46 in chips)
Seat 4: 382737d5 ($6 in chips)
Seat 5: 9224edbe ($5.84 in chips)
Seat 6: Hero ($5 in chips)
9224edbe: posts small blind $0.02
Hero: posts big blind $0.05
*** HOLE CARDS ***
Dealt to 2f190dc2 
Dealt to 904463b4 
Dealt to 77a7296c 
Dealt to 382737d5 
Dealt to 9224edbe 
Dealt to Hero [2h 3d]
2f190dc2: folds
904463b4: folds
77a7296c: folds
382737d5: folds
9224edbe: raises $0.05 to $0.1
Hero: folds
Uncalled bet ($0.05) returned to 9224edbe
*** SHOWDOWN ***
9224edbe collected $0.1 from pot
*** SUMMARY ***
Total pot $0.1 | Rake $0 | Jackpot $0 | Bingo $0 | Fortune $0
Seat 1: 2f190dc2 folded before Flop (didn't bet)
Seat 2: 904463b4 folded before Flop (didn't bet)
Seat 3: 77a7296c folded before Flop (didn't bet)
Seat 4: 382737d5 (button) folded before Flop (didn't bet)
Seat 5: 9224edbe (small blind) collected ($0.1)
Seat 6: Hero (big blind) folded before Flop


Poker Hand #HD1141713571: Hold'em No Limit  ($0.02/$0.05) - 2023/03/01 19:37:39
Table 'NLHBlue22' 6-max Seat #3 is the button
Seat 1: 2f190dc2 ($5.97 in chips)
Seat 2: 904463b4 ($5 in chips)
Seat 3: 77a7296c ($6.46 in chips)
Seat 4: 382737d5 ($6.02 in chips)
Seat 5: 9224edbe ($5.89 in chips)
Seat 6: Hero ($5 in chips)
382737d5: posts small blind $0.02
9224edbe: posts big blind $0.05
*** HOLE CARDS ***
Dealt to 2f190dc2 
Dealt to 904463b4 
Dealt to 77a7296c 
Dealt to 382737d5 
Dealt to 9224edbe 
Dealt to Hero [2s Jc]
Hero: folds
2f190dc2: raises $0.08 to $0.13
904463b4: folds
77a7296c: folds
382737d5: folds
9224edbe: folds
Uncalled bet ($0.08) returned to 2f190dc2
*** SHOWDOWN ***
2f190dc2 collected $0.12 from pot
*** SUMMARY ***
Total pot $0.12 | Rake $0 | Jackpot $0 | Bingo $0 | Fortune $0
Seat 1: 2f190dc2 collected ($0.12)
Seat 2: 904463b4 folded before Flop (didn't bet)
Seat 3: 77a7296c (button) folded before Flop (didn't bet)
Seat 4: 382737d5 (small blind) folded before Flop
Seat 5: 9224edbe (big blind) folded before Flop
Seat 6: Hero folded before Flop (didn't bet)


Poker Hand #HD1141713497: Hold'em No Limit  ($0.02/$0.05) - 2023/03/01 19:37:16
Table 'NLHBlue22' 6-max Seat #2 is the button
Seat 1: 2f190dc2 ($5.97 in chips)
Seat 2: 904463b4 ($5 in chips)
Seat 3: 77a7296c ($6.48 in chips)
Seat 4: 382737d5 ($6 in chips)
Seat 5: 9224edbe ($5.89 in chips)
Seat 6: Hero ($5 in chips)
77a7296c: posts small blind $0.02
382737d5: posts big blind $0.05
*** HOLE CARDS ***
Dealt to 2f190dc2 
Dealt to 904463b4 
Dealt to 77a7296c 
Dealt to 382737d5 
Dealt to 9224edbe 
Dealt to Hero [Js 2d]
9224edbe: folds
Hero: folds
2f190dc2: folds
904463b4: folds
77a7296c: folds
Uncalled bet ($0.03) returned to 382737d5
*** SHOWDOWN ***
382737d5 collected $0.04 from pot
*** SUMMARY ***
Total pot $0.04 | Rake $0 | Jackpot $0 | Bingo $0 | Fortune $0
Seat 1: 2f190dc2 folded before Flop (didn't bet)
Seat 2: 904463b4 (button) folded before Flop (didn't bet)
Seat 3: 77a7296c (small blind) folded before Flop
Seat 4: 382737d5 (big blind) collected ($0.04)
Seat 5: 9224edbe folded before Flop (didn't bet)
Seat 6: Hero folded before Flop (didn't bet)


Poker Hand #HD1141713422: Hold'em No Limit  ($0.02/$0.05) - 2023/03/01 19:36:55
Table 'NLHBlue22' 6-max Seat #1 is the button
Seat 1: 2f190dc2 ($5.97 in chips)
Seat 2: 904463b4 ($5 in chips)
Seat 3: 77a7296c ($6.46 in chips)
Seat 4: 382737d5 ($6 in chips)
Seat 5: 9224edbe ($5.89 in chips)
Seat 6: Hero ($5 in chips)
904463b4: posts small blind $0.02
77a7296c: posts big blind $0.05
*** HOLE CARDS ***
Dealt to 2f190dc2 
Dealt to 904463b4 
Dealt to 77a7296c 
Dealt to 382737d5 
Dealt to 9224edbe 
Dealt to Hero [3c 5c]
382737d5: folds
9224edbe: folds
Hero: folds
2f190dc2: folds
904463b4: folds
Uncalled bet ($0.03) returned to 77a7296c
*** SHOWDOWN ***
77a7296c collected $0.04 from pot
*** SUMMARY ***
Total pot $0.04 | Rake $0 | Jackpot $0 | Bingo $0 | Fortune $0
Seat 1: 2f190dc2 (button) folded before Flop (didn't bet)
Seat 2: 904463b4 (small blind) folded before Flop
Seat 3: 77a7296c (big blind) collected ($0.04)
Seat 4: 382737d5 folded before Flop (didn't bet)
Seat 5: 9224edbe folded before Flop (didn't bet)
Seat 6: Hero folded before Flop (didn't bet)


Poker Hand #HD1141713355: Hold'em No Limit  ($0.02/$0.05) - 2023/03/01 19:36:32
Table 'NLHBlue22' 6-max Seat #6 is the button
Seat 1: 2f190dc2 ($5.99 in chips)
Seat 2: 904463b4 ($5 in chips)
Seat 3: 77a7296c ($6.39 in chips)
Seat 4: 382737d5 ($6 in chips)
Seat 5: 9224edbe ($5.89 in chips)
Seat 6: Hero ($5 in chips)
2f190dc2: posts small blind $0.02
904463b4: posts big blind $0.05
*** HOLE CARDS ***
Dealt to 2f190dc2 
Dealt to 904463b4 
Dealt to 77a7296c 
Dealt to 382737d5 
Dealt to 9224edbe 
Dealt to Hero [8d Ks]
77a7296c: raises $0.08 to $0.13
382737d5: folds
9224edbe: folds
Hero: folds
2f190dc2: folds
904463b4: folds
Uncalled bet ($0.08) returned to 77a7296c
*** SHOWDOWN ***
77a7296c collected $0.12 from pot
*** SUMMARY ***
Total pot $0.12 | Rake $0 | Jackpot $0 | Bingo $0 | Fortune $0
Seat 1: 2f190dc2 (small blind) folded before Flop
Seat 2: 904463b4 (big blind) folded before Flop
Seat 3: 77a7296c collected ($0.12)
Seat 4: 382737d5 folded before Flop (didn't bet)
Seat 5: 9224edbe folded before Flop (didn't bet)
Seat 6: Hero (button) folded before Flop (didn't bet)


Poker Hand #HD1141713234: Hold'em No Limit  ($0.02/$0.05) - 2023/03/01 19:35:54
Table 'NLHBlue22' 6-max Seat #5 is the button
Seat 1: 2f190dc2 ($5.65 in chips)
Seat 2: 904463b4 ($5 in chips)
Seat 3: 77a7296c ($6.74 in chips)
Seat 4: 382737d5 ($6 in chips)
Seat 5: 9224edbe ($5.89 in chips)
Seat 6: Hero ($5 in chips)
Hero: posts small blind $0.02
2f190dc2: posts big blind $0.05
*** HOLE CARDS ***
Dealt to 2f190dc2 
Dealt to 904463b4 
Dealt to 77a7296c 
Dealt to 382737d5 
Dealt to 9224edbe 
Dealt to Hero [Jd Th]
904463b4: folds
77a7296c: raises $0.08 to $0.13
382737d5: folds
9224edbe: folds
Hero: folds
2f190dc2: calls $0.08
*** FLOP *** [4c 2s 3h]
2f190dc2: checks
77a7296c: bets $0.22
2f190dc2: raises $0.58 to $0.8
77a7296c: folds
Uncalled bet ($0.58) returned to 2f190dc2
*** SHOWDOWN ***
2f190dc2 collected $0.69 from pot
*** SUMMARY ***
Total pot $0.72 | Rake $0.03 | Jackpot $0 | Bingo $0 | Fortune $0
Board [4c 2s 3h]
Seat 1: 2f190dc2 (big blind) won ($0.69)
Seat 2: 904463b4 folded before Flop (didn't bet)
Seat 3: 77a7296c folded on the Flop
Seat 4: 382737d5 folded before Flop (didn't bet)
Seat 5: 9224edbe (button) folded before Flop (didn't bet)
Seat 6: Hero (small blind) folded before Flop


Poker Hand #HD1141713172: Hold'em No Limit  ($0.02/$0.05) - 2023/03/01 19:35:37
Table 'NLHBlue22' 6-max Seat #4 is the button
Seat 1: 2f190dc2 ($5.58 in chips)
Seat 2: 904463b4 ($5 in chips)
Seat 3: 77a7296c ($6.74 in chips)
Seat 4: 382737d5 ($6 in chips)
Seat 5: 9224edbe ($5.91 in chips)
Seat 6: Hero ($5 in chips)
9224edbe: posts small blind $0.02
Hero: posts big blind $0.05
*** HOLE CARDS ***
Dealt to 2f190dc2 
Dealt to 904463b4 
Dealt to 77a7296c 
Dealt to 382737d5 
Dealt to 9224edbe 
Dealt to Hero [3d 6s]
2f190dc2: raises $0.08 to $0.13
904463b4: folds
77a7296c: folds
382737d5: folds
9224edbe: folds
Hero: folds
Uncalled bet ($0.08) returned to 2f190dc2
*** SHOWDOWN ***
2f190dc2 collected $0.12 from pot
*** SUMMARY ***
Total pot $0.12 | Rake $0 | Jackpot $0 | Bingo $0 | Fortune $0
Seat 1: 2f190dc2 collected ($0.12)
Seat 2: 904463b4 folded before Flop (didn't bet)
Seat 3: 77a7296c folded before Flop (didn't bet)
Seat 4: 382737d5 (button) folded before Flop (didn't bet)
Seat 5: 9224edbe (small blind) folded before Flop
Seat 6: Hero (big blind) folded before Flop


