Poker Hand #HD1144445488: Hold'em No Limit  ($0.02/$0.05) - 2023/03/03 18:12:07
Table 'NLHBlue98' 6-max Seat #1 is the button
Seat 1: 6cedf87a ($5.13 in chips)
Seat 3: 8e9046e4 ($5.52 in chips)
Seat 4: 21caa8a1 ($5.18 in chips)
Seat 5: Hero ($7.74 in chips)
Seat 6: b8753409 ($4.93 in chips)
8e9046e4: posts small blind $0.02
21caa8a1: posts big blind $0.05
*** HOLE CARDS ***
Dealt to 6cedf87a 
Dealt to 8e9046e4 
Dealt to 21caa8a1 
Dealt to Hero [8d Jh]
Dealt to b8753409 
Hero: folds
b8753409: folds
6cedf87a: folds
8e9046e4: folds
Uncalled bet ($0.03) returned to 21caa8a1
*** SHOWDOWN ***
21caa8a1 collected $0.04 from pot
*** SUMMARY ***
Total pot $0.04 | Rake $0 | Jackpot $0 | Bingo $0 | Fortune $0
Seat 1: 6cedf87a (button) folded before Flop (didn't bet)
Seat 3: 8e9046e4 (small blind) folded before Flop
Seat 4: 21caa8a1 (big blind) collected ($0.04)
Seat 5: Hero folded before Flop (didn't bet)
Seat 6: b8753409 folded before Flop (didn't bet)


Poker Hand #HD1144445449: Hold'em No Limit  ($0.02/$0.05) - 2023/03/03 18:11:55
Table 'NLHBlue98' 6-max Seat #6 is the button
Seat 1: 6cedf87a ($5.15 in chips)
Seat 3: 8e9046e4 ($5.5 in chips)
Seat 4: 21caa8a1 ($5.18 in chips)
Seat 5: Hero ($7.74 in chips)
Seat 6: b8753409 ($4.93 in chips)
6cedf87a: posts small blind $0.02
8e9046e4: posts big blind $0.05
*** HOLE CARDS ***
Dealt to 6cedf87a 
Dealt to 8e9046e4 
Dealt to 21caa8a1 
Dealt to Hero [9h 2d]
Dealt to b8753409 
21caa8a1: folds
Hero: folds
b8753409: folds
6cedf87a: folds
Uncalled bet ($0.03) returned to 8e9046e4
*** SHOWDOWN ***
8e9046e4 collected $0.04 from pot
*** SUMMARY ***
Total pot $0.04 | Rake $0 | Jackpot $0 | Bingo $0 | Fortune $0
Seat 1: 6cedf87a (small blind) folded before Flop
Seat 3: 8e9046e4 (big blind) collected ($0.04)
Seat 4: 21caa8a1 folded before Flop (didn't bet)
Seat 5: Hero folded before Flop (didn't bet)
Seat 6: b8753409 (button) folded before Flop (didn't bet)


Poker Hand #HD1144445277: Hold'em No Limit  ($0.02/$0.05) - 2023/03/03 18:10:50
Table 'NLHBlue98' 6-max Seat #5 is the button
Seat 1: 6cedf87a ($5.48 in chips)
Seat 3: 8e9046e4 ($5.19 in chips)
Seat 4: 21caa8a1 ($5.18 in chips)
Seat 5: Hero ($7.74 in chips)
Seat 6: b8753409 ($4.95 in chips)
b8753409: posts small blind $0.02
6cedf87a: posts big blind $0.05
*** HOLE CARDS ***
Dealt to 6cedf87a 
Dealt to 8e9046e4 
Dealt to 21caa8a1 
Dealt to Hero [3d Jc]
Dealt to b8753409 
8e9046e4: raises $0.05 to $0.1
21caa8a1: folds
Hero: folds
b8753409: folds
6cedf87a: calls $0.05
*** FLOP *** [4d 4h 8h]
6cedf87a: checks
8e9046e4: bets $0.06
6cedf87a: calls $0.06
*** TURN *** [4d 4h 8h] [8c]
6cedf87a: checks
8e9046e4: checks
*** RIVER *** [4d 4h 8h 8c] [Qh]
6cedf87a: bets $0.17
8e9046e4: calls $0.17
6cedf87a: shows [9d Jd] (Pair of Eights and Pair of Fours)
8e9046e4: shows [Th Ah] (Ace High Flush)
*** SHOWDOWN ***
8e9046e4 collected $0.64 from pot
*** SUMMARY ***
Total pot $0.68 | Rake $0.04 | Jackpot $0 | Bingo $0 | Fortune $0
Board [4d 4h 8h 8c Qh]
Seat 1: 6cedf87a (big blind) showed [9d Jd] and lost with Pair of Eights and Pair of Fours
Seat 3: 8e9046e4 showed [Th Ah] and won ($0.64) with Ace High Flush
Seat 4: 21caa8a1 folded before Flop (didn't bet)
Seat 5: Hero (button) folded before Flop (didn't bet)
Seat 6: b8753409 (small blind) folded before Flop


Poker Hand #HD1144445138: Hold'em No Limit  ($0.02/$0.05) - 2023/03/03 18:09:56
Table 'NLHBlue98' 6-max Seat #4 is the button
Seat 1: 6cedf87a ($5.48 in chips)
Seat 3: 8e9046e4 ($5.31 in chips)
Seat 4: 21caa8a1 ($5 in chips)
Seat 5: Hero ($7.76 in chips)
Seat 6: b8753409 ($5 in chips)
Hero: posts small blind $0.02
b8753409: posts big blind $0.05
*** HOLE CARDS ***
Dealt to 6cedf87a 
Dealt to 8e9046e4 
Dealt to 21caa8a1 
Dealt to Hero [9s Jc]
Dealt to b8753409 
6cedf87a: folds
8e9046e4: raises $0.07 to $0.12
21caa8a1: calls $0.12
Hero: folds
b8753409: folds
*** FLOP *** [4d Ah Tc]
8e9046e4: checks
21caa8a1: checks
*** TURN *** [4d Ah Tc] [9d]
8e9046e4: checks
21caa8a1: checks
*** RIVER *** [4d Ah Tc 9d] [Td]
8e9046e4: checks
21caa8a1: checks
8e9046e4: shows [Ks 3s] (Pair of Tens)
21caa8a1: shows [7h 7c] (Pair of Tens and Pair of Sevens)
*** SHOWDOWN ***
21caa8a1 collected $0.3 from pot
*** SUMMARY ***
Total pot $0.31 | Rake $0.01 | Jackpot $0 | Bingo $0 | Fortune $0
Board [4d Ah Tc 9d Td]
Seat 1: 6cedf87a folded before Flop (didn't bet)
Seat 3: 8e9046e4 showed [Ks 3s] and lost with Pair of Tens
Seat 4: 21caa8a1 (button) showed [7h 7c] and won ($0.3) with Pair of Tens and Pair of Sevens
Seat 5: Hero (small blind) folded before Flop
Seat 6: b8753409 (big blind) folded before Flop


Poker Hand #HD1144445102: Hold'em No Limit  ($0.02/$0.05) - 2023/03/03 18:09:43
Table 'NLHBlue98' 6-max Seat #3 is the button
Seat 1: 6cedf87a ($5.48 in chips)
Seat 3: 8e9046e4 ($5.24 in chips)
Seat 4: 21caa8a1 ($5.02 in chips)
Seat 5: Hero ($7.81 in chips)
21caa8a1: posts small blind $0.02
Hero: posts big blind $0.05
*** HOLE CARDS ***
Dealt to 6cedf87a 
Dealt to 8e9046e4 
Dealt to 21caa8a1 
Dealt to Hero [4d Js]
6cedf87a: folds
8e9046e4: raises $0.08 to $0.13
21caa8a1: folds
Hero: folds
Uncalled bet ($0.08) returned to 8e9046e4
*** SHOWDOWN ***
8e9046e4 collected $0.12 from pot
*** SUMMARY ***
Total pot $0.12 | Rake $0 | Jackpot $0 | Bingo $0 | Fortune $0
Seat 1: 6cedf87a folded before Flop (didn't bet)
Seat 3: 8e9046e4 (button) collected ($0.12)
Seat 4: 21caa8a1 (small blind) folded before Flop
Seat 5: Hero (big blind) folded before Flop


Poker Hand #HD1144445077: Hold'em No Limit  ($0.02/$0.05) - 2023/03/03 18:09:32
Table 'NLHBlue98' 6-max Seat #1 is the button
Seat 1: 6cedf87a ($5.48 in chips)
Seat 3: 8e9046e4 ($5.26 in chips)
Seat 4: 21caa8a1 ($5 in chips)
Seat 5: Hero ($7.81 in chips)
8e9046e4: posts small blind $0.02
21caa8a1: posts big blind $0.05
*** HOLE CARDS ***
Dealt to 6cedf87a 
Dealt to 8e9046e4 
Dealt to 21caa8a1 
Dealt to Hero [8d 5h]
Hero: folds
6cedf87a: folds
8e9046e4: folds
Uncalled bet ($0.03) returned to 21caa8a1
*** SHOWDOWN ***
21caa8a1 collected $0.04 from pot
*** SUMMARY ***
Total pot $0.04 | Rake $0 | Jackpot $0 | Bingo $0 | Fortune $0
Seat 1: 6cedf87a (button) folded before Flop (didn't bet)
Seat 3: 8e9046e4 (small blind) folded before Flop
Seat 4: 21caa8a1 (big blind) collected ($0.04)
Seat 5: Hero folded before Flop (didn't bet)


Poker Hand #HD1144444916: Hold'em No Limit  ($0.02/$0.05) - 2023/03/03 18:08:34
Table 'NLHBlue98' 6-max Seat #5 is the button
Seat 1: 6cedf87a ($5.5 in chips)
Seat 2: bb675530 ($5 in chips)
Seat 3: 8e9046e4 ($5.26 in chips)
Seat 4: 21caa8a1 ($5 in chips)
Seat 5: Hero ($8.11 in chips)
6cedf87a: posts small blind $0.02
bb675530: posts big blind $0.05
*** HOLE CARDS ***
Dealt to 6cedf87a 
Dealt to bb675530 
Dealt to 8e9046e4 
Dealt to 21caa8a1 
Dealt to Hero [Qc Ah]
8e9046e4: folds
21caa8a1: folds
Hero: raises $0.07 to $0.12
6cedf87a: folds
bb675530: calls $0.07
*** FLOP *** [5s 4s 2d]
bb675530: checks
Hero: checks
*** TURN *** [5s 4s 2d] [3s]
bb675530: bets $0.18
Hero: calls $0.18
*** RIVER *** [5s 4s 2d 3s] [8d]
bb675530: checks
Hero: checks
bb675530: shows [6s 6d] (Sixes-High Straight)
Hero: shows [Qc Ah] (Fives-High Straight)
*** SHOWDOWN ***
bb675530 collected $0.59 from pot
*** SUMMARY ***
Total pot $0.62 | Rake $0.03 | Jackpot $0 | Bingo $0 | Fortune $0
Board [5s 4s 2d 3s 8d]
Seat 1: 6cedf87a (small blind) folded before Flop
Seat 2: bb675530 (big blind) showed [6s 6d] and won ($0.59) with Sixes-High Straight
Seat 3: 8e9046e4 folded before Flop (didn't bet)
Seat 4: 21caa8a1 folded before Flop (didn't bet)
Seat 5: Hero (button) showed [Qc Ah] and lost with Fives-High Straight


Poker Hand #HD1144444872: Hold'em No Limit  ($0.02/$0.05) - 2023/03/03 18:08:14
Table 'NLHBlue98' 6-max Seat #4 is the button
Seat 1: 6cedf87a ($5.55 in chips)
Seat 3: 8e9046e4 ($5.19 in chips)
Seat 4: 21caa8a1 ($5 in chips)
Seat 5: Hero ($8.13 in chips)
Hero: posts small blind $0.02
6cedf87a: posts big blind $0.05
*** HOLE CARDS ***
Dealt to 6cedf87a 
Dealt to 8e9046e4 
Dealt to 21caa8a1 
Dealt to Hero [Tc 8c]
8e9046e4: raises $0.07 to $0.12
21caa8a1: folds
Hero: folds
6cedf87a: folds
Uncalled bet ($0.07) returned to 8e9046e4
*** SHOWDOWN ***
8e9046e4 collected $0.12 from pot
*** SUMMARY ***
Total pot $0.12 | Rake $0 | Jackpot $0 | Bingo $0 | Fortune $0
Seat 1: 6cedf87a (big blind) folded before Flop
Seat 3: 8e9046e4 collected ($0.12)
Seat 4: 21caa8a1 (button) folded before Flop (didn't bet)
Seat 5: Hero (small blind) folded before Flop


Poker Hand #HD1144444829: Hold'em No Limit  ($0.02/$0.05) - 2023/03/03 18:07:58
Table 'NLHBlue98' 6-max Seat #3 is the button
Seat 1: 6cedf87a ($5.55 in chips)
Seat 3: 8e9046e4 ($5.12 in chips)
Seat 4: 21caa8a1 ($5 in chips)
Seat 5: Hero ($8.18 in chips)
21caa8a1: posts small blind $0.02
Hero: posts big blind $0.05
*** HOLE CARDS ***
Dealt to 6cedf87a 
Dealt to 8e9046e4 
Dealt to 21caa8a1 
Dealt to Hero [9c 5s]
6cedf87a: folds
8e9046e4: raises $0.08 to $0.13
21caa8a1: folds
Hero: folds
Uncalled bet ($0.08) returned to 8e9046e4
*** SHOWDOWN ***
8e9046e4 collected $0.12 from pot
*** SUMMARY ***
Total pot $0.12 | Rake $0 | Jackpot $0 | Bingo $0 | Fortune $0
Seat 1: 6cedf87a folded before Flop (didn't bet)
Seat 3: 8e9046e4 (button) collected ($0.12)
Seat 4: 21caa8a1 (small blind) folded before Flop
Seat 5: Hero (big blind) folded before Flop


Poker Hand #HD1144444752: Hold'em No Limit  ($0.02/$0.05) - 2023/03/03 18:07:34
Table 'NLHBlue98' 6-max Seat #1 is the button
Seat 1: 6cedf87a ($5.55 in chips)
Seat 3: 8e9046e4 ($5.07 in chips)
Seat 4: 21caa8a1 ($5 in chips)
Seat 5: Hero ($8.18 in chips)
8e9046e4: posts small blind $0.02
21caa8a1: posts big blind $0.05
*** HOLE CARDS ***
Dealt to 6cedf87a 
Dealt to 8e9046e4 
Dealt to 21caa8a1 
Dealt to Hero [6s 4c]
Hero: folds
6cedf87a: folds
8e9046e4: raises $0.1 to $0.15
21caa8a1: folds
Uncalled bet ($0.1) returned to 8e9046e4
*** SHOWDOWN ***
8e9046e4 collected $0.1 from pot
*** SUMMARY ***
Total pot $0.1 | Rake $0 | Jackpot $0 | Bingo $0 | Fortune $0
Seat 1: 6cedf87a (button) folded before Flop (didn't bet)
Seat 3: 8e9046e4 (small blind) collected ($0.1)
Seat 4: 21caa8a1 (big blind) folded before Flop
Seat 5: Hero folded before Flop (didn't bet)


Poker Hand #HD1144444679: Hold'em No Limit  ($0.02/$0.05) - 2023/03/03 18:07:02
Table 'NLHBlue98' 6-max Seat #5 is the button
Seat 1: 6cedf87a ($5.5 in chips)
Seat 2: bb675530 ($5 in chips)
Seat 3: 8e9046e4 ($5.07 in chips)
Seat 4: 21caa8a1 ($5 in chips)
Seat 5: Hero ($8.18 in chips)
6cedf87a: posts small blind $0.02
bb675530: posts big blind $0.05
*** HOLE CARDS ***
Dealt to 6cedf87a 
Dealt to bb675530 
Dealt to 8e9046e4 
Dealt to 21caa8a1 
Dealt to Hero [8h 2h]
8e9046e4: folds
21caa8a1: folds
Hero: folds
6cedf87a: raises $0.05 to $0.1
bb675530: folds
Uncalled bet ($0.05) returned to 6cedf87a
*** SHOWDOWN ***
6cedf87a collected $0.1 from pot
*** SUMMARY ***
Total pot $0.1 | Rake $0 | Jackpot $0 | Bingo $0 | Fortune $0
Seat 1: 6cedf87a (small blind) collected ($0.1)
Seat 2: bb675530 (big blind) folded before Flop
Seat 3: 8e9046e4 folded before Flop (didn't bet)
Seat 4: 21caa8a1 folded before Flop (didn't bet)
Seat 5: Hero (button) folded before Flop (didn't bet)


Poker Hand #HD1144444636: Hold'em No Limit  ($0.02/$0.05) - 2023/03/03 18:06:46
Table 'NLHBlue98' 6-max Seat #4 is the button
Seat 1: 6cedf87a ($5.48 in chips)
Seat 2: bb675530 ($5 in chips)
Seat 3: 8e9046e4 ($5.07 in chips)
Seat 4: 21caa8a1 ($5 in chips)
Seat 5: Hero ($8.2 in chips)
Hero: posts small blind $0.02
6cedf87a: posts big blind $0.05
*** HOLE CARDS ***
Dealt to 6cedf87a 
Dealt to bb675530 
Dealt to 8e9046e4 
Dealt to 21caa8a1 
Dealt to Hero [6d 3h]
bb675530: folds
8e9046e4: folds
21caa8a1: folds
Hero: folds
Uncalled bet ($0.03) returned to 6cedf87a
*** SHOWDOWN ***
6cedf87a collected $0.04 from pot
*** SUMMARY ***
Total pot $0.04 | Rake $0 | Jackpot $0 | Bingo $0 | Fortune $0
Seat 1: 6cedf87a (big blind) collected ($0.04)
Seat 2: bb675530 folded before Flop (didn't bet)
Seat 3: 8e9046e4 folded before Flop (didn't bet)
Seat 4: 21caa8a1 (button) folded before Flop (didn't bet)
Seat 5: Hero (small blind) folded before Flop


Poker Hand #HD1144444601: Hold'em No Limit  ($0.02/$0.05) - 2023/03/03 18:06:35
Table 'NLHBlue98' 6-max Seat #3 is the button
Seat 1: 6cedf87a ($5.48 in chips)
Seat 3: 8e9046e4 ($5 in chips)
Seat 4: 21caa8a1 ($5 in chips)
Seat 5: Hero ($8.25 in chips)
21caa8a1: posts small blind $0.02
Hero: posts big blind $0.05
*** HOLE CARDS ***
Dealt to 6cedf87a 
Dealt to 8e9046e4 
Dealt to 21caa8a1 
Dealt to Hero [4s Jd]
6cedf87a: folds
8e9046e4: raises $0.08 to $0.13
21caa8a1: folds
Hero: folds
Uncalled bet ($0.08) returned to 8e9046e4
*** SHOWDOWN ***
8e9046e4 collected $0.12 from pot
*** SUMMARY ***
Total pot $0.12 | Rake $0 | Jackpot $0 | Bingo $0 | Fortune $0
Seat 1: 6cedf87a folded before Flop (didn't bet)
Seat 3: 8e9046e4 (button) collected ($0.12)
Seat 4: 21caa8a1 (small blind) folded before Flop
Seat 5: Hero (big blind) folded before Flop


Poker Hand #HD1144444529: Hold'em No Limit  ($0.02/$0.05) - 2023/03/03 18:06:10
Table 'NLHBlue98' 6-max Seat #1 is the button
Seat 1: 6cedf87a ($5.41 in chips)
Seat 2: bb675530 ($5.02 in chips)
Seat 3: 8e9046e4 ($5 in chips)
Seat 4: 21caa8a1 ($5 in chips)
Seat 5: Hero ($8.25 in chips)
bb675530: posts small blind $0.02
8e9046e4: posts big blind $0.05
*** HOLE CARDS ***
Dealt to 6cedf87a 
Dealt to bb675530 
Dealt to 8e9046e4 
Dealt to 21caa8a1 
Dealt to Hero [Qc 9d]
21caa8a1: folds
Hero: folds
6cedf87a: raises $0.07 to $0.12
bb675530: folds
8e9046e4: folds
Uncalled bet ($0.07) returned to 6cedf87a
*** SHOWDOWN ***
6cedf87a collected $0.12 from pot
*** SUMMARY ***
Total pot $0.12 | Rake $0 | Jackpot $0 | Bingo $0 | Fortune $0
Seat 1: 6cedf87a (button) collected ($0.12)
Seat 2: bb675530 (small blind) folded before Flop
Seat 3: 8e9046e4 (big blind) folded before Flop
Seat 4: 21caa8a1 folded before Flop (didn't bet)
Seat 5: Hero folded before Flop (didn't bet)


Poker Hand #HD1144444509: Hold'em No Limit  ($0.02/$0.05) - 2023/03/03 18:06:00
Table 'NLHBlue98' 6-max Seat #5 is the button
Seat 1: 6cedf87a ($5.43 in chips)
Seat 2: bb675530 ($5 in chips)
Seat 3: 8e9046e4 ($5 in chips)
Seat 4: 21caa8a1 ($5 in chips)
Seat 5: Hero ($8.25 in chips)
6cedf87a: posts small blind $0.02
bb675530: posts big blind $0.05
*** HOLE CARDS ***
Dealt to 6cedf87a 
Dealt to bb675530 
Dealt to 8e9046e4 
Dealt to 21caa8a1 
Dealt to Hero [Td 4d]
8e9046e4: folds
21caa8a1: folds
Hero: folds
6cedf87a: folds
Uncalled bet ($0.03) returned to bb675530
*** SHOWDOWN ***
bb675530 collected $0.04 from pot
*** SUMMARY ***
Total pot $0.04 | Rake $0 | Jackpot $0 | Bingo $0 | Fortune $0
Seat 1: 6cedf87a (small blind) folded before Flop
Seat 2: bb675530 (big blind) collected ($0.04)
Seat 3: 8e9046e4 folded before Flop (didn't bet)
Seat 4: 21caa8a1 folded before Flop (didn't bet)
Seat 5: Hero (button) folded before Flop (didn't bet)


Poker Hand #HD1144444474: Hold'em No Limit  ($0.02/$0.05) - 2023/03/03 18:05:47
Table 'NLHBlue98' 6-max Seat #4 is the button
Seat 1: 6cedf87a ($5.41 in chips)
Seat 3: 8e9046e4 ($5 in chips)
Seat 4: 21caa8a1 ($5 in chips)
Seat 5: Hero ($8.27 in chips)
Hero: posts small blind $0.02
6cedf87a: posts big blind $0.05
*** HOLE CARDS ***
Dealt to 6cedf87a 
Dealt to 8e9046e4 
Dealt to 21caa8a1 
Dealt to Hero [Jd 8s]
8e9046e4: folds
21caa8a1: folds
Hero: folds
Uncalled bet ($0.03) returned to 6cedf87a
*** SHOWDOWN ***
6cedf87a collected $0.04 from pot
*** SUMMARY ***
Total pot $0.04 | Rake $0 | Jackpot $0 | Bingo $0 | Fortune $0
Seat 1: 6cedf87a (big blind) collected ($0.04)
Seat 3: 8e9046e4 folded before Flop (didn't bet)
Seat 4: 21caa8a1 (button) folded before Flop (didn't bet)
Seat 5: Hero (small blind) folded before Flop


Poker Hand #HD1144444345: Hold'em No Limit  ($0.02/$0.05) - 2023/03/03 18:05:02
Table 'NLHBlue98' 6-max Seat #3 is the button
Seat 1: 6cedf87a ($4.93 in chips)
Seat 3: 8e9046e4 ($5 in chips)
Seat 4: 21caa8a1 ($5.02 in chips)
Seat 5: Hero ($8.32 in chips)
Seat 6: f76ace13 ($6.67 in chips)
21caa8a1: posts small blind $0.02
Hero: posts big blind $0.05
*** HOLE CARDS ***
Dealt to 6cedf87a 
Dealt to 8e9046e4 
Dealt to 21caa8a1 
Dealt to Hero [6s 3s]
Dealt to f76ace13 
f76ace13: raises $0.08 to $0.13
6cedf87a: raises $0.33 to $0.46
8e9046e4: folds
21caa8a1: folds
Hero: folds
f76ace13: calls $0.33
*** FLOP *** [8c 8s 3d]
f76ace13: checks
6cedf87a: bets $0.33
f76ace13: folds
Uncalled bet ($0.33) returned to 6cedf87a
*** SHOWDOWN ***
6cedf87a collected $0.94 from pot
*** SUMMARY ***
Total pot $0.99 | Rake $0.05 | Jackpot $0 | Bingo $0 | Fortune $0
Board [8c 8s 3d]
Seat 1: 6cedf87a won ($0.94)
Seat 3: 8e9046e4 (button) folded before Flop (didn't bet)
Seat 4: 21caa8a1 (small blind) folded before Flop
Seat 5: Hero (big blind) folded before Flop
Seat 6: f76ace13 folded on the Flop


Poker Hand #HD1144444309: Hold'em No Limit  ($0.02/$0.05) - 2023/03/03 18:04:47
Table 'NLHBlue98' 6-max Seat #1 is the button
Seat 1: 6cedf87a ($4.93 in chips)
Seat 3: 8e9046e4 ($5 in chips)
Seat 4: 21caa8a1 ($5.07 in chips)
Seat 5: Hero ($8.25 in chips)
Seat 6: f76ace13 ($6.67 in chips)
8e9046e4: posts small blind $0.02
21caa8a1: posts big blind $0.05
*** HOLE CARDS ***
Dealt to 6cedf87a 
Dealt to 8e9046e4 
Dealt to 21caa8a1 
Dealt to Hero [Ac Tc]
Dealt to f76ace13 
Hero: raises $0.07 to $0.12
f76ace13: folds
6cedf87a: folds
8e9046e4: folds
21caa8a1: folds
Uncalled bet ($0.07) returned to Hero
*** SHOWDOWN ***
Hero collected $0.12 from pot
*** SUMMARY ***
Total pot $0.12 | Rake $0 | Jackpot $0 | Bingo $0 | Fortune $0
Seat 1: 6cedf87a (button) folded before Flop (didn't bet)
Seat 3: 8e9046e4 (small blind) folded before Flop
Seat 4: 21caa8a1 (big blind) folded before Flop
Seat 5: Hero collected ($0.12)
Seat 6: f76ace13 folded before Flop (didn't bet)


Poker Hand #HD1144444268: Hold'em No Limit  ($0.02/$0.05) - 2023/03/03 18:04:30
Table 'NLHBlue98' 6-max Seat #6 is the button
Seat 1: 6cedf87a ($4.95 in chips)
Seat 3: 8e9046e4 ($5 in chips)
Seat 4: 21caa8a1 ($5 in chips)
Seat 5: Hero ($8.25 in chips)
Seat 6: f76ace13 ($6.67 in chips)
6cedf87a: posts small blind $0.02
8e9046e4: posts big blind $0.05
*** HOLE CARDS ***
Dealt to 6cedf87a 
Dealt to 8e9046e4 
Dealt to 21caa8a1 
Dealt to Hero [Tc Kh]
Dealt to f76ace13 
21caa8a1: raises $0.08 to $0.13
Hero: folds
f76ace13: folds
6cedf87a: folds
8e9046e4: folds
Uncalled bet ($0.08) returned to 21caa8a1
*** SHOWDOWN ***
21caa8a1 collected $0.12 from pot
*** SUMMARY ***
Total pot $0.12 | Rake $0 | Jackpot $0 | Bingo $0 | Fortune $0
Seat 1: 6cedf87a (small blind) folded before Flop
Seat 3: 8e9046e4 (big blind) folded before Flop
Seat 4: 21caa8a1 collected ($0.12)
Seat 5: Hero folded before Flop (didn't bet)
Seat 6: f76ace13 (button) folded before Flop (didn't bet)


Poker Hand #HD1144444200: Hold'em No Limit  ($0.02/$0.05) - 2023/03/03 18:04:02
Table 'NLHBlue98' 6-max Seat #5 is the button
Seat 1: 6cedf87a ($5 in chips)
Seat 3: 8e9046e4 ($5 in chips)
Seat 4: 21caa8a1 ($5 in chips)
Seat 5: Hero ($8.25 in chips)
Seat 6: f76ace13 ($6.62 in chips)
f76ace13: posts small blind $0.02
6cedf87a: posts big blind $0.05
*** HOLE CARDS ***
Dealt to 6cedf87a 
Dealt to 8e9046e4 
Dealt to 21caa8a1 
Dealt to Hero [Ts 3s]
Dealt to f76ace13 
8e9046e4: folds
21caa8a1: folds
Hero: folds
f76ace13: raises $0.1 to $0.15
6cedf87a: folds
Uncalled bet ($0.1) returned to f76ace13
*** SHOWDOWN ***
f76ace13 collected $0.1 from pot
*** SUMMARY ***
Total pot $0.1 | Rake $0 | Jackpot $0 | Bingo $0 | Fortune $0
Seat 1: 6cedf87a (big blind) folded before Flop
Seat 3: 8e9046e4 folded before Flop (didn't bet)
Seat 4: 21caa8a1 folded before Flop (didn't bet)
Seat 5: Hero (button) folded before Flop (didn't bet)
Seat 6: f76ace13 (small blind) collected ($0.1)


Poker Hand #HD1144444190: Hold'em No Limit  ($0.02/$0.05) - 2023/03/03 18:03:54
Table 'NLHBlue98' 6-max Seat #4 is the button
Seat 3: 8e9046e4 ($5 in chips)
Seat 4: 21caa8a1 ($5 in chips)
Seat 5: Hero ($8.27 in chips)
Seat 6: f76ace13 ($6.6 in chips)
Hero: posts small blind $0.02
f76ace13: posts big blind $0.05
*** HOLE CARDS ***
Dealt to 8e9046e4 
Dealt to 21caa8a1 
Dealt to Hero [7h Qd]
Dealt to f76ace13 
8e9046e4: folds
21caa8a1: folds
Hero: folds
Uncalled bet ($0.03) returned to f76ace13
*** SHOWDOWN ***
f76ace13 collected $0.04 from pot
*** SUMMARY ***
Total pot $0.04 | Rake $0 | Jackpot $0 | Bingo $0 | Fortune $0
Seat 3: 8e9046e4 folded before Flop (didn't bet)
Seat 4: 21caa8a1 (button) folded before Flop (didn't bet)
Seat 5: Hero (small blind) folded before Flop
Seat 6: f76ace13 (big blind) collected ($0.04)


Poker Hand #HD1144444162: Hold'em No Limit  ($0.02/$0.05) - 2023/03/03 18:03:44
Table 'NLHBlue98' 6-max Seat #3 is the button
Seat 3: 8e9046e4 ($5 in chips)
Seat 4: 21caa8a1 ($5 in chips)
Seat 5: Hero ($8.25 in chips)
Seat 6: f76ace13 ($6.6 in chips)
21caa8a1: posts small blind $0.02
Hero: posts big blind $0.05
*** HOLE CARDS ***
Dealt to 8e9046e4 
Dealt to 21caa8a1 
Dealt to Hero [Js 7d]
Dealt to f76ace13 
f76ace13: folds
8e9046e4: folds
21caa8a1: folds
Uncalled bet ($0.03) returned to Hero
*** SHOWDOWN ***
Hero collected $0.04 from pot
*** SUMMARY ***
Total pot $0.04 | Rake $0 | Jackpot $0 | Bingo $0 | Fortune $0
Seat 3: 8e9046e4 (button) folded before Flop (didn't bet)
Seat 4: 21caa8a1 (small blind) folded before Flop
Seat 5: Hero (big blind) collected ($0.04)
Seat 6: f76ace13 folded before Flop (didn't bet)


Poker Hand #HD1144444125: Hold'em No Limit  ($0.02/$0.05) - 2023/03/03 18:03:32
Table 'NLHBlue98' 6-max Seat #6 is the button
Seat 3: 8e9046e4 ($5.02 in chips)
Seat 4: 21caa8a1 ($5 in chips)
Seat 5: Hero ($8.18 in chips)
Seat 6: f76ace13 ($6.6 in chips)
8e9046e4: posts small blind $0.02
21caa8a1: posts big blind $0.05
*** HOLE CARDS ***
Dealt to 8e9046e4 
Dealt to 21caa8a1 
Dealt to Hero [4s As]
Dealt to f76ace13 
Hero: raises $0.07 to $0.12
f76ace13: folds
8e9046e4: folds
21caa8a1: folds
Uncalled bet ($0.07) returned to Hero
*** SHOWDOWN ***
Hero collected $0.12 from pot
*** SUMMARY ***
Total pot $0.12 | Rake $0 | Jackpot $0 | Bingo $0 | Fortune $0
Seat 3: 8e9046e4 (small blind) folded before Flop
Seat 4: 21caa8a1 (big blind) folded before Flop
Seat 5: Hero collected ($0.12)
Seat 6: f76ace13 (button) folded before Flop (didn't bet)


Poker Hand #HD1144444044: Hold'em No Limit  ($0.02/$0.05) - 2023/03/03 18:03:00
Table 'NLHBlue98' 6-max Seat #5 is the button
Seat 3: 8e9046e4 ($5 in chips)
Seat 4: 21caa8a1 ($5 in chips)
Seat 5: Hero ($8.18 in chips)
Seat 6: f76ace13 ($6.62 in chips)
f76ace13: posts small blind $0.02
8e9046e4: posts big blind $0.05
*** HOLE CARDS ***
Dealt to 8e9046e4 
Dealt to 21caa8a1 
Dealt to Hero [4h 7d]
Dealt to f76ace13 
21caa8a1: folds
Hero: folds
f76ace13: folds
Uncalled bet ($0.03) returned to 8e9046e4
*** SHOWDOWN ***
8e9046e4 collected $0.04 from pot
*** SUMMARY ***
Total pot $0.04 | Rake $0 | Jackpot $0 | Bingo $0 | Fortune $0
Seat 3: 8e9046e4 (big blind) collected ($0.04)
Seat 4: 21caa8a1 folded before Flop (didn't bet)
Seat 5: Hero (button) folded before Flop (didn't bet)
Seat 6: f76ace13 (small blind) folded before Flop


Poker Hand #HD1144443944: Hold'em No Limit  ($0.02/$0.05) - 2023/03/03 18:02:22
Table 'NLHBlue98' 6-max Seat #4 is the button
Seat 3: 8e9046e4 ($5 in chips)
Seat 4: 21caa8a1 ($5 in chips)
Seat 5: Hero ($8.2 in chips)
Seat 6: f76ace13 ($6.49 in chips)
Hero: posts small blind $0.02
f76ace13: posts big blind $0.05
*** HOLE CARDS ***
Dealt to 8e9046e4 
Dealt to 21caa8a1 
Dealt to Hero [3c 9c]
Dealt to f76ace13 
8e9046e4: raises $0.07 to $0.12
21caa8a1: folds
Hero: folds
f76ace13: raises $0.43 to $0.55
8e9046e4: folds
Uncalled bet ($0.43) returned to f76ace13
*** SHOWDOWN ***
f76ace13 collected $0.25 from pot
*** SUMMARY ***
Total pot $0.26 | Rake $0.01 | Jackpot $0 | Bingo $0 | Fortune $0
Seat 3: 8e9046e4 folded before Flop
Seat 4: 21caa8a1 (button) folded before Flop (didn't bet)
Seat 5: Hero (small blind) folded before Flop
Seat 6: f76ace13 (big blind) collected ($0.25)


Poker Hand #HD1144443783: Hold'em No Limit  ($0.02/$0.05) - 2023/03/03 18:01:20
Table 'NLHBlue98' 6-max Seat #3 is the button
Seat 3: 8e9046e4 ($5 in chips)
Seat 4: 21caa8a1 ($5.02 in chips)
Seat 5: Hero ($7.96 in chips)
Seat 6: f76ace13 ($6.49 in chips)
21caa8a1: posts small blind $0.02
Hero: posts big blind $0.05
*** HOLE CARDS ***
Dealt to 8e9046e4 
Dealt to 21caa8a1 
Dealt to Hero [6s As]
Dealt to f76ace13 
f76ace13: folds
8e9046e4: folds
21caa8a1: raises $0.08 to $0.13
Hero: calls $0.08
*** FLOP *** [Qs 3s 7h]
21caa8a1: checks
Hero: checks
*** TURN *** [Qs 3s 7h] [Ad]
21caa8a1: bets $0.13
Hero: raises $0.27 to $0.4
21caa8a1: folds
Uncalled bet ($0.27) returned to Hero
*** SHOWDOWN ***
Hero collected $0.5 from pot
*** SUMMARY ***
Total pot $0.52 | Rake $0.02 | Jackpot $0 | Bingo $0 | Fortune $0
Board [Qs 3s 7h Ad]
Seat 3: 8e9046e4 (button) folded before Flop (didn't bet)
Seat 4: 21caa8a1 (small blind) folded on the Turn
Seat 5: Hero (big blind) won ($0.5)
Seat 6: f76ace13 folded before Flop (didn't bet)


Poker Hand #HD1144443685: Hold'em No Limit  ($0.02/$0.05) - 2023/03/03 18:00:40
Table 'NLHBlue98' 6-max Seat #6 is the button
Seat 1: 28f02980 ($0.95 in chips)
Seat 3: 8e9046e4 ($5 in chips)
Seat 4: 21caa8a1 ($5.02 in chips)
Seat 5: Hero ($7.09 in chips)
Seat 6: f76ace13 ($6.49 in chips)
28f02980: posts small blind $0.02
8e9046e4: posts big blind $0.05
*** HOLE CARDS ***
Dealt to 28f02980 
Dealt to 8e9046e4 
Dealt to 21caa8a1 
Dealt to Hero [As 5s]
Dealt to f76ace13 
21caa8a1: folds
Hero: raises $0.07 to $0.12
f76ace13: folds
28f02980: raises $0.83 to $0.95 and is all-in
8e9046e4: folds
Hero: calls $0.83
28f02980: shows [Jc 3s]
Hero: shows [As 5s]
*** FIRST FLOP *** [4h Ts 9h]
*** FIRST TURN *** [4h Ts 9h] [9d]
*** FIRST RIVER *** [4h Ts 9h 9d] [Qd]
*** SECOND FLOP *** [4d 6h Kh]
*** SECOND TURN *** [4d 6h Kh] [5h]
*** SECOND RIVER *** [4d 6h Kh 5h] [Td]
*** FIRST SHOWDOWN ***
Hero collected $0.91 from pot
*** SECOND SHOWDOWN ***
Hero collected $0.91 from pot
*** SUMMARY ***
Total pot $1.95 | Rake $0.08 | Jackpot $0.05 | Bingo $0 | Fortune $0
Hand was run two times
FIRST Board [4h Ts 9h 9d Qd]
SECOND Board [4d 6h Kh 5h Td]
Seat 1: 28f02980 (small blind) showed [Jc 3s] and lost with Pair of Nines, and lost with King-High
Seat 3: 8e9046e4 (big blind) folded before Flop
Seat 4: 21caa8a1 folded before Flop (didn't bet)
Seat 5: Hero showed [As 5s] and won ($0.91) with Pair of Nines, and won ($0.91) with Pair of Fives
Seat 6: f76ace13 (button) folded before Flop (didn't bet)


Poker Hand #HD1144443615: Hold'em No Limit  ($0.02/$0.05) - 2023/03/03 18:00:12
Table 'NLHBlue98' 6-max Seat #5 is the button
Seat 1: 28f02980 ($1 in chips)
Seat 3: 8e9046e4 ($5 in chips)
Seat 4: 21caa8a1 ($5.02 in chips)
Seat 5: Hero ($7.21 in chips)
Seat 6: f76ace13 ($6.33 in chips)
f76ace13: posts small blind $0.02
28f02980: posts big blind $0.05
*** HOLE CARDS ***
Dealt to 28f02980 
Dealt to 8e9046e4 
Dealt to 21caa8a1 
Dealt to Hero [Ah Tc]
Dealt to f76ace13 
8e9046e4: folds
21caa8a1: folds
Hero: raises $0.07 to $0.12
f76ace13: raises $0.38 to $0.5
28f02980: folds
Hero: folds
Uncalled bet ($0.38) returned to f76ace13
*** SHOWDOWN ***
f76ace13 collected $0.28 from pot
*** SUMMARY ***
Total pot $0.29 | Rake $0.01 | Jackpot $0 | Bingo $0 | Fortune $0
Seat 1: 28f02980 (big blind) folded before Flop
Seat 3: 8e9046e4 folded before Flop (didn't bet)
Seat 4: 21caa8a1 folded before Flop (didn't bet)
Seat 5: Hero (button) folded before Flop
Seat 6: f76ace13 (small blind) collected ($0.28)


Poker Hand #HD1144443559: Hold'em No Limit  ($0.02/$0.05) - 2023/03/03 17:59:52
Table 'NLHBlue98' 6-max Seat #4 is the button
Seat 3: 8e9046e4 ($5 in chips)
Seat 4: 21caa8a1 ($5.15 in chips)
Seat 5: Hero ($7.04 in chips)
Seat 6: f76ace13 ($6.38 in chips)
Hero: posts small blind $0.02
f76ace13: posts big blind $0.05
*** HOLE CARDS ***
Dealt to 8e9046e4 
Dealt to 21caa8a1 
Dealt to Hero [2h 2c]
Dealt to f76ace13 
8e9046e4: folds
21caa8a1: raises $0.08 to $0.13
Hero: raises $0.43 to $0.56
f76ace13: folds
21caa8a1: folds
Uncalled bet ($0.43) returned to Hero
*** SHOWDOWN ***
Hero collected $0.3 from pot
*** SUMMARY ***
Total pot $0.31 | Rake $0.01 | Jackpot $0 | Bingo $0 | Fortune $0
Seat 3: 8e9046e4 folded before Flop (didn't bet)
Seat 4: 21caa8a1 (button) folded before Flop
Seat 5: Hero (small blind) collected ($0.3)
Seat 6: f76ace13 (big blind) folded before Flop


Poker Hand #HD1144443301: Hold'em No Limit  ($0.02/$0.05) - 2023/03/03 17:58:17
Table 'NLHBlue98' 6-max Seat #3 is the button
Seat 3: 8e9046e4 ($5 in chips)
Seat 4: 21caa8a1 ($5.17 in chips)
Seat 5: Hero ($7.09 in chips)
Seat 6: f76ace13 ($5.61 in chips)
21caa8a1: posts small blind $0.02
Hero: posts big blind $0.05
*** HOLE CARDS ***
Dealt to 8e9046e4 
Dealt to 21caa8a1 
Dealt to Hero [Jh 8d]
Dealt to f76ace13 
f76ace13: raises $0.08 to $0.13
8e9046e4: raises $0.33 to $0.46
21caa8a1: folds
Hero: folds
f76ace13: calls $0.33
*** FLOP *** [3s 2h 4c]
f76ace13: checks
8e9046e4: bets $0.37
f76ace13: calls $0.37
*** TURN *** [3s 2h 4c] [8h]
f76ace13: checks
8e9046e4: checks
*** RIVER *** [3s 2h 4c 8h] [Ts]
f76ace13: bets $0.49
8e9046e4: folds
Uncalled bet ($0.49) returned to f76ace13
*** SHOWDOWN ***
f76ace13 collected $1.6 from pot
*** SUMMARY ***
Total pot $1.73 | Rake $0.08 | Jackpot $0.05 | Bingo $0 | Fortune $0
Board [3s 2h 4c 8h Ts]
Seat 3: 8e9046e4 (button) folded on the River
Seat 4: 21caa8a1 (small blind) folded before Flop
Seat 5: Hero (big blind) folded before Flop
Seat 6: f76ace13 won ($1.6)


Poker Hand #HD1144443095: Hold'em No Limit  ($0.02/$0.05) - 2023/03/03 17:57:01
Table 'NLHBlue98' 6-max Seat #6 is the button
Seat 3: 8e9046e4 ($5 in chips)
Seat 4: 21caa8a1 ($5.3 in chips)
Seat 5: Hero ($7.09 in chips)
Seat 6: f76ace13 ($5.47 in chips)
8e9046e4: posts small blind $0.02
21caa8a1: posts big blind $0.05
*** HOLE CARDS ***
Dealt to 8e9046e4 
Dealt to 21caa8a1 
Dealt to Hero [Jc 2h]
Dealt to f76ace13 
Hero: folds
f76ace13: raises $0.08 to $0.13
8e9046e4: folds
21caa8a1: calls $0.08
*** FLOP *** [6d 5d 6c]
21caa8a1: checks
f76ace13: checks
*** TURN *** [6d 5d 6c] [5s]
21caa8a1: checks
f76ace13: checks
*** RIVER *** [6d 5d 6c 5s] [7h]
21caa8a1: checks
f76ace13: checks
21caa8a1: shows [Th Qc] (Pair of Sixes and Pair of Fives)
f76ace13: shows [4d Kd] (Pair of Sixes and Pair of Fives)
*** SHOWDOWN ***
f76ace13 collected $0.27 from pot
*** SUMMARY ***
Total pot $0.28 | Rake $0.01 | Jackpot $0 | Bingo $0 | Fortune $0
Board [6d 5d 6c 5s 7h]
Seat 3: 8e9046e4 (small blind) folded before Flop
Seat 4: 21caa8a1 (big blind) showed [Th Qc] and lost with Pair of Sixes and Pair of Fives
Seat 5: Hero folded before Flop (didn't bet)
Seat 6: f76ace13 (button) showed [4d Kd] and won ($0.27) with Pair of Sixes and Pair of Fives


Poker Hand #HD1144443049: Hold'em No Limit  ($0.02/$0.05) - 2023/03/03 17:56:48
Table 'NLHBlue98' 6-max Seat #5 is the button
Seat 3: 8e9046e4 ($5.02 in chips)
Seat 4: 21caa8a1 ($5.23 in chips)
Seat 5: Hero ($7.09 in chips)
Seat 6: f76ace13 ($5.49 in chips)
f76ace13: posts small blind $0.02
8e9046e4: posts big blind $0.05
*** HOLE CARDS ***
Dealt to 8e9046e4 
Dealt to 21caa8a1 
Dealt to Hero [Jc 9d]
Dealt to f76ace13 
21caa8a1: raises $0.08 to $0.13
Hero: folds
f76ace13: folds
8e9046e4: folds
Uncalled bet ($0.08) returned to 21caa8a1
*** SHOWDOWN ***
21caa8a1 collected $0.12 from pot
*** SUMMARY ***
Total pot $0.12 | Rake $0 | Jackpot $0 | Bingo $0 | Fortune $0
Seat 3: 8e9046e4 (big blind) folded before Flop
Seat 4: 21caa8a1 collected ($0.12)
Seat 5: Hero (button) folded before Flop (didn't bet)
Seat 6: f76ace13 (small blind) folded before Flop


Poker Hand #HD1144442976: Hold'em No Limit  ($0.02/$0.05) - 2023/03/03 17:56:21
Table 'NLHBlue98' 6-max Seat #4 is the button
Seat 3: 8e9046e4 ($5.14 in chips)
Seat 4: 21caa8a1 ($5.23 in chips)
Seat 5: Hero ($6.93 in chips)
Seat 6: f76ace13 ($5.54 in chips)
Hero: posts small blind $0.02
f76ace13: posts big blind $0.05
*** HOLE CARDS ***
Dealt to 8e9046e4 
Dealt to 21caa8a1 
Dealt to Hero [Qh Qc]
Dealt to f76ace13 
8e9046e4: raises $0.07 to $0.12
21caa8a1: folds
Hero: raises $0.42 to $0.54
f76ace13: folds
8e9046e4: folds
Uncalled bet ($0.42) returned to Hero
*** SHOWDOWN ***
Hero collected $0.28 from pot
*** SUMMARY ***
Total pot $0.29 | Rake $0.01 | Jackpot $0 | Bingo $0 | Fortune $0
Seat 3: 8e9046e4 folded before Flop
Seat 4: 21caa8a1 (button) folded before Flop (didn't bet)
Seat 5: Hero (small blind) collected ($0.28)
Seat 6: f76ace13 (big blind) folded before Flop


Poker Hand #HD1144442902: Hold'em No Limit  ($0.02/$0.05) - 2023/03/03 17:55:55
Table 'NLHBlue98' 6-max Seat #3 is the button
Seat 2: 173abbf3 ($0.49 in chips)
Seat 3: 8e9046e4 ($5.14 in chips)
Seat 4: 21caa8a1 ($5.36 in chips)
Seat 5: Hero ($6.81 in chips)
Seat 6: f76ace13 ($5.54 in chips)
21caa8a1: posts small blind $0.02
Hero: posts big blind $0.05
*** HOLE CARDS ***
Dealt to 173abbf3 
Dealt to 8e9046e4 
Dealt to 21caa8a1 
Dealt to Hero [Jd Ac]
Dealt to f76ace13 
f76ace13: folds
173abbf3: folds
8e9046e4: folds
21caa8a1: raises $0.08 to $0.13
Hero: raises $0.21 to $0.34
21caa8a1: folds
Uncalled bet ($0.21) returned to Hero
*** SHOWDOWN ***
Hero collected $0.25 from pot
*** SUMMARY ***
Total pot $0.26 | Rake $0.01 | Jackpot $0 | Bingo $0 | Fortune $0
Seat 2: 173abbf3 folded before Flop (didn't bet)
Seat 3: 8e9046e4 (button) folded before Flop (didn't bet)
Seat 4: 21caa8a1 (small blind) folded before Flop
Seat 5: Hero (big blind) collected ($0.25)
Seat 6: f76ace13 folded before Flop (didn't bet)


Poker Hand #HD1144442771: Hold'em No Limit  ($0.02/$0.05) - 2023/03/03 17:55:04
Table 'NLHBlue98' 6-max Seat #2 is the button
Seat 2: 173abbf3 ($0.49 in chips)
Seat 3: 8e9046e4 ($5 in chips)
Seat 4: 21caa8a1 ($5.51 in chips)
Seat 5: Hero ($6.81 in chips)
Seat 6: f76ace13 ($5.54 in chips)
8e9046e4: posts small blind $0.02
21caa8a1: posts big blind $0.05
*** HOLE CARDS ***
Dealt to 173abbf3 
Dealt to 8e9046e4 
Dealt to 21caa8a1 
Dealt to Hero [4d 8d]
Dealt to f76ace13 
Hero: folds
f76ace13: folds
173abbf3: folds
8e9046e4: raises $0.1 to $0.15
21caa8a1: calls $0.1
*** FLOP *** [4s Kd Js]
8e9046e4: checks
21caa8a1: checks
*** TURN *** [4s Kd Js] [As]
8e9046e4: checks
21caa8a1: checks
*** RIVER *** [4s Kd Js As] [7c]
8e9046e4: checks
21caa8a1: checks
8e9046e4: shows [Jc Qd] (Pair of Jacks)
21caa8a1: shows [Td 8c] (Ace-High)
*** SHOWDOWN ***
8e9046e4 collected $0.29 from pot
*** SUMMARY ***
Total pot $0.3 | Rake $0.01 | Jackpot $0 | Bingo $0 | Fortune $0
Board [4s Kd Js As 7c]
Seat 2: 173abbf3 (button) folded before Flop (didn't bet)
Seat 3: 8e9046e4 (small blind) showed [Jc Qd] and won ($0.29) with Pair of Jacks
Seat 4: 21caa8a1 (big blind) showed [Td 8c] and lost with Ace-High
Seat 5: Hero folded before Flop (didn't bet)
Seat 6: f76ace13 folded before Flop (didn't bet)


Poker Hand #HD1144442700: Hold'em No Limit  ($0.02/$0.05) - 2023/03/03 17:54:38
Table 'NLHBlue98' 6-max Seat #6 is the button
Seat 2: 173abbf3 ($0.44 in chips)
Seat 3: 8e9046e4 ($5 in chips)
Seat 4: 21caa8a1 ($5.51 in chips)
Seat 5: Hero ($6.81 in chips)
Seat 6: f76ace13 ($5.54 in chips)
173abbf3: posts small blind $0.02
8e9046e4: posts big blind $0.05
*** HOLE CARDS ***
Dealt to 173abbf3 
Dealt to 8e9046e4 
Dealt to 21caa8a1 
Dealt to Hero [4c 8h]
Dealt to f76ace13 
21caa8a1: folds
Hero: folds
f76ace13: folds
173abbf3: calls $0.03
8e9046e4: checks
*** FLOP *** [Ad 3c 3h]
173abbf3: checks
8e9046e4: checks
*** TURN *** [Ad 3c 3h] [9s]
173abbf3: bets $0.05
8e9046e4: folds
Uncalled bet ($0.05) returned to 173abbf3
*** SHOWDOWN ***
173abbf3 collected $0.1 from pot
*** SUMMARY ***
Total pot $0.1 | Rake $0 | Jackpot $0 | Bingo $0 | Fortune $0
Board [Ad 3c 3h 9s]
Seat 2: 173abbf3 (small blind) won ($0.1)
Seat 3: 8e9046e4 (big blind) folded on the Turn
Seat 4: 21caa8a1 folded before Flop (didn't bet)
Seat 5: Hero folded before Flop (didn't bet)
Seat 6: f76ace13 (button) folded before Flop (didn't bet)


Poker Hand #HD1144442571: Hold'em No Limit  ($0.02/$0.05) - 2023/03/03 17:53:49
Table 'NLHBlue98' 6-max Seat #5 is the button
Seat 2: 173abbf3 ($0.49 in chips)
Seat 4: 21caa8a1 ($6.17 in chips)
Seat 5: Hero ($6.15 in chips)
Seat 6: f76ace13 ($5.56 in chips)
f76ace13: posts small blind $0.02
173abbf3: posts big blind $0.05
*** HOLE CARDS ***
Dealt to 173abbf3 
Dealt to 21caa8a1 
Dealt to Hero [Kh As]
Dealt to f76ace13 
21caa8a1: raises $0.08 to $0.13
Hero: raises $0.25 to $0.38
f76ace13: folds
173abbf3: folds
21caa8a1: calls $0.25
*** FLOP *** [8c 5s 2h]
21caa8a1: checks
Hero: bets $0.28
21caa8a1: calls $0.28
*** TURN *** [8c 5s 2h] [Ks]
21caa8a1: checks
Hero: bets $0.7
21caa8a1: folds
Uncalled bet ($0.7) returned to Hero
*** SHOWDOWN ***
Hero collected $1.32 from pot
*** SUMMARY ***
Total pot $1.39 | Rake $0.07 | Jackpot $0 | Bingo $0 | Fortune $0
Board [8c 5s 2h Ks]
Seat 2: 173abbf3 (big blind) folded before Flop
Seat 4: 21caa8a1 folded on the Turn
Seat 5: Hero (button) won ($1.32)
Seat 6: f76ace13 (small blind) folded before Flop


Poker Hand #HD1144442476: Hold'em No Limit  ($0.02/$0.05) - 2023/03/03 17:53:12
Table 'NLHBlue98' 6-max Seat #4 is the button
Seat 1: f6e5e150 ($6.29 in chips)
Seat 2: 173abbf3 ($0.42 in chips)
Seat 4: 21caa8a1 ($6.17 in chips)
Seat 5: Hero ($6.17 in chips)
Seat 6: f76ace13 ($5.61 in chips)
Hero: posts small blind $0.02
f76ace13: posts big blind $0.05
*** HOLE CARDS ***
Dealt to f6e5e150 
Dealt to 173abbf3 
Dealt to 21caa8a1 
Dealt to Hero [Kd 5h]
Dealt to f76ace13 
f6e5e150: folds
173abbf3: calls $0.05
21caa8a1: folds
Hero: folds
f76ace13: checks
*** FLOP *** [2d Ah 7d]
f76ace13: checks
173abbf3: bets $0.06
f76ace13: folds
Uncalled bet ($0.06) returned to 173abbf3
*** SHOWDOWN ***
173abbf3 collected $0.12 from pot
*** SUMMARY ***
Total pot $0.12 | Rake $0 | Jackpot $0 | Bingo $0 | Fortune $0
Board [2d Ah 7d]
Seat 1: f6e5e150 folded before Flop (didn't bet)
Seat 2: 173abbf3 won ($0.12)
Seat 4: 21caa8a1 (button) folded before Flop (didn't bet)
Seat 5: Hero (small blind) folded before Flop
Seat 6: f76ace13 (big blind) folded on the Flop


Poker Hand #HD1144442391: Hold'em No Limit  ($0.02/$0.05) - 2023/03/03 17:52:41
Table 'NLHBlue98' 6-max Seat #2 is the button
Seat 1: f6e5e150 ($6.29 in chips)
Seat 2: 173abbf3 ($0.42 in chips)
Seat 4: 21caa8a1 ($6.19 in chips)
Seat 5: Hero ($6.15 in chips)
Seat 6: f76ace13 ($5.61 in chips)
21caa8a1: posts small blind $0.02
Hero: posts big blind $0.05
*** HOLE CARDS ***
Dealt to f6e5e150 
Dealt to 173abbf3 
Dealt to 21caa8a1 
Dealt to Hero [Kc 6s]
Dealt to f76ace13 
f76ace13: folds
f6e5e150: folds
173abbf3: folds
21caa8a1: folds
Uncalled bet ($0.03) returned to Hero
*** SHOWDOWN ***
Hero collected $0.04 from pot
*** SUMMARY ***
Total pot $0.04 | Rake $0 | Jackpot $0 | Bingo $0 | Fortune $0
Seat 1: f6e5e150 folded before Flop (didn't bet)
Seat 2: 173abbf3 (button) folded before Flop (didn't bet)
Seat 4: 21caa8a1 (small blind) folded before Flop
Seat 5: Hero (big blind) collected ($0.04)
Seat 6: f76ace13 folded before Flop (didn't bet)


Poker Hand #HD1144442250: Hold'em No Limit  ($0.02/$0.05) - 2023/03/03 17:51:51
Table 'NLHBlue98' 6-max Seat #1 is the button
Seat 1: f6e5e150 ($6.42 in chips)
Seat 2: 173abbf3 ($0.44 in chips)
Seat 4: 21caa8a1 ($5.93 in chips)
Seat 5: Hero ($6.15 in chips)
Seat 6: f76ace13 ($5.74 in chips)
173abbf3: posts small blind $0.02
21caa8a1: posts big blind $0.05
*** HOLE CARDS ***
Dealt to f6e5e150 
Dealt to 173abbf3 
Dealt to 21caa8a1 
Dealt to Hero [7d 3h]
Dealt to f76ace13 
Hero: folds
f76ace13: raises $0.08 to $0.13
f6e5e150: calls $0.13
173abbf3: folds
21caa8a1: raises $0.47 to $0.6
f76ace13: folds
f6e5e150: folds
Uncalled bet ($0.47) returned to 21caa8a1
*** SHOWDOWN ***
21caa8a1 collected $0.39 from pot
*** SUMMARY ***
Total pot $0.41 | Rake $0.02 | Jackpot $0 | Bingo $0 | Fortune $0
Seat 1: f6e5e150 (button) folded before Flop
Seat 2: 173abbf3 (small blind) folded before Flop
Seat 4: 21caa8a1 (big blind) collected ($0.39)
Seat 5: Hero folded before Flop (didn't bet)
Seat 6: f76ace13 folded before Flop


Poker Hand #HD1144442168: Hold'em No Limit  ($0.02/$0.05) - 2023/03/03 17:51:23
Table 'NLHBlue98' 6-max Seat #6 is the button
Seat 1: f6e5e150 ($6.44 in chips)
Seat 2: 173abbf3 ($0.49 in chips)
Seat 3: 5eb9be2b ($4.1 in chips)
Seat 4: 21caa8a1 ($5.47 in chips)
Seat 5: Hero ($6.15 in chips)
Seat 6: f76ace13 ($5.74 in chips)
f6e5e150: posts small blind $0.02
173abbf3: posts big blind $0.05
*** HOLE CARDS ***
Dealt to f6e5e150 
Dealt to 173abbf3 
Dealt to 5eb9be2b 
Dealt to 21caa8a1 
Dealt to Hero [6s 9d]
Dealt to f76ace13 
5eb9be2b: raises $0.1 to $0.15
21caa8a1: raises $0.28 to $0.43
Hero: folds
f76ace13: folds
f6e5e150: folds
173abbf3: folds
5eb9be2b: calls $0.28
*** FLOP *** [5h Jh 6c]
5eb9be2b: checks
21caa8a1: bets $0.47
5eb9be2b: folds
Uncalled bet ($0.47) returned to 21caa8a1
*** SHOWDOWN ***
21caa8a1 collected $0.89 from pot
*** SUMMARY ***
Total pot $0.93 | Rake $0.04 | Jackpot $0 | Bingo $0 | Fortune $0
Board [5h Jh 6c]
Seat 1: f6e5e150 (small blind) folded before Flop
Seat 2: 173abbf3 (big blind) folded before Flop
Seat 3: 5eb9be2b folded on the Flop
Seat 4: 21caa8a1 won ($0.89)
Seat 5: Hero folded before Flop (didn't bet)
Seat 6: f76ace13 (button) folded before Flop (didn't bet)


Poker Hand #HD1144442132: Hold'em No Limit  ($0.02/$0.05) - 2023/03/03 17:51:09
Table 'NLHBlue98' 6-max Seat #5 is the button
Seat 1: f6e5e150 ($6.49 in chips)
Seat 2: 173abbf3 ($0.49 in chips)
Seat 3: 5eb9be2b ($4.03 in chips)
Seat 4: 21caa8a1 ($5.47 in chips)
Seat 5: Hero ($6.15 in chips)
Seat 6: f76ace13 ($5.76 in chips)
f76ace13: posts small blind $0.02
f6e5e150: posts big blind $0.05
*** HOLE CARDS ***
Dealt to f6e5e150 
Dealt to 173abbf3 
Dealt to 5eb9be2b 
Dealt to 21caa8a1 
Dealt to Hero [5h As]
Dealt to f76ace13 
173abbf3: folds
5eb9be2b: raises $0.1 to $0.15
21caa8a1: folds
Hero: folds
f76ace13: folds
f6e5e150: folds
Uncalled bet ($0.1) returned to 5eb9be2b
*** SHOWDOWN ***
5eb9be2b collected $0.12 from pot
*** SUMMARY ***
Total pot $0.12 | Rake $0 | Jackpot $0 | Bingo $0 | Fortune $0
Seat 1: f6e5e150 (big blind) folded before Flop
Seat 2: 173abbf3 folded before Flop (didn't bet)
Seat 3: 5eb9be2b collected ($0.12)
Seat 4: 21caa8a1 folded before Flop (didn't bet)
Seat 5: Hero (button) folded before Flop (didn't bet)
Seat 6: f76ace13 (small blind) folded before Flop


Poker Hand #HD1144442095: Hold'em No Limit  ($0.02/$0.05) - 2023/03/03 17:50:55
Table 'NLHBlue98' 6-max Seat #4 is the button
Seat 1: f6e5e150 ($6.49 in chips)
Seat 2: 173abbf3 ($0.49 in chips)
Seat 3: 5eb9be2b ($4.03 in chips)
Seat 4: 21caa8a1 ($5.47 in chips)
Seat 5: Hero ($6.17 in chips)
Seat 6: f76ace13 ($5.74 in chips)
Hero: posts small blind $0.02
f76ace13: posts big blind $0.05
*** HOLE CARDS ***
Dealt to f6e5e150 
Dealt to 173abbf3 
Dealt to 5eb9be2b 
Dealt to 21caa8a1 
Dealt to Hero [2s Jd]
Dealt to f76ace13 
f6e5e150: folds
173abbf3: folds
5eb9be2b: folds
21caa8a1: folds
Hero: folds
Uncalled bet ($0.03) returned to f76ace13
*** SHOWDOWN ***
f76ace13 collected $0.04 from pot
*** SUMMARY ***
Total pot $0.04 | Rake $0 | Jackpot $0 | Bingo $0 | Fortune $0
Seat 1: f6e5e150 folded before Flop (didn't bet)
Seat 2: 173abbf3 folded before Flop (didn't bet)
Seat 3: 5eb9be2b folded before Flop (didn't bet)
Seat 4: 21caa8a1 (button) folded before Flop (didn't bet)
Seat 5: Hero (small blind) folded before Flop
Seat 6: f76ace13 (big blind) collected ($0.04)


Poker Hand #HD1144442053: Hold'em No Limit  ($0.02/$0.05) - 2023/03/03 17:50:40
Table 'NLHBlue98' 6-max Seat #3 is the button
Seat 1: f6e5e150 ($6.49 in chips)
Seat 2: 173abbf3 ($0.49 in chips)
Seat 3: 5eb9be2b ($4.03 in chips)
Seat 4: 21caa8a1 ($5.49 in chips)
Seat 5: Hero ($6.15 in chips)
Seat 6: f76ace13 ($5.74 in chips)
21caa8a1: posts small blind $0.02
Hero: posts big blind $0.05
*** HOLE CARDS ***
Dealt to f6e5e150 
Dealt to 173abbf3 
Dealt to 5eb9be2b 
Dealt to 21caa8a1 
Dealt to Hero [6c 8d]
Dealt to f76ace13 
f76ace13: folds
f6e5e150: folds
173abbf3: folds
5eb9be2b: folds
21caa8a1: folds
Uncalled bet ($0.03) returned to Hero
*** SHOWDOWN ***
Hero collected $0.04 from pot
*** SUMMARY ***
Total pot $0.04 | Rake $0 | Jackpot $0 | Bingo $0 | Fortune $0
Seat 1: f6e5e150 folded before Flop (didn't bet)
Seat 2: 173abbf3 folded before Flop (didn't bet)
Seat 3: 5eb9be2b (button) folded before Flop (didn't bet)
Seat 4: 21caa8a1 (small blind) folded before Flop
Seat 5: Hero (big blind) collected ($0.04)
Seat 6: f76ace13 folded before Flop (didn't bet)


Poker Hand #HD1144442003: Hold'em No Limit  ($0.02/$0.05) - 2023/03/03 17:50:20
Table 'NLHBlue98' 6-max Seat #2 is the button
Seat 1: f6e5e150 ($6.49 in chips)
Seat 2: 173abbf3 ($0.49 in chips)
Seat 3: 5eb9be2b ($4.05 in chips)
Seat 4: 21caa8a1 ($5.47 in chips)
Seat 5: Hero ($6.15 in chips)
Seat 6: f76ace13 ($5.74 in chips)
5eb9be2b: posts small blind $0.02
21caa8a1: posts big blind $0.05
*** HOLE CARDS ***
Dealt to f6e5e150 
Dealt to 173abbf3 
Dealt to 5eb9be2b 
Dealt to 21caa8a1 
Dealt to Hero [Qc 4s]
Dealt to f76ace13 
Hero: folds
f76ace13: folds
f6e5e150: folds
173abbf3: folds
5eb9be2b: folds
Uncalled bet ($0.03) returned to 21caa8a1
*** SHOWDOWN ***
21caa8a1 collected $0.04 from pot
*** SUMMARY ***
Total pot $0.04 | Rake $0 | Jackpot $0 | Bingo $0 | Fortune $0
Seat 1: f6e5e150 folded before Flop (didn't bet)
Seat 2: 173abbf3 (button) folded before Flop (didn't bet)
Seat 3: 5eb9be2b (small blind) folded before Flop
Seat 4: 21caa8a1 (big blind) collected ($0.04)
Seat 5: Hero folded before Flop (didn't bet)
Seat 6: f76ace13 folded before Flop (didn't bet)


Poker Hand #HD1144441743: Hold'em No Limit  ($0.02/$0.05) - 2023/03/03 17:48:44
Table 'NLHBlue98' 6-max Seat #1 is the button
Seat 1: f6e5e150 ($6.49 in chips)
Seat 2: 173abbf3 ($0.48 in chips)
Seat 3: 5eb9be2b ($4.1 in chips)
Seat 4: 21caa8a1 ($5.95 in chips)
Seat 5: Hero ($6.15 in chips)
Seat 6: f76ace13 ($5.28 in chips)
173abbf3: posts small blind $0.02
5eb9be2b: posts big blind $0.05
*** HOLE CARDS ***
Dealt to f6e5e150 
Dealt to 173abbf3 
Dealt to 5eb9be2b 
Dealt to 21caa8a1 
Dealt to Hero [Jh 2d]
Dealt to f76ace13 
21caa8a1: raises $0.08 to $0.13
Hero: folds
f76ace13: raises $0.22 to $0.35
f6e5e150: folds
173abbf3: raises $0.13 to $0.48 and is all-in
5eb9be2b: folds
21caa8a1: calls $0.35
f76ace13: calls $0.13
*** FLOP *** [Kh 9h 5s]
21caa8a1: checks
f76ace13: bets $0.6
21caa8a1: folds
Uncalled bet ($0.6) returned to f76ace13
f76ace13: shows [Kd Td] (Pair of Kings)
173abbf3: shows [Ah Qc] (Ace-High)
*** FIRST TURN *** [Kh 9h 5s] [As]
*** FIRST RIVER *** [Kh 9h 5s As] [4d]
*** SECOND TURN *** [Kh 9h 5s] [Ks]
*** SECOND RIVER *** [Kh 9h 5s Ks] [6d]
*** THIRD TURN *** [Kh 9h 5s] [8d]
*** THIRD RIVER *** [Kh 9h 5s 8d] [8h]
*** FIRST SHOWDOWN ***
173abbf3 collected $0.49 from pot
*** SECOND SHOWDOWN ***
f76ace13 collected $0.47 from pot
*** THIRD SHOWDOWN ***
f76ace13 collected $0.47 from pot
*** SUMMARY ***
Total pot $1.49 | Rake $0.06 | Jackpot $0 | Bingo $0 | Fortune $0
Hand was run three times
FIRST Board [Kh 9h 5s As 4d]
SECOND Board [Ks 6d]
THIRD Board [8d 8h]
Seat 1: f6e5e150 (button) folded before Flop (didn't bet)
Seat 2: 173abbf3 (small blind) showed [Ah Qc] and won ($0.49) with Pair of Aces, and lost, and lost
Seat 3: 5eb9be2b (big blind) folded before Flop
Seat 4: 21caa8a1 folded on the Flop
Seat 5: Hero folded before Flop (didn't bet)
Seat 6: f76ace13 showed [Kd Td] and lost with Pair of Kings, and won ($0.47), and won ($0.47)


Poker Hand #HD1144441651: Hold'em No Limit  ($0.02/$0.05) - 2023/03/03 17:48:09
Table 'NLHBlue98' 6-max Seat #6 is the button
Seat 1: f6e5e150 ($6.51 in chips)
Seat 2: 173abbf3 ($0.66 in chips)
Seat 3: 5eb9be2b ($4.1 in chips)
Seat 4: 21caa8a1 ($5.95 in chips)
Seat 5: Hero ($5.96 in chips)
Seat 6: f76ace13 ($5.28 in chips)
f6e5e150: posts small blind $0.02
173abbf3: posts big blind $0.05
*** HOLE CARDS ***
Dealt to f6e5e150 
Dealt to 173abbf3 
Dealt to 5eb9be2b 
Dealt to 21caa8a1 
Dealt to Hero [Td 8d]
Dealt to f76ace13 
5eb9be2b: folds
21caa8a1: folds
Hero: raises $0.07 to $0.12
f76ace13: folds
f6e5e150: folds
173abbf3: calls $0.07
*** FLOP *** [8h 5c Qc]
173abbf3: checks
Hero: bets $0.06
173abbf3: calls $0.06
*** TURN *** [8h 5c Qc] [3c]
173abbf3: checks
Hero: checks
*** RIVER *** [8h 5c Qc 3c] [5h]
173abbf3: checks
Hero: checks
173abbf3: shows [Ac 7h] (Pair of Fives)
Hero: shows [Td 8d] (Pair of Eights and Pair of Fives)
*** SHOWDOWN ***
Hero collected $0.37 from pot
*** SUMMARY ***
Total pot $0.38 | Rake $0.01 | Jackpot $0 | Bingo $0 | Fortune $0
Board [8h 5c Qc 3c 5h]
Seat 1: f6e5e150 (small blind) folded before Flop
Seat 2: 173abbf3 (big blind) showed [Ac 7h] and lost with Pair of Fives
Seat 3: 5eb9be2b folded before Flop (didn't bet)
Seat 4: 21caa8a1 folded before Flop (didn't bet)
Seat 5: Hero showed [Td 8d] and won ($0.37) with Pair of Eights and Pair of Fives
Seat 6: f76ace13 (button) folded before Flop (didn't bet)


Poker Hand #HD1144441605: Hold'em No Limit  ($0.02/$0.05) - 2023/03/03 17:47:48
Table 'NLHBlue98' 6-max Seat #5 is the button
Seat 1: f6e5e150 ($6.56 in chips)
Seat 2: 173abbf3 ($0.59 in chips)
Seat 3: 5eb9be2b ($4.1 in chips)
Seat 4: 21caa8a1 ($5.95 in chips)
Seat 5: Hero ($5.96 in chips)
Seat 6: f76ace13 ($5.3 in chips)
f76ace13: posts small blind $0.02
f6e5e150: posts big blind $0.05
*** HOLE CARDS ***
Dealt to f6e5e150 
Dealt to 173abbf3 
Dealt to 5eb9be2b 
Dealt to 21caa8a1 
Dealt to Hero [2c Ad]
Dealt to f76ace13 
173abbf3: calls $0.05
5eb9be2b: folds
21caa8a1: folds
Hero: folds
f76ace13: folds
f6e5e150: checks
*** FLOP *** [Qs 6h 5d]
f6e5e150: checks
173abbf3: bets $0.06
f6e5e150: folds
Uncalled bet ($0.06) returned to 173abbf3
*** SHOWDOWN ***
173abbf3 collected $0.12 from pot
*** SUMMARY ***
Total pot $0.12 | Rake $0 | Jackpot $0 | Bingo $0 | Fortune $0
Board [Qs 6h 5d]
Seat 1: f6e5e150 (big blind) folded on the Flop
Seat 2: 173abbf3 won ($0.12)
Seat 3: 5eb9be2b folded before Flop (didn't bet)
Seat 4: 21caa8a1 folded before Flop (didn't bet)
Seat 5: Hero (button) folded before Flop (didn't bet)
Seat 6: f76ace13 (small blind) folded before Flop


Poker Hand #HD1144441480: Hold'em No Limit  ($0.02/$0.05) - 2023/03/03 17:47:01
Table 'NLHBlue98' 6-max Seat #4 is the button
Seat 1: f6e5e150 ($6.56 in chips)
Seat 2: 173abbf3 ($0.59 in chips)
Seat 3: 5eb9be2b ($4.41 in chips)
Seat 4: 21caa8a1 ($5.95 in chips)
Seat 5: Hero ($5.98 in chips)
Seat 6: f76ace13 ($5 in chips)
Hero: posts small blind $0.02
f76ace13: posts big blind $0.05
*** HOLE CARDS ***
Dealt to f6e5e150 
Dealt to 173abbf3 
Dealt to 5eb9be2b 
Dealt to 21caa8a1 
Dealt to Hero [Th 2c]
Dealt to f76ace13 
f6e5e150: folds
173abbf3: folds
5eb9be2b: raises $0.1 to $0.15
21caa8a1: folds
Hero: folds
f76ace13: calls $0.1
*** FLOP *** [3d 5d As]
f76ace13: checks
5eb9be2b: bets $0.16
f76ace13: calls $0.16
*** TURN *** [3d 5d As] [6h]
f76ace13: checks
5eb9be2b: checks
*** RIVER *** [3d 5d As 6h] [9c]
f76ace13: bets $0.48
5eb9be2b: folds
Uncalled bet ($0.48) returned to f76ace13
*** SHOWDOWN ***
f76ace13 collected $0.61 from pot
*** SUMMARY ***
Total pot $0.64 | Rake $0.03 | Jackpot $0 | Bingo $0 | Fortune $0
Board [3d 5d As 6h 9c]
Seat 1: f6e5e150 folded before Flop (didn't bet)
Seat 2: 173abbf3 folded before Flop (didn't bet)
Seat 3: 5eb9be2b folded on the River
Seat 4: 21caa8a1 (button) folded before Flop (didn't bet)
Seat 5: Hero (small blind) folded before Flop
Seat 6: f76ace13 (big blind) won ($0.61)


Poker Hand #HD1144441414: Hold'em No Limit  ($0.02/$0.05) - 2023/03/03 17:46:39
Table 'NLHBlue98' 6-max Seat #3 is the button
Seat 1: f6e5e150 ($6.56 in chips)
Seat 2: 173abbf3 ($0.64 in chips)
Seat 3: 5eb9be2b ($4.41 in chips)
Seat 4: 21caa8a1 ($5.97 in chips)
Seat 5: Hero ($5.91 in chips)
21caa8a1: posts small blind $0.02
Hero: posts big blind $0.05
*** HOLE CARDS ***
Dealt to f6e5e150 
Dealt to 173abbf3 
Dealt to 5eb9be2b 
Dealt to 21caa8a1 
Dealt to Hero [5d 5s]
f6e5e150: folds
173abbf3: calls $0.05
5eb9be2b: folds
21caa8a1: folds
Hero: raises $0.15 to $0.2
173abbf3: folds
Uncalled bet ($0.15) returned to Hero
*** SHOWDOWN ***
Hero collected $0.12 from pot
*** SUMMARY ***
Total pot $0.12 | Rake $0 | Jackpot $0 | Bingo $0 | Fortune $0
Seat 1: f6e5e150 folded before Flop (didn't bet)
Seat 2: 173abbf3 folded before Flop
Seat 3: 5eb9be2b (button) folded before Flop (didn't bet)
Seat 4: 21caa8a1 (small blind) folded before Flop
Seat 5: Hero (big blind) collected ($0.12)


Poker Hand #HD1144441376: Hold'em No Limit  ($0.02/$0.05) - 2023/03/03 17:46:26
Table 'NLHBlue98' 6-max Seat #2 is the button
Seat 1: f6e5e150 ($6.56 in chips)
Seat 2: 173abbf3 ($0.64 in chips)
Seat 3: 5eb9be2b ($4.43 in chips)
Seat 4: 21caa8a1 ($5.95 in chips)
Seat 5: Hero ($5.91 in chips)
5eb9be2b: posts small blind $0.02
21caa8a1: posts big blind $0.05
*** HOLE CARDS ***
Dealt to f6e5e150 
Dealt to 173abbf3 
Dealt to 5eb9be2b 
Dealt to 21caa8a1 
Dealt to Hero [9c 5h]
Hero: folds
f6e5e150: folds
173abbf3: folds
5eb9be2b: folds
Uncalled bet ($0.03) returned to 21caa8a1
*** SHOWDOWN ***
21caa8a1 collected $0.04 from pot
*** SUMMARY ***
Total pot $0.04 | Rake $0 | Jackpot $0 | Bingo $0 | Fortune $0
Seat 1: f6e5e150 folded before Flop (didn't bet)
Seat 2: 173abbf3 (button) folded before Flop (didn't bet)
Seat 3: 5eb9be2b (small blind) folded before Flop
Seat 4: 21caa8a1 (big blind) collected ($0.04)
Seat 5: Hero folded before Flop (didn't bet)


Poker Hand #HD1144441335: Hold'em No Limit  ($0.02/$0.05) - 2023/03/03 17:46:10
Table 'NLHBlue98' 6-max Seat #1 is the button
Seat 1: f6e5e150 ($6.49 in chips)
Seat 2: 173abbf3 ($0.66 in chips)
Seat 3: 5eb9be2b ($4.48 in chips)
Seat 4: 21caa8a1 ($5.95 in chips)
Seat 5: Hero ($5.91 in chips)
173abbf3: posts small blind $0.02
5eb9be2b: posts big blind $0.05
*** HOLE CARDS ***
Dealt to f6e5e150 
Dealt to 173abbf3 
Dealt to 5eb9be2b 
Dealt to 21caa8a1 
Dealt to Hero [Th 4s]
21caa8a1: folds
Hero: folds
f6e5e150: raises $0.1 to $0.15
173abbf3: folds
5eb9be2b: folds
Uncalled bet ($0.1) returned to f6e5e150
*** SHOWDOWN ***
f6e5e150 collected $0.12 from pot
*** SUMMARY ***
Total pot $0.12 | Rake $0 | Jackpot $0 | Bingo $0 | Fortune $0
Seat 1: f6e5e150 (button) collected ($0.12)
Seat 2: 173abbf3 (small blind) folded before Flop
Seat 3: 5eb9be2b (big blind) folded before Flop
Seat 4: 21caa8a1 folded before Flop (didn't bet)
Seat 5: Hero folded before Flop (didn't bet)


Poker Hand #HD1144441261: Hold'em No Limit  ($0.02/$0.05) - 2023/03/03 17:45:37
Table 'NLHBlue98' 6-max Seat #5 is the button
Seat 1: f6e5e150 ($6.51 in chips)
Seat 2: 173abbf3 ($0.64 in chips)
Seat 3: 5eb9be2b ($4.48 in chips)
Seat 4: 21caa8a1 ($5.95 in chips)
Seat 5: Hero ($5.91 in chips)
f6e5e150: posts small blind $0.02
173abbf3: posts big blind $0.05
*** HOLE CARDS ***
Dealt to f6e5e150 
Dealt to 173abbf3 
Dealt to 5eb9be2b 
Dealt to 21caa8a1 
Dealt to Hero [6h 7d]
5eb9be2b: folds
21caa8a1: folds
Hero: folds
f6e5e150: folds
Uncalled bet ($0.03) returned to 173abbf3
*** SHOWDOWN ***
173abbf3 collected $0.04 from pot
*** SUMMARY ***
Total pot $0.04 | Rake $0 | Jackpot $0 | Bingo $0 | Fortune $0
Seat 1: f6e5e150 (small blind) folded before Flop
Seat 2: 173abbf3 (big blind) collected ($0.04)
Seat 3: 5eb9be2b folded before Flop (didn't bet)
Seat 4: 21caa8a1 folded before Flop (didn't bet)
Seat 5: Hero (button) folded before Flop (didn't bet)


Poker Hand #HD1144441058: Hold'em No Limit  ($0.02/$0.05) - 2023/03/03 17:44:22
Table 'NLHBlue98' 6-max Seat #4 is the button
Seat 1: f6e5e150 ($6.51 in chips)
Seat 2: 173abbf3 ($0.64 in chips)
Seat 3: 5eb9be2b ($4.48 in chips)
Seat 4: 21caa8a1 ($5.95 in chips)
Seat 5: Hero ($5 in chips)
Seat 6: 5d7f36d3 ($1.06 in chips)
Hero: posts small blind $0.02
5d7f36d3: posts big blind $0.05
*** HOLE CARDS ***
Dealt to f6e5e150 
Dealt to 173abbf3 
Dealt to 5eb9be2b 
Dealt to 21caa8a1 
Dealt to Hero [Tc Ad]
Dealt to 5d7f36d3 
f6e5e150: folds
173abbf3: folds
5eb9be2b: folds
21caa8a1: folds
Hero: raises $0.09 to $0.14
5d7f36d3: raises $0.38 to $0.52
Hero: raises $1.04 to $1.56
5d7f36d3: calls $0.54 and is all-in
Uncalled bet ($0.5) returned to Hero
Hero: shows [Tc Ad]
5d7f36d3: shows [Ks Kc]
*** FLOP *** [Jc Td 4s]
*** TURN *** [Jc Td 4s] [8s]
*** RIVER *** [Jc Td 4s 8s] [Ts]
*** SHOWDOWN ***
Hero collected $1.97 from pot
*** SUMMARY ***
Total pot $2.12 | Rake $0.1 | Jackpot $0.05 | Bingo $0 | Fortune $0
Board [Jc Td 4s 8s Ts]
Seat 1: f6e5e150 folded before Flop (didn't bet)
Seat 2: 173abbf3 folded before Flop (didn't bet)
Seat 3: 5eb9be2b folded before Flop (didn't bet)
Seat 4: 21caa8a1 (button) folded before Flop (didn't bet)
Seat 5: Hero (small blind) showed [Tc Ad] and won ($1.97) with Three Tens
Seat 6: 5d7f36d3 (big blind) showed [Ks Kc] and lost with Pair of Kings and Pair of Tens


Poker Hand #HD1144440862: Hold'em No Limit  ($0.02/$0.05) - 2023/03/03 17:43:08
Table 'NLHBlue98' 6-max Seat #3 is the button
Seat 1: f6e5e150 ($5.57 in chips)
Seat 2: 173abbf3 ($1.66 in chips)
Seat 3: 5eb9be2b ($4.48 in chips)
Seat 4: 21caa8a1 ($5.97 in chips)
Seat 5: Hero ($5 in chips)
Seat 6: 5d7f36d3 ($1.06 in chips)
21caa8a1: posts small blind $0.02
Hero: posts big blind $0.05
*** HOLE CARDS ***
Dealt to f6e5e150 
Dealt to 173abbf3 
Dealt to 5eb9be2b 
Dealt to 21caa8a1 
Dealt to Hero [3s 5d]
Dealt to 5d7f36d3 
5d7f36d3: folds
f6e5e150: raises $0.1 to $0.15
173abbf3: calls $0.15
5eb9be2b: folds
21caa8a1: folds
Hero: folds
*** FLOP *** [Th Ad Qd]
f6e5e150: checks
173abbf3: bets $0.13
f6e5e150: calls $0.13
*** TURN *** [Th Ad Qd] [Qh]
f6e5e150: checks
173abbf3: bets $0.21
f6e5e150: calls $0.21
*** RIVER *** [Th Ad Qd Qh] [4h]
f6e5e150: bets $0.53
173abbf3: calls $0.53
f6e5e150: shows [Kc Qc] (Three Queens)
173abbf3: shows [As Tc] (Pair of Aces and Pair of Queens)
*** SHOWDOWN ***
f6e5e150 collected $1.96 from pot
*** SUMMARY ***
Total pot $2.11 | Rake $0.1 | Jackpot $0.05 | Bingo $0 | Fortune $0
Board [Th Ad Qd Qh 4h]
Seat 1: f6e5e150 showed [Kc Qc] and won ($1.96) with Three Queens
Seat 2: 173abbf3 showed [As Tc] and lost with Pair of Aces and Pair of Queens
Seat 3: 5eb9be2b (button) folded before Flop (didn't bet)
Seat 4: 21caa8a1 (small blind) folded before Flop
Seat 5: Hero (big blind) folded before Flop
Seat 6: 5d7f36d3 folded before Flop (didn't bet)


Poker Hand #HD1144440789: Hold'em No Limit  ($0.02/$0.05) - 2023/03/03 17:42:43
Table 'NLHBlue98' 6-max Seat #2 is the button
Seat 2: 173abbf3 ($1.59 in chips)
Seat 3: 5eb9be2b ($4.5 in chips)
Seat 4: 21caa8a1 ($6.02 in chips)
Seat 5: Hero ($5 in chips)
Seat 6: 5d7f36d3 ($1.06 in chips)
5eb9be2b: posts small blind $0.02
21caa8a1: posts big blind $0.05
*** HOLE CARDS ***
Dealt to 173abbf3 
Dealt to 5eb9be2b 
Dealt to 21caa8a1 
Dealt to Hero [6s 5c]
Dealt to 5d7f36d3 
Hero: folds
5d7f36d3: folds
173abbf3: calls $0.05
5eb9be2b: folds
21caa8a1: checks
*** FLOP *** [Qd 5h Ah]
21caa8a1: checks
173abbf3: bets $0.06
21caa8a1: folds
Uncalled bet ($0.06) returned to 173abbf3
*** SHOWDOWN ***
173abbf3 collected $0.12 from pot
*** SUMMARY ***
Total pot $0.12 | Rake $0 | Jackpot $0 | Bingo $0 | Fortune $0
Board [Qd 5h Ah]
Seat 2: 173abbf3 (button) won ($0.12)
Seat 3: 5eb9be2b (small blind) folded before Flop
Seat 4: 21caa8a1 (big blind) folded on the Flop
Seat 5: Hero folded before Flop (didn't bet)
Seat 6: 5d7f36d3 folded before Flop (didn't bet)


Poker Hand #HD1144440691: Hold'em No Limit  ($0.02/$0.05) - 2023/03/03 17:42:09
Table 'NLHBlue98' 6-max Seat #1 is the button
Seat 1: f6e5e150 ($5.57 in chips)
Seat 2: 173abbf3 ($1.45 in chips)
Seat 3: 5eb9be2b ($4.55 in chips)
Seat 4: 21caa8a1 ($6.02 in chips)
Seat 5: Hero ($5 in chips)
Seat 6: 5d7f36d3 ($1.16 in chips)
173abbf3: posts small blind $0.02
5eb9be2b: posts big blind $0.05
*** HOLE CARDS ***
Dealt to f6e5e150 
Dealt to 173abbf3 
Dealt to 5eb9be2b 
Dealt to 21caa8a1 
Dealt to Hero [Kh Td]
Dealt to 5d7f36d3 
21caa8a1: folds
Hero: folds
5d7f36d3: raises $0.05 to $0.1
f6e5e150: folds
173abbf3: raises $0.19 to $0.29
5eb9be2b: folds
5d7f36d3: folds
Uncalled bet ($0.19) returned to 173abbf3
*** SHOWDOWN ***
173abbf3 collected $0.24 from pot
*** SUMMARY ***
Total pot $0.25 | Rake $0.01 | Jackpot $0 | Bingo $0 | Fortune $0
Seat 1: f6e5e150 (button) folded before Flop (didn't bet)
Seat 2: 173abbf3 (small blind) collected ($0.24)
Seat 3: 5eb9be2b (big blind) folded before Flop
Seat 4: 21caa8a1 folded before Flop (didn't bet)
Seat 5: Hero folded before Flop (didn't bet)
Seat 6: 5d7f36d3 folded before Flop


Poker Hand #HD1144440639: Hold'em No Limit  ($0.02/$0.05) - 2023/03/03 17:41:52
Table 'NLHBlue98' 6-max Seat #6 is the button
Seat 1: f6e5e150 ($5.52 in chips)
Seat 2: 173abbf3 ($1.5 in chips)
Seat 3: 5eb9be2b ($4.55 in chips)
Seat 4: 21caa8a1 ($6.02 in chips)
Seat 5: Hero ($5 in chips)
Seat 6: 5d7f36d3 ($1.16 in chips)
f6e5e150: posts small blind $0.02
173abbf3: posts big blind $0.05
*** HOLE CARDS ***
Dealt to f6e5e150 
Dealt to 173abbf3 
Dealt to 5eb9be2b 
Dealt to 21caa8a1 
Dealt to Hero [7s Ts]
Dealt to 5d7f36d3 
5eb9be2b: folds
21caa8a1: folds
Hero: folds
5d7f36d3: folds
f6e5e150: raises $0.1 to $0.15
173abbf3: folds
Uncalled bet ($0.1) returned to f6e5e150
*** SHOWDOWN ***
f6e5e150 collected $0.1 from pot
*** SUMMARY ***
Total pot $0.1 | Rake $0 | Jackpot $0 | Bingo $0 | Fortune $0
Seat 1: f6e5e150 (small blind) collected ($0.1)
Seat 2: 173abbf3 (big blind) folded before Flop
Seat 3: 5eb9be2b folded before Flop (didn't bet)
Seat 4: 21caa8a1 folded before Flop (didn't bet)
Seat 5: Hero folded before Flop (didn't bet)
Seat 6: 5d7f36d3 (button) folded before Flop (didn't bet)


Poker Hand #HD1144440569: Hold'em No Limit  ($0.02/$0.05) - 2023/03/03 17:41:26
Table 'NLHBlue98' 6-max Seat #5 is the button
Seat 1: f6e5e150 ($5.57 in chips)
Seat 2: 173abbf3 ($1.5 in chips)
Seat 3: 5eb9be2b ($4.55 in chips)
Seat 4: 21caa8a1 ($6.02 in chips)
Seat 5: Hero ($5 in chips)
Seat 6: 5d7f36d3 ($1 in chips)
5d7f36d3: posts small blind $0.02
f6e5e150: posts big blind $0.05
*** HOLE CARDS ***
Dealt to f6e5e150 
Dealt to 173abbf3 
Dealt to 5eb9be2b 
Dealt to 21caa8a1 
Dealt to Hero [7s Ks]
Dealt to 5d7f36d3 
173abbf3: folds
5eb9be2b: folds
21caa8a1: folds
Hero: raises $0.07 to $0.12
5d7f36d3: raises $0.88 to $1 and is all-in
f6e5e150: folds
Hero: folds
Uncalled bet ($0.88) returned to 5d7f36d3
*** SHOWDOWN ***
5d7f36d3 collected $0.28 from pot
*** SUMMARY ***
Total pot $0.29 | Rake $0.01 | Jackpot $0 | Bingo $0 | Fortune $0
Seat 1: f6e5e150 (big blind) folded before Flop
Seat 2: 173abbf3 folded before Flop (didn't bet)
Seat 3: 5eb9be2b folded before Flop (didn't bet)
Seat 4: 21caa8a1 folded before Flop (didn't bet)
Seat 5: Hero (button) folded before Flop
Seat 6: 5d7f36d3 (small blind) collected ($0.28)


Poker Hand #HD1144440492: Hold'em No Limit  ($0.02/$0.05) - 2023/03/03 17:40:55
Table 'NLHBlue98' 6-max Seat #4 is the button
Seat 1: f6e5e150 ($5.57 in chips)
Seat 2: 173abbf3 ($1.38 in chips)
Seat 3: 5eb9be2b ($4.55 in chips)
Seat 4: 21caa8a1 ($6.02 in chips)
Seat 5: Hero ($5 in chips)
Seat 6: 5d7f36d3 ($1.11 in chips)
Hero: posts small blind $0.02
5d7f36d3: posts big blind $0.05
*** HOLE CARDS ***
Dealt to f6e5e150 
Dealt to 173abbf3 
Dealt to 5eb9be2b 
Dealt to 21caa8a1 
Dealt to Hero [Jc 8c]
Dealt to 5d7f36d3 
f6e5e150: folds
173abbf3: calls $0.05
5eb9be2b: folds
21caa8a1: folds
Hero: folds
5d7f36d3: checks
*** FLOP *** [7h Qs 6c]
5d7f36d3: checks
173abbf3: bets $0.06
5d7f36d3: calls $0.06
*** TURN *** [7h Qs 6c] [4s]
5d7f36d3: checks
173abbf3: bets $0.08
5d7f36d3: folds
Uncalled bet ($0.08) returned to 173abbf3
*** SHOWDOWN ***
173abbf3 collected $0.23 from pot
*** SUMMARY ***
Total pot $0.24 | Rake $0.01 | Jackpot $0 | Bingo $0 | Fortune $0
Board [7h Qs 6c 4s]
Seat 1: f6e5e150 folded before Flop (didn't bet)
Seat 2: 173abbf3 won ($0.23)
Seat 3: 5eb9be2b folded before Flop (didn't bet)
Seat 4: 21caa8a1 (button) folded before Flop (didn't bet)
Seat 5: Hero (small blind) folded before Flop
Seat 6: 5d7f36d3 (big blind) folded on the Turn


Poker Hand #HD1144440414: Hold'em No Limit  ($0.02/$0.05) - 2023/03/03 17:40:27
Table 'NLHBlue98' 6-max Seat #3 is the button
Seat 1: f6e5e150 ($5.41 in chips)
Seat 2: 173abbf3 ($1.38 in chips)
Seat 3: 5eb9be2b ($4.55 in chips)
Seat 4: 21caa8a1 ($6.04 in chips)
Seat 5: Hero ($5 in chips)
Seat 6: 5d7f36d3 ($1.11 in chips)
21caa8a1: posts small blind $0.02
Hero: posts big blind $0.05
*** HOLE CARDS ***
Dealt to f6e5e150 
Dealt to 173abbf3 
Dealt to 5eb9be2b 
Dealt to 21caa8a1 
Dealt to Hero [2s 2h]
Dealt to 5d7f36d3 
5d7f36d3: folds
f6e5e150: raises $0.1 to $0.15
173abbf3: folds
5eb9be2b: folds
21caa8a1: folds
Hero: calls $0.1
*** FLOP *** [Qc 4d 7h]
Hero: checks
f6e5e150: checks
*** TURN *** [Qc 4d 7h] [4c]
Hero: checks
f6e5e150: bets $0.16
Hero: folds
Uncalled bet ($0.16) returned to f6e5e150
*** SHOWDOWN ***
f6e5e150 collected $0.31 from pot
*** SUMMARY ***
Total pot $0.32 | Rake $0.01 | Jackpot $0 | Bingo $0 | Fortune $0
Board [Qc 4d 7h 4c]
Seat 1: f6e5e150 won ($0.31)
Seat 2: 173abbf3 folded before Flop (didn't bet)
Seat 3: 5eb9be2b (button) folded before Flop (didn't bet)
Seat 4: 21caa8a1 (small blind) folded before Flop
Seat 5: Hero (big blind) folded on the Turn
Seat 6: 5d7f36d3 folded before Flop (didn't bet)


