Poker Hand #HD1157499533: Hold'em No Limit  ($0.02/$0.05) - 2023/03/12 21:59:51
Table 'NLHBlue20' 6-max Seat #5 is the button
Seat 1: 9608e61f ($9.99 in chips)
Seat 2: 1485a810 ($6.02 in chips)
Seat 3: Hero ($5.09 in chips)
Seat 4: 6bccae3b ($6.4 in chips)
Seat 5: ca8511c6 ($5 in chips)
9608e61f: posts small blind $0.02
1485a810: posts big blind $0.05
*** HOLE CARDS ***
Dealt to 9608e61f 
Dealt to 1485a810 
Dealt to Hero [3c 9c]
Dealt to 6bccae3b 
Dealt to ca8511c6 
Hero: folds
6bccae3b: raises $0.09 to $0.14
ca8511c6: calls $0.14
9608e61f: folds
1485a810: folds
*** FLOP *** [Th Ks 3d]
6bccae3b: checks
ca8511c6: checks
*** TURN *** [Th Ks 3d] [As]
6bccae3b: checks
ca8511c6: checks
*** RIVER *** [Th Ks 3d As] [Kd]
6bccae3b: checks
ca8511c6: checks
6bccae3b: shows [7h Qh] (Pair of Kings)
ca8511c6: shows [8h 8s] (Pair of Kings and Pair of Eights)
*** SHOWDOWN ***
ca8511c6 collected $0.34 from pot
*** SUMMARY ***
Total pot $0.35 | Rake $0.01 | Jackpot $0 | Bingo $0 | Fortune $0
Board [Th Ks 3d As Kd]
Seat 1: 9608e61f (small blind) folded before Flop
Seat 2: 1485a810 (big blind) folded before Flop
Seat 3: Hero folded before Flop (didn't bet)
Seat 4: 6bccae3b showed [7h Qh] and lost with Pair of Kings
Seat 5: ca8511c6 (button) showed [8h 8s] and won ($0.34) with Pair of Kings and Pair of Eights


Poker Hand #HD1157499479: Hold'em No Limit  ($0.02/$0.05) - 2023/03/12 21:59:28
Table 'NLHBlue20' 6-max Seat #4 is the button
Seat 1: 9608e61f ($9.97 in chips)
Seat 2: 1485a810 ($6.02 in chips)
Seat 3: Hero ($5.09 in chips)
Seat 4: 6bccae3b ($6.4 in chips)
Seat 5: ca8511c6 ($5 in chips)
ca8511c6: posts small blind $0.02
9608e61f: posts big blind $0.05
*** HOLE CARDS ***
Dealt to 9608e61f 
Dealt to 1485a810 
Dealt to Hero [7s Kh]
Dealt to 6bccae3b 
Dealt to ca8511c6 
1485a810: folds
Hero: folds
6bccae3b: folds
ca8511c6: folds
Uncalled bet ($0.03) returned to 9608e61f
*** SHOWDOWN ***
9608e61f collected $0.04 from pot
*** SUMMARY ***
Total pot $0.04 | Rake $0 | Jackpot $0 | Bingo $0 | Fortune $0
Seat 1: 9608e61f (big blind) collected ($0.04)
Seat 2: 1485a810 folded before Flop (didn't bet)
Seat 3: Hero folded before Flop (didn't bet)
Seat 4: 6bccae3b (button) folded before Flop (didn't bet)
Seat 5: ca8511c6 (small blind) folded before Flop


Poker Hand #HD1157499447: Hold'em No Limit  ($0.02/$0.05) - 2023/03/12 21:59:14
Table 'NLHBlue20' 6-max Seat #3 is the button
Seat 1: 9608e61f ($9.97 in chips)
Seat 2: 1485a810 ($6.02 in chips)
Seat 3: Hero ($5.02 in chips)
Seat 4: 6bccae3b ($6.42 in chips)
Seat 5: ca8511c6 ($5 in chips)
6bccae3b: posts small blind $0.02
ca8511c6: posts big blind $0.05
*** HOLE CARDS ***
Dealt to 9608e61f 
Dealt to 1485a810 
Dealt to Hero [7h Ac]
Dealt to 6bccae3b 
Dealt to ca8511c6 
9608e61f: folds
1485a810: folds
Hero: raises $0.07 to $0.12
6bccae3b: folds
ca8511c6: folds
Uncalled bet ($0.07) returned to Hero
*** SHOWDOWN ***
Hero collected $0.12 from pot
*** SUMMARY ***
Total pot $0.12 | Rake $0 | Jackpot $0 | Bingo $0 | Fortune $0
Seat 1: 9608e61f folded before Flop (didn't bet)
Seat 2: 1485a810 folded before Flop (didn't bet)
Seat 3: Hero (button) collected ($0.12)
Seat 4: 6bccae3b (small blind) folded before Flop
Seat 5: ca8511c6 (big blind) folded before Flop


Poker Hand #HD1157499427: Hold'em No Limit  ($0.02/$0.05) - 2023/03/12 21:59:07
Table 'NLHBlue20' 6-max Seat #2 is the button
Seat 1: 9608e61f ($9.97 in chips)
Seat 2: 1485a810 ($6.02 in chips)
Seat 3: Hero ($5 in chips)
Seat 4: 6bccae3b ($6.4 in chips)
Seat 6: 8ad8d6 ($3.79 in chips)
Hero: posts small blind $0.02
6bccae3b: posts big blind $0.05
*** HOLE CARDS ***
Dealt to 9608e61f 
Dealt to 1485a810 
Dealt to Hero [3c Tc]
Dealt to 6bccae3b 
Dealt to 8ad8d6 
8ad8d6: folds
9608e61f: folds
1485a810: folds
Hero: folds
Uncalled bet ($0.03) returned to 6bccae3b
*** SHOWDOWN ***
6bccae3b collected $0.04 from pot
*** SUMMARY ***
Total pot $0.04 | Rake $0 | Jackpot $0 | Bingo $0 | Fortune $0
Seat 1: 9608e61f folded before Flop (didn't bet)
Seat 2: 1485a810 (button) folded before Flop (didn't bet)
Seat 3: Hero (small blind) folded before Flop
Seat 4: 6bccae3b (big blind) collected ($0.04)
Seat 6: 8ad8d6 folded before Flop (didn't bet)


Poker Hand #HD1157499334: Hold'em No Limit  ($0.02/$0.05) - 2023/03/12 21:58:26
Table 'NLHBlue20' 6-max Seat #1 is the button
Seat 1: 9608e61f ($9.97 in chips)
Seat 2: 1485a810 ($3.7 in chips)
Seat 3: Hero ($5 in chips)
Seat 4: 6bccae3b ($6.4 in chips)
Seat 6: 8ad8d6 ($6.36 in chips)
1485a810: posts small blind $0.02
Hero: posts big blind $0.05
*** HOLE CARDS ***
Dealt to 9608e61f 
Dealt to 1485a810 
Dealt to Hero [7c 6d]
Dealt to 6bccae3b 
Dealt to 8ad8d6 
6bccae3b: folds
8ad8d6: raises $0.05 to $0.1
9608e61f: folds
1485a810: calls $0.08
Hero: folds
*** FLOP *** [Qd 2d 7h]
1485a810: bets $0.13
8ad8d6: calls $0.13
*** TURN *** [Qd 2d 7h] [4c]
1485a810: bets $0.26
8ad8d6: calls $0.26
*** RIVER *** [Qd 2d 7h 4c] [3d]
1485a810: bets $0.78
8ad8d6: raises $1.3 to $2.08
1485a810: calls $1.3
8ad8d6: shows [Tc Qh] (Pair of Queens)
1485a810: shows [6h 5h] (Sevens-High Straight)
*** SHOWDOWN ***
1485a810 collected $4.89 from pot
*** SUMMARY ***
Total pot $5.19 | Rake $0.25 | Jackpot $0.05 | Bingo $0 | Fortune $0
Board [Qd 2d 7h 4c 3d]
Seat 1: 9608e61f (button) folded before Flop (didn't bet)
Seat 2: 1485a810 (small blind) showed [6h 5h] and won ($4.89) with Sevens-High Straight
Seat 3: Hero (big blind) folded before Flop
Seat 4: 6bccae3b folded before Flop (didn't bet)
Seat 6: 8ad8d6 showed [Tc Qh] and lost with Pair of Queens


Poker Hand #HD1157499310: Hold'em No Limit  ($0.02/$0.05) - 2023/03/12 21:58:12
Table 'NLHBlue20' 6-max Seat #6 is the button
Seat 1: 9608e61f ($9.99 in chips)
Seat 2: 1485a810 ($3.68 in chips)
Seat 3: Hero ($5 in chips)
Seat 4: 6bccae3b ($6.4 in chips)
Seat 6: 8ad8d6 ($6.36 in chips)
9608e61f: posts small blind $0.02
1485a810: posts big blind $0.05
*** HOLE CARDS ***
Dealt to 9608e61f 
Dealt to 1485a810 
Dealt to Hero [Js 6d]
Dealt to 6bccae3b 
Dealt to 8ad8d6 
Hero: folds
6bccae3b: folds
8ad8d6: folds
9608e61f: folds
Uncalled bet ($0.03) returned to 1485a810
*** SHOWDOWN ***
1485a810 collected $0.04 from pot
*** SUMMARY ***
Total pot $0.04 | Rake $0 | Jackpot $0 | Bingo $0 | Fortune $0
Seat 1: 9608e61f (small blind) folded before Flop
Seat 2: 1485a810 (big blind) collected ($0.04)
Seat 3: Hero folded before Flop (didn't bet)
Seat 4: 6bccae3b folded before Flop (didn't bet)
Seat 6: 8ad8d6 (button) folded before Flop (didn't bet)


Poker Hand #HD1157499222: Hold'em No Limit  ($0.02/$0.05) - 2023/03/12 21:57:30
Table 'NLHBlue20' 6-max Seat #4 is the button
Seat 1: 9608e61f ($10.12 in chips)
Seat 2: 1485a810 ($4.12 in chips)
Seat 3: Hero ($5 in chips)
Seat 4: 6bccae3b ($6.4 in chips)
Seat 5: be71a0eb ($5.13 in chips)
Seat 6: 8ad8d6 ($5.82 in chips)
be71a0eb: posts small blind $0.02
8ad8d6: posts big blind $0.05
*** HOLE CARDS ***
Dealt to 9608e61f 
Dealt to 1485a810 
Dealt to Hero [Th 4c]
Dealt to 6bccae3b 
Dealt to be71a0eb 
Dealt to 8ad8d6 
9608e61f: raises $0.08 to $0.13
1485a810: calls $0.13
Hero: folds
6bccae3b: folds
be71a0eb: folds
8ad8d6: raises $0.31 to $0.44
9608e61f: folds
1485a810: calls $0.31
*** FLOP *** [5c Ad Ah]
8ad8d6: bets $0.34
1485a810: folds
Uncalled bet ($0.34) returned to 8ad8d6
*** SHOWDOWN ***
8ad8d6 collected $0.98 from pot
*** SUMMARY ***
Total pot $1.03 | Rake $0.05 | Jackpot $0 | Bingo $0 | Fortune $0
Board [5c Ad Ah]
Seat 1: 9608e61f folded before Flop
Seat 2: 1485a810 folded on the Flop
Seat 3: Hero folded before Flop (didn't bet)
Seat 4: 6bccae3b (button) folded before Flop (didn't bet)
Seat 5: be71a0eb (small blind) folded before Flop
Seat 6: 8ad8d6 (big blind) won ($0.98)


Poker Hand #HD1157499144: Hold'em No Limit  ($0.02/$0.05) - 2023/03/12 21:56:53
Table 'NLHBlue20' 6-max Seat #3 is the button
Seat 1: 9608e61f ($10.12 in chips)
Seat 2: 1485a810 ($4.12 in chips)
Seat 3: Hero ($5.1 in chips)
Seat 4: 6bccae3b ($6.42 in chips)
Seat 5: be71a0eb ($5 in chips)
Seat 6: 8ad8d6 ($5.82 in chips)
6bccae3b: posts small blind $0.02
be71a0eb: posts big blind $0.05
*** HOLE CARDS ***
Dealt to 9608e61f 
Dealt to 1485a810 
Dealt to Hero [2h 2c]
Dealt to 6bccae3b 
Dealt to be71a0eb 
Dealt to 8ad8d6 
8ad8d6: folds
9608e61f: folds
1485a810: folds
Hero: raises $0.07 to $0.12
6bccae3b: folds
be71a0eb: raises $0.29 to $0.41
Hero: folds
Uncalled bet ($0.29) returned to be71a0eb
*** SHOWDOWN ***
be71a0eb collected $0.25 from pot
*** SUMMARY ***
Total pot $0.26 | Rake $0.01 | Jackpot $0 | Bingo $0 | Fortune $0
Seat 1: 9608e61f folded before Flop (didn't bet)
Seat 2: 1485a810 folded before Flop (didn't bet)
Seat 3: Hero (button) folded before Flop
Seat 4: 6bccae3b (small blind) folded before Flop
Seat 5: be71a0eb (big blind) collected ($0.25)
Seat 6: 8ad8d6 folded before Flop (didn't bet)


Poker Hand #HD1157499021: Hold'em No Limit  ($0.02/$0.05) - 2023/03/12 21:55:54
Table 'NLHBlue20' 6-max Seat #2 is the button
Seat 1: 9608e61f ($10.12 in chips)
Seat 2: 1485a810 ($4.12 in chips)
Seat 3: Hero ($5.12 in chips)
Seat 4: 6bccae3b ($5.73 in chips)
Seat 5: be71a0eb ($5.01 in chips)
Seat 6: 8ad8d6 ($5.82 in chips)
Hero: posts small blind $0.02
6bccae3b: posts big blind $0.05
*** HOLE CARDS ***
Dealt to 9608e61f 
Dealt to 1485a810 
Dealt to Hero [4h 9c]
Dealt to 6bccae3b 
Dealt to be71a0eb 
Dealt to 8ad8d6 
be71a0eb: raises $0.1 to $0.15
8ad8d6: folds
9608e61f: folds
1485a810: folds
Hero: folds
6bccae3b: calls $0.1
*** FLOP *** [Ks Ac 2d]
6bccae3b: checks
be71a0eb: bets $0.16
6bccae3b: calls $0.16
*** TURN *** [Ks Ac 2d] [Kc]
6bccae3b: checks
be71a0eb: checks
*** RIVER *** [Ks Ac 2d Kc] [7s]
6bccae3b: bets $0.48
be71a0eb: calls $0.48
6bccae3b: shows [Kd Jc] (Three Kings)
be71a0eb: shows [6d Ad] (Pair of Aces and Pair of Kings)
*** SHOWDOWN ***
6bccae3b collected $1.48 from pot
*** SUMMARY ***
Total pot $1.6 | Rake $0.07 | Jackpot $0.05 | Bingo $0 | Fortune $0
Board [Ks Ac 2d Kc 7s]
Seat 1: 9608e61f folded before Flop (didn't bet)
Seat 2: 1485a810 (button) folded before Flop (didn't bet)
Seat 3: Hero (small blind) folded before Flop
Seat 4: 6bccae3b (big blind) showed [Kd Jc] and won ($1.48) with Three Kings
Seat 5: be71a0eb showed [6d Ad] and lost with Pair of Aces and Pair of Kings
Seat 6: 8ad8d6 folded before Flop (didn't bet)


Poker Hand #HD1157498871: Hold'em No Limit  ($0.02/$0.05) - 2023/03/12 21:54:46
Table 'NLHBlue20' 6-max Seat #1 is the button
Seat 1: 9608e61f ($10.12 in chips)
Seat 2: 1485a810 ($4.22 in chips)
Seat 3: Hero ($5.07 in chips)
Seat 4: 6bccae3b ($5.73 in chips)
Seat 5: be71a0eb ($5.01 in chips)
Seat 6: 8ad8d6 ($5.77 in chips)
1485a810: posts small blind $0.02
Hero: posts big blind $0.05
*** HOLE CARDS ***
Dealt to 9608e61f 
Dealt to 1485a810 
Dealt to Hero [4h Ac]
Dealt to 6bccae3b 
Dealt to be71a0eb 
Dealt to 8ad8d6 
6bccae3b: folds
be71a0eb: folds
8ad8d6: raises $0.05 to $0.1
9608e61f: folds
1485a810: calls $0.08
Hero: calls $0.05
*** FLOP *** [Jh 2s 6s]
1485a810: checks
Hero: checks
8ad8d6: checks
*** TURN *** [Jh 2s 6s] [6h]
1485a810: checks
Hero: checks
8ad8d6: checks
*** RIVER *** [Jh 2s 6s 6h] [Kh]
1485a810: checks
Hero: checks
8ad8d6: checks
1485a810: shows [Qd 5c] (Pair of Sixes)
Hero: shows [4h Ac] (Pair of Sixes)
8ad8d6: shows [Ad 7h] (Pair of Sixes)
*** SHOWDOWN ***
Hero collected $0.15 from pot
8ad8d6 collected $0.15 from pot
*** SUMMARY ***
Total pot $0.3 | Rake $0 | Jackpot $0 | Bingo $0 | Fortune $0
Board [Jh 2s 6s 6h Kh]
Seat 1: 9608e61f (button) folded before Flop (didn't bet)
Seat 2: 1485a810 (small blind) showed [Qd 5c] and lost with Pair of Sixes
Seat 3: Hero (big blind) showed [4h Ac] and won ($0.15) with Pair of Sixes
Seat 4: 6bccae3b folded before Flop (didn't bet)
Seat 5: be71a0eb folded before Flop (didn't bet)
Seat 6: 8ad8d6 showed [Ad 7h] and won ($0.15) with Pair of Sixes


Poker Hand #HD1157498855: Hold'em No Limit  ($0.02/$0.05) - 2023/03/12 21:54:32
Table 'NLHBlue20' 6-max Seat #6 is the button
Seat 1: 9608e61f ($10.14 in chips)
Seat 2: 1485a810 ($4.2 in chips)
Seat 3: Hero ($5.07 in chips)
Seat 4: 6bccae3b ($5.73 in chips)
Seat 5: be71a0eb ($5.01 in chips)
Seat 6: 8ad8d6 ($5.77 in chips)
9608e61f: posts small blind $0.02
1485a810: posts big blind $0.05
*** HOLE CARDS ***
Dealt to 9608e61f 
Dealt to 1485a810 
Dealt to Hero [4c Kh]
Dealt to 6bccae3b 
Dealt to be71a0eb 
Dealt to 8ad8d6 
Hero: folds
6bccae3b: folds
be71a0eb: folds
8ad8d6: folds
9608e61f: folds
Uncalled bet ($0.03) returned to 1485a810
*** SHOWDOWN ***
1485a810 collected $0.04 from pot
*** SUMMARY ***
Total pot $0.04 | Rake $0 | Jackpot $0 | Bingo $0 | Fortune $0
Seat 1: 9608e61f (small blind) folded before Flop
Seat 2: 1485a810 (big blind) collected ($0.04)
Seat 3: Hero folded before Flop (didn't bet)
Seat 4: 6bccae3b folded before Flop (didn't bet)
Seat 5: be71a0eb folded before Flop (didn't bet)
Seat 6: 8ad8d6 (button) folded before Flop (didn't bet)


Poker Hand #HD1157498819: Hold'em No Limit  ($0.02/$0.05) - 2023/03/12 21:54:14
Table 'NLHBlue20' 6-max Seat #5 is the button
Seat 1: 9608e61f ($10.19 in chips)
Seat 2: 1485a810 ($4.13 in chips)
Seat 3: Hero ($5.07 in chips)
Seat 4: 6bccae3b ($5.73 in chips)
Seat 5: be71a0eb ($5.01 in chips)
Seat 6: 8ad8d6 ($5.79 in chips)
8ad8d6: posts small blind $0.02
9608e61f: posts big blind $0.05
*** HOLE CARDS ***
Dealt to 9608e61f 
Dealt to 1485a810 
Dealt to Hero [Kh Qd]
Dealt to 6bccae3b 
Dealt to be71a0eb 
Dealt to 8ad8d6 
1485a810: raises $0.05 to $0.1
Hero: folds
6bccae3b: folds
be71a0eb: folds
8ad8d6: folds
9608e61f: folds
Uncalled bet ($0.05) returned to 1485a810
*** SHOWDOWN ***
1485a810 collected $0.12 from pot
*** SUMMARY ***
Total pot $0.12 | Rake $0 | Jackpot $0 | Bingo $0 | Fortune $0
Seat 1: 9608e61f (big blind) folded before Flop
Seat 2: 1485a810 collected ($0.12)
Seat 3: Hero folded before Flop (didn't bet)
Seat 4: 6bccae3b folded before Flop (didn't bet)
Seat 5: be71a0eb (button) folded before Flop (didn't bet)
Seat 6: 8ad8d6 (small blind) folded before Flop


Poker Hand #HD1157498781: Hold'em No Limit  ($0.02/$0.05) - 2023/03/12 21:53:58
Table 'NLHBlue20' 6-max Seat #4 is the button
Seat 1: 9608e61f ($10.19 in chips)
Seat 2: 1485a810 ($4.13 in chips)
Seat 3: Hero ($5.07 in chips)
Seat 4: 6bccae3b ($5.66 in chips)
Seat 5: be71a0eb ($5.03 in chips)
Seat 6: 8ad8d6 ($5.84 in chips)
be71a0eb: posts small blind $0.02
8ad8d6: posts big blind $0.05
*** HOLE CARDS ***
Dealt to 9608e61f 
Dealt to 1485a810 
Dealt to Hero [4d 5c]
Dealt to 6bccae3b 
Dealt to be71a0eb 
Dealt to 8ad8d6 
9608e61f: folds
1485a810: folds
Hero: folds
6bccae3b: raises $0.09 to $0.14
be71a0eb: folds
8ad8d6: folds
Uncalled bet ($0.09) returned to 6bccae3b
*** SHOWDOWN ***
6bccae3b collected $0.12 from pot
*** SUMMARY ***
Total pot $0.12 | Rake $0 | Jackpot $0 | Bingo $0 | Fortune $0
Seat 1: 9608e61f folded before Flop (didn't bet)
Seat 2: 1485a810 folded before Flop (didn't bet)
Seat 3: Hero folded before Flop (didn't bet)
Seat 4: 6bccae3b (button) collected ($0.12)
Seat 5: be71a0eb (small blind) folded before Flop
Seat 6: 8ad8d6 (big blind) folded before Flop


Poker Hand #HD1157498741: Hold'em No Limit  ($0.02/$0.05) - 2023/03/12 21:53:40
Table 'NLHBlue20' 6-max Seat #3 is the button
Seat 1: 9608e61f ($10.19 in chips)
Seat 2: 1485a810 ($4.13 in chips)
Seat 3: Hero ($5 in chips)
Seat 4: 6bccae3b ($5.68 in chips)
Seat 5: be71a0eb ($5.08 in chips)
Seat 6: 8ad8d6 ($5.84 in chips)
6bccae3b: posts small blind $0.02
be71a0eb: posts big blind $0.05
*** HOLE CARDS ***
Dealt to 9608e61f 
Dealt to 1485a810 
Dealt to Hero [8c Qc]
Dealt to 6bccae3b 
Dealt to be71a0eb 
Dealt to 8ad8d6 
8ad8d6: folds
9608e61f: folds
1485a810: folds
Hero: raises $0.07 to $0.12
6bccae3b: folds
be71a0eb: folds
Uncalled bet ($0.07) returned to Hero
*** SHOWDOWN ***
Hero collected $0.12 from pot
*** SUMMARY ***
Total pot $0.12 | Rake $0 | Jackpot $0 | Bingo $0 | Fortune $0
Seat 1: 9608e61f folded before Flop (didn't bet)
Seat 2: 1485a810 folded before Flop (didn't bet)
Seat 3: Hero (button) collected ($0.12)
Seat 4: 6bccae3b (small blind) folded before Flop
Seat 5: be71a0eb (big blind) folded before Flop
Seat 6: 8ad8d6 folded before Flop (didn't bet)


Poker Hand #HD1157498685: Hold'em No Limit  ($0.02/$0.05) - 2023/03/12 21:53:14
Table 'NLHBlue20' 6-max Seat #2 is the button
Seat 1: 9608e61f ($10.19 in chips)
Seat 2: 1485a810 ($4.13 in chips)
Seat 3: Hero ($5 in chips)
Seat 4: 6bccae3b ($5.73 in chips)
Seat 5: be71a0eb ($5.23 in chips)
Seat 6: 8ad8d6 ($5.63 in chips)
Hero: posts small blind $0.02
6bccae3b: posts big blind $0.05
*** HOLE CARDS ***
Dealt to 9608e61f 
Dealt to 1485a810 
Dealt to Hero [6d 3d]
Dealt to 6bccae3b 
Dealt to be71a0eb 
Dealt to 8ad8d6 
be71a0eb: raises $0.1 to $0.15
8ad8d6: raises $0.28 to $0.43
9608e61f: folds
1485a810: folds
Hero: folds
6bccae3b: folds
be71a0eb: folds
Uncalled bet ($0.28) returned to 8ad8d6
*** SHOWDOWN ***
8ad8d6 collected $0.36 from pot
*** SUMMARY ***
Total pot $0.37 | Rake $0.01 | Jackpot $0 | Bingo $0 | Fortune $0
Seat 1: 9608e61f folded before Flop (didn't bet)
Seat 2: 1485a810 (button) folded before Flop (didn't bet)
Seat 3: Hero (small blind) folded before Flop
Seat 4: 6bccae3b (big blind) folded before Flop
Seat 5: be71a0eb folded before Flop
Seat 6: 8ad8d6 collected ($0.36)


Poker Hand #HD1157498601: Hold'em No Limit  ($0.02/$0.05) - 2023/03/12 21:52:34
Table 'NLHBlue20' 6-max Seat #1 is the button
Seat 1: 9608e61f ($10.62 in chips)
Seat 2: 1485a810 ($4.15 in chips)
Seat 3: Hero ($5 in chips)
Seat 4: 6bccae3b ($5.73 in chips)
Seat 5: be71a0eb ($5.23 in chips)
Seat 6: 8ad8d6 ($5.17 in chips)
1485a810: posts small blind $0.02
Hero: posts big blind $0.05
*** HOLE CARDS ***
Dealt to 9608e61f 
Dealt to 1485a810 
Dealt to Hero [9s 5s]
Dealt to 6bccae3b 
Dealt to be71a0eb 
Dealt to 8ad8d6 
6bccae3b: folds
be71a0eb: folds
8ad8d6: raises $0.08 to $0.13
9608e61f: raises $0.3 to $0.43
1485a810: folds
Hero: folds
8ad8d6: calls $0.3
*** FLOP *** [3d 7s Qh]
8ad8d6: checks
9608e61f: checks
*** TURN *** [3d 7s Qh] [8s]
8ad8d6: bets $0.7
9608e61f: folds
Uncalled bet ($0.7) returned to 8ad8d6
*** SHOWDOWN ***
8ad8d6 collected $0.89 from pot
*** SUMMARY ***
Total pot $0.93 | Rake $0.04 | Jackpot $0 | Bingo $0 | Fortune $0
Board [3d 7s Qh 8s]
Seat 1: 9608e61f (button) folded on the Turn
Seat 2: 1485a810 (small blind) folded before Flop
Seat 3: Hero (big blind) folded before Flop
Seat 4: 6bccae3b folded before Flop (didn't bet)
Seat 5: be71a0eb folded before Flop (didn't bet)
Seat 6: 8ad8d6 won ($0.89)


Poker Hand #HD1157498538: Hold'em No Limit  ($0.02/$0.05) - 2023/03/12 21:52:01
Table 'NLHBlue20' 6-max Seat #6 is the button
Seat 1: 9608e61f ($10.64 in chips)
Seat 2: 1485a810 ($4.3 in chips)
Seat 3: Hero ($5 in chips)
Seat 4: 6bccae3b ($5.73 in chips)
Seat 5: be71a0eb ($5.07 in chips)
Seat 6: 8ad8d6 ($5.17 in chips)
9608e61f: posts small blind $0.02
1485a810: posts big blind $0.05
*** HOLE CARDS ***
Dealt to 9608e61f 
Dealt to 1485a810 
Dealt to Hero [7d 3h]
Dealt to 6bccae3b 
Dealt to be71a0eb 
Dealt to 8ad8d6 
Hero: folds
6bccae3b: folds
be71a0eb: raises $0.1 to $0.15
8ad8d6: folds
9608e61f: folds
1485a810: calls $0.1
*** FLOP *** [3c Ac Th]
1485a810: checks
be71a0eb: bets $0.24
1485a810: folds
Uncalled bet ($0.24) returned to be71a0eb
*** SHOWDOWN ***
be71a0eb collected $0.31 from pot
*** SUMMARY ***
Total pot $0.32 | Rake $0.01 | Jackpot $0 | Bingo $0 | Fortune $0
Board [3c Ac Th]
Seat 1: 9608e61f (small blind) folded before Flop
Seat 2: 1485a810 (big blind) folded on the Flop
Seat 3: Hero folded before Flop (didn't bet)
Seat 4: 6bccae3b folded before Flop (didn't bet)
Seat 5: be71a0eb won ($0.31)
Seat 6: 8ad8d6 (button) folded before Flop (didn't bet)


Poker Hand #HD1157498493: Hold'em No Limit  ($0.02/$0.05) - 2023/03/12 21:51:38
Table 'NLHBlue20' 6-max Seat #5 is the button
Seat 1: 9608e61f ($10.62 in chips)
Seat 2: 1485a810 ($4.3 in chips)
Seat 3: Hero ($5 in chips)
Seat 4: 6bccae3b ($5.73 in chips)
Seat 5: be71a0eb ($5.07 in chips)
Seat 6: 8ad8d6 ($5.19 in chips)
8ad8d6: posts small blind $0.02
9608e61f: posts big blind $0.05
*** HOLE CARDS ***
Dealt to 9608e61f 
Dealt to 1485a810 
Dealt to Hero [Jc 8d]
Dealt to 6bccae3b 
Dealt to be71a0eb 
Dealt to 8ad8d6 
1485a810: folds
Hero: folds
6bccae3b: folds
be71a0eb: folds
8ad8d6: folds
Uncalled bet ($0.03) returned to 9608e61f
*** SHOWDOWN ***
9608e61f collected $0.04 from pot
*** SUMMARY ***
Total pot $0.04 | Rake $0 | Jackpot $0 | Bingo $0 | Fortune $0
Seat 1: 9608e61f (big blind) collected ($0.04)
Seat 2: 1485a810 folded before Flop (didn't bet)
Seat 3: Hero folded before Flop (didn't bet)
Seat 4: 6bccae3b folded before Flop (didn't bet)
Seat 5: be71a0eb (button) folded before Flop (didn't bet)
Seat 6: 8ad8d6 (small blind) folded before Flop


Poker Hand #HD1157498461: Hold'em No Limit  ($0.02/$0.05) - 2023/03/12 21:51:23
Table 'NLHBlue20' 6-max Seat #4 is the button
Seat 1: 9608e61f ($10.62 in chips)
Seat 2: 1485a810 ($4.3 in chips)
Seat 3: Hero ($5 in chips)
Seat 4: 6bccae3b ($5.73 in chips)
Seat 5: be71a0eb ($5.09 in chips)
Seat 6: 8ad8d6 ($5.17 in chips)
be71a0eb: posts small blind $0.02
8ad8d6: posts big blind $0.05
*** HOLE CARDS ***
Dealt to 9608e61f 
Dealt to 1485a810 
Dealt to Hero [8s Jc]
Dealt to 6bccae3b 
Dealt to be71a0eb 
Dealt to 8ad8d6 
9608e61f: folds
1485a810: folds
Hero: folds
6bccae3b: folds
be71a0eb: folds
Uncalled bet ($0.03) returned to 8ad8d6
*** SHOWDOWN ***
8ad8d6 collected $0.04 from pot
*** SUMMARY ***
Total pot $0.04 | Rake $0 | Jackpot $0 | Bingo $0 | Fortune $0
Seat 1: 9608e61f folded before Flop (didn't bet)
Seat 2: 1485a810 folded before Flop (didn't bet)
Seat 3: Hero folded before Flop (didn't bet)
Seat 4: 6bccae3b (button) folded before Flop (didn't bet)
Seat 5: be71a0eb (small blind) folded before Flop
Seat 6: 8ad8d6 (big blind) collected ($0.04)


Poker Hand #HD1157498435: Hold'em No Limit  ($0.02/$0.05) - 2023/03/12 21:51:09
Table 'NLHBlue20' 6-max Seat #3 is the button
Seat 1: 9608e61f ($10.62 in chips)
Seat 2: 1485a810 ($4.3 in chips)
Seat 3: Hero ($5 in chips)
Seat 4: 6bccae3b ($5.75 in chips)
Seat 5: be71a0eb ($5.14 in chips)
Seat 6: 8ad8d6 ($5.1 in chips)
6bccae3b: posts small blind $0.02
be71a0eb: posts big blind $0.05
*** HOLE CARDS ***
Dealt to 9608e61f 
Dealt to 1485a810 
Dealt to Hero [3h 5h]
Dealt to 6bccae3b 
Dealt to be71a0eb 
Dealt to 8ad8d6 
8ad8d6: raises $0.08 to $0.13
9608e61f: folds
1485a810: folds
Hero: folds
6bccae3b: folds
be71a0eb: folds
Uncalled bet ($0.08) returned to 8ad8d6
*** SHOWDOWN ***
8ad8d6 collected $0.12 from pot
*** SUMMARY ***
Total pot $0.12 | Rake $0 | Jackpot $0 | Bingo $0 | Fortune $0
Seat 1: 9608e61f folded before Flop (didn't bet)
Seat 2: 1485a810 folded before Flop (didn't bet)
Seat 3: Hero (button) folded before Flop (didn't bet)
Seat 4: 6bccae3b (small blind) folded before Flop
Seat 5: be71a0eb (big blind) folded before Flop
Seat 6: 8ad8d6 collected ($0.12)


Poker Hand #HD1157498373: Hold'em No Limit  ($0.02/$0.05) - 2023/03/12 21:50:37
Table 'NLHBlue20' 6-max Seat #2 is the button
Seat 1: 9608e61f ($10.62 in chips)
Seat 2: 1485a810 ($4.19 in chips)
Seat 3: Hero ($5.02 in chips)
Seat 4: 6bccae3b ($5.85 in chips)
Seat 5: be71a0eb ($5.14 in chips)
Seat 6: 8ad8d6 ($5.1 in chips)
Hero: posts small blind $0.02
6bccae3b: posts big blind $0.05
*** HOLE CARDS ***
Dealt to 9608e61f 
Dealt to 1485a810 
Dealt to Hero [Ac 8d]
Dealt to 6bccae3b 
Dealt to be71a0eb 
Dealt to 8ad8d6 
be71a0eb: folds
8ad8d6: folds
9608e61f: folds
1485a810: raises $0.05 to $0.1
Hero: folds
6bccae3b: calls $0.05
*** FLOP *** [7c 9h 2d]
6bccae3b: checks
1485a810: bets $0.11
6bccae3b: folds
Uncalled bet ($0.11) returned to 1485a810
*** SHOWDOWN ***
1485a810 collected $0.21 from pot
*** SUMMARY ***
Total pot $0.22 | Rake $0.01 | Jackpot $0 | Bingo $0 | Fortune $0
Board [7c 9h 2d]
Seat 1: 9608e61f folded before Flop (didn't bet)
Seat 2: 1485a810 (button) won ($0.21)
Seat 3: Hero (small blind) folded before Flop
Seat 4: 6bccae3b (big blind) folded on the Flop
Seat 5: be71a0eb folded before Flop (didn't bet)
Seat 6: 8ad8d6 folded before Flop (didn't bet)


Poker Hand #HD1157498331: Hold'em No Limit  ($0.02/$0.05) - 2023/03/12 21:50:18
Table 'NLHBlue20' 6-max Seat #1 is the button
Seat 1: 9608e61f ($10.62 in chips)
Seat 2: 1485a810 ($4.21 in chips)
Seat 3: Hero ($5 in chips)
Seat 4: 6bccae3b ($5.85 in chips)
Seat 5: be71a0eb ($5.14 in chips)
Seat 6: 8ad8d6 ($5.1 in chips)
1485a810: posts small blind $0.02
Hero: posts big blind $0.05
*** HOLE CARDS ***
Dealt to 9608e61f 
Dealt to 1485a810 
Dealt to Hero [Qc 3d]
Dealt to 6bccae3b 
Dealt to be71a0eb 
Dealt to 8ad8d6 
6bccae3b: folds
be71a0eb: folds
8ad8d6: folds
9608e61f: folds
1485a810: folds
Uncalled bet ($0.03) returned to Hero
*** SHOWDOWN ***
Hero collected $0.04 from pot
*** SUMMARY ***
Total pot $0.04 | Rake $0 | Jackpot $0 | Bingo $0 | Fortune $0
Seat 1: 9608e61f (button) folded before Flop (didn't bet)
Seat 2: 1485a810 (small blind) folded before Flop
Seat 3: Hero (big blind) collected ($0.04)
Seat 4: 6bccae3b folded before Flop (didn't bet)
Seat 5: be71a0eb folded before Flop (didn't bet)
Seat 6: 8ad8d6 folded before Flop (didn't bet)


Poker Hand #HD1157498309: Hold'em No Limit  ($0.02/$0.05) - 2023/03/12 21:50:10
Table 'NLHBlue20' 6-max Seat #6 is the button
Seat 1: 9608e61f ($10.64 in chips)
Seat 2: 1485a810 ($4.19 in chips)
Seat 3: Hero ($5 in chips)
Seat 4: 6bccae3b ($5.85 in chips)
Seat 5: be71a0eb ($5.14 in chips)
Seat 6: 8ad8d6 ($5.1 in chips)
9608e61f: posts small blind $0.02
1485a810: posts big blind $0.05
*** HOLE CARDS ***
Dealt to 9608e61f 
Dealt to 1485a810 
Dealt to Hero [6c 3h]
Dealt to 6bccae3b 
Dealt to be71a0eb 
Dealt to 8ad8d6 
Hero: folds
6bccae3b: folds
be71a0eb: folds
8ad8d6: folds
9608e61f: folds
Uncalled bet ($0.03) returned to 1485a810
*** SHOWDOWN ***
1485a810 collected $0.04 from pot
*** SUMMARY ***
Total pot $0.04 | Rake $0 | Jackpot $0 | Bingo $0 | Fortune $0
Seat 1: 9608e61f (small blind) folded before Flop
Seat 2: 1485a810 (big blind) collected ($0.04)
Seat 3: Hero folded before Flop (didn't bet)
Seat 4: 6bccae3b folded before Flop (didn't bet)
Seat 5: be71a0eb folded before Flop (didn't bet)
Seat 6: 8ad8d6 (button) folded before Flop (didn't bet)


Poker Hand #HD1157498209: Hold'em No Limit  ($0.02/$0.05) - 2023/03/12 21:49:22
Table 'NLHBlue20' 6-max Seat #5 is the button
Seat 1: 9608e61f ($10.69 in chips)
Seat 2: 1485a810 ($4.8 in chips)
Seat 3: Hero ($5 in chips)
Seat 4: 6bccae3b ($5.85 in chips)
Seat 5: be71a0eb ($5.14 in chips)
Seat 6: 8ad8d6 ($4.5 in chips)
8ad8d6: posts small blind $0.02
9608e61f: posts big blind $0.05
*** HOLE CARDS ***
Dealt to 9608e61f 
Dealt to 1485a810 
Dealt to Hero [8d 3h]
Dealt to 6bccae3b 
Dealt to be71a0eb 
Dealt to 8ad8d6 
1485a810: raises $0.05 to $0.1
Hero: folds
6bccae3b: folds
be71a0eb: folds
8ad8d6: raises $0.19 to $0.29
9608e61f: folds
1485a810: calls $0.19
*** FLOP *** [Qc 7c Td]
8ad8d6: bets $0.32
1485a810: calls $0.32
*** TURN *** [Qc 7c Td] [Qs]
8ad8d6: checks
1485a810: checks
*** RIVER *** [Qc 7c Td Qs] [6h]
8ad8d6: checks
1485a810: checks
8ad8d6: shows [Qh As] (Three Queens)
1485a810: shows [9s Ad] (Pair of Queens)
*** SHOWDOWN ***
8ad8d6 collected $1.21 from pot
*** SUMMARY ***
Total pot $1.27 | Rake $0.06 | Jackpot $0 | Bingo $0 | Fortune $0
Board [Qc 7c Td Qs 6h]
Seat 1: 9608e61f (big blind) folded before Flop
Seat 2: 1485a810 showed [9s Ad] and lost with Pair of Queens
Seat 3: Hero folded before Flop (didn't bet)
Seat 4: 6bccae3b folded before Flop (didn't bet)
Seat 5: be71a0eb (button) folded before Flop (didn't bet)
Seat 6: 8ad8d6 (small blind) showed [Qh As] and won ($1.21) with Three Queens


Poker Hand #HD1157498151: Hold'em No Limit  ($0.02/$0.05) - 2023/03/12 21:48:51
Table 'NLHBlue20' 6-max Seat #4 is the button
Seat 1: 9608e61f ($10.69 in chips)
Seat 2: 1485a810 ($4.8 in chips)
Seat 3: Hero ($5 in chips)
Seat 4: 6bccae3b ($5.85 in chips)
Seat 5: be71a0eb ($5 in chips)
Seat 6: 8ad8d6 ($4.65 in chips)
be71a0eb: posts small blind $0.02
8ad8d6: posts big blind $0.05
*** HOLE CARDS ***
Dealt to 9608e61f 
Dealt to 1485a810 
Dealt to Hero [Js 3s]
Dealt to 6bccae3b 
Dealt to be71a0eb 
Dealt to 8ad8d6 
9608e61f: folds
1485a810: folds
Hero: folds
6bccae3b: folds
be71a0eb: raises $0.1 to $0.15
8ad8d6: calls $0.1
*** FLOP *** [Jh 9d 3c]
be71a0eb: bets $0.15
8ad8d6: folds
Uncalled bet ($0.15) returned to be71a0eb
*** SHOWDOWN ***
be71a0eb collected $0.29 from pot
*** SUMMARY ***
Total pot $0.3 | Rake $0.01 | Jackpot $0 | Bingo $0 | Fortune $0
Board [Jh 9d 3c]
Seat 1: 9608e61f folded before Flop (didn't bet)
Seat 2: 1485a810 folded before Flop (didn't bet)
Seat 3: Hero folded before Flop (didn't bet)
Seat 4: 6bccae3b (button) folded before Flop (didn't bet)
Seat 5: be71a0eb (small blind) won ($0.29)
Seat 6: 8ad8d6 (big blind) folded on the Flop


Poker Hand #HD1157498093: Hold'em No Limit  ($0.02/$0.05) - 2023/03/12 21:48:24
Table 'NLHBlue20' 6-max Seat #3 is the button
Seat 1: 9608e61f ($10.69 in chips)
Seat 2: 1485a810 ($4.69 in chips)
Seat 3: Hero ($5 in chips)
Seat 4: 6bccae3b ($5.87 in chips)
Seat 5: be71a0eb ($5 in chips)
Seat 6: 8ad8d6 ($4.65 in chips)
6bccae3b: posts small blind $0.02
be71a0eb: posts big blind $0.05
*** HOLE CARDS ***
Dealt to 9608e61f 
Dealt to 1485a810 
Dealt to Hero [Ts 5c]
Dealt to 6bccae3b 
Dealt to be71a0eb 
Dealt to 8ad8d6 
8ad8d6: folds
9608e61f: folds
1485a810: raises $0.05 to $0.1
Hero: folds
6bccae3b: folds
be71a0eb: calls $0.05
*** FLOP *** [7h 6h Td]
be71a0eb: checks
1485a810: bets $0.11
be71a0eb: folds
Uncalled bet ($0.11) returned to 1485a810
*** SHOWDOWN ***
1485a810 collected $0.21 from pot
*** SUMMARY ***
Total pot $0.22 | Rake $0.01 | Jackpot $0 | Bingo $0 | Fortune $0
Board [7h 6h Td]
Seat 1: 9608e61f folded before Flop (didn't bet)
Seat 2: 1485a810 won ($0.21)
Seat 3: Hero (button) folded before Flop (didn't bet)
Seat 4: 6bccae3b (small blind) folded before Flop
Seat 5: be71a0eb (big blind) folded on the Flop
Seat 6: 8ad8d6 folded before Flop (didn't bet)


Poker Hand #HD1157498030: Hold'em No Limit  ($0.02/$0.05) - 2023/03/12 21:47:57
Table 'NLHBlue20' 6-max Seat #2 is the button
Seat 1: 9608e61f ($10.69 in chips)
Seat 2: 1485a810 ($4.79 in chips)
Seat 3: Hero ($5 in chips)
Seat 4: 6bccae3b ($5.92 in chips)
Seat 5: be71a0eb ($5 in chips)
Seat 6: 8ad8d6 ($4.49 in chips)
Hero: posts small blind $0.02
6bccae3b: posts big blind $0.05
*** HOLE CARDS ***
Dealt to 9608e61f 
Dealt to 1485a810 
Dealt to Hero [Kd 5h]
Dealt to 6bccae3b 
Dealt to be71a0eb 
Dealt to 8ad8d6 
be71a0eb: folds
8ad8d6: raises $0.05 to $0.1
9608e61f: folds
1485a810: calls $0.1
Hero: folds
6bccae3b: folds
*** FLOP *** [Jh 8c 5d]
8ad8d6: bets $0.09
1485a810: folds
Uncalled bet ($0.09) returned to 8ad8d6
*** SHOWDOWN ***
8ad8d6 collected $0.26 from pot
*** SUMMARY ***
Total pot $0.27 | Rake $0.01 | Jackpot $0 | Bingo $0 | Fortune $0
Board [Jh 8c 5d]
Seat 1: 9608e61f folded before Flop (didn't bet)
Seat 2: 1485a810 (button) folded on the Flop
Seat 3: Hero (small blind) folded before Flop
Seat 4: 6bccae3b (big blind) folded before Flop
Seat 5: be71a0eb folded before Flop (didn't bet)
Seat 6: 8ad8d6 won ($0.26)


Poker Hand #HD1157497963: Hold'em No Limit  ($0.02/$0.05) - 2023/03/12 21:47:27
Table 'NLHBlue20' 6-max Seat #1 is the button
Seat 1: 9608e61f ($10.69 in chips)
Seat 2: 1485a810 ($4.55 in chips)
Seat 3: Hero ($5 in chips)
Seat 4: 6bccae3b ($5.92 in chips)
Seat 5: be71a0eb ($5 in chips)
Seat 6: 8ad8d6 ($4.62 in chips)
1485a810: posts small blind $0.02
Hero: posts big blind $0.05
*** HOLE CARDS ***
Dealt to 9608e61f 
Dealt to 1485a810 
Dealt to Hero [Kc Td]
Dealt to 6bccae3b 
Dealt to be71a0eb 
Dealt to 8ad8d6 
6bccae3b: folds
be71a0eb: folds
8ad8d6: raises $0.08 to $0.13
9608e61f: folds
1485a810: calls $0.11
Hero: calls $0.08
*** FLOP *** [9c 2s 7h]
1485a810: bets $0.2
Hero: folds
8ad8d6: folds
Uncalled bet ($0.2) returned to 1485a810
*** SHOWDOWN ***
1485a810 collected $0.37 from pot
*** SUMMARY ***
Total pot $0.39 | Rake $0.02 | Jackpot $0 | Bingo $0 | Fortune $0
Board [9c 2s 7h]
Seat 1: 9608e61f (button) folded before Flop (didn't bet)
Seat 2: 1485a810 (small blind) won ($0.37)
Seat 3: Hero (big blind) folded on the Flop
Seat 4: 6bccae3b folded before Flop (didn't bet)
Seat 5: be71a0eb folded before Flop (didn't bet)
Seat 6: 8ad8d6 folded on the Flop


Poker Hand #HD1157497853: Hold'em No Limit  ($0.02/$0.05) - 2023/03/12 21:46:32
Table 'NLHBlue20' 6-max Seat #6 is the button
Seat 1: 9608e61f ($10.42 in chips)
Seat 2: 1485a810 ($4.85 in chips)
Seat 3: Hero ($5 in chips)
Seat 4: 6bccae3b ($5.92 in chips)
Seat 5: be71a0eb ($5 in chips)
Seat 6: 8ad8d6 ($4.62 in chips)
9608e61f: posts small blind $0.02
1485a810: posts big blind $0.05
*** HOLE CARDS ***
Dealt to 9608e61f 
Dealt to 1485a810 
Dealt to Hero [9h 6c]
Dealt to 6bccae3b 
Dealt to be71a0eb 
Dealt to 8ad8d6 
Hero: folds
6bccae3b: folds
be71a0eb: folds
8ad8d6: folds
9608e61f: raises $0.1 to $0.15
1485a810: calls $0.1
*** FLOP *** [3h 8d Tc]
9608e61f: checks
1485a810: bets $0.15
9608e61f: calls $0.15
*** TURN *** [3h 8d Tc] [Ks]
9608e61f: checks
1485a810: checks
*** RIVER *** [3h 8d Tc Ks] [2d]
9608e61f: bets $0.4
1485a810: folds
Uncalled bet ($0.4) returned to 9608e61f
*** SHOWDOWN ***
9608e61f collected $0.57 from pot
*** SUMMARY ***
Total pot $0.6 | Rake $0.03 | Jackpot $0 | Bingo $0 | Fortune $0
Board [3h 8d Tc Ks 2d]
Seat 1: 9608e61f (small blind) won ($0.57)
Seat 2: 1485a810 (big blind) folded on the River
Seat 3: Hero folded before Flop (didn't bet)
Seat 4: 6bccae3b folded before Flop (didn't bet)
Seat 5: be71a0eb folded before Flop (didn't bet)
Seat 6: 8ad8d6 (button) folded before Flop (didn't bet)


Poker Hand #HD1157497833: Hold'em No Limit  ($0.02/$0.05) - 2023/03/12 21:46:19
Table 'NLHBlue20' 6-max Seat #5 is the button
Seat 1: 9608e61f ($10.47 in chips)
Seat 2: 1485a810 ($4.85 in chips)
Seat 3: Hero ($5 in chips)
Seat 4: 6bccae3b ($5.85 in chips)
Seat 5: be71a0eb ($5 in chips)
Seat 6: 8ad8d6 ($4.64 in chips)
8ad8d6: posts small blind $0.02
9608e61f: posts big blind $0.05
*** HOLE CARDS ***
Dealt to 9608e61f 
Dealt to 1485a810 
Dealt to Hero [Jc 3s]
Dealt to 6bccae3b 
Dealt to be71a0eb 
Dealt to 8ad8d6 
1485a810: folds
Hero: folds
6bccae3b: raises $0.09 to $0.14
be71a0eb: folds
8ad8d6: folds
9608e61f: folds
Uncalled bet ($0.09) returned to 6bccae3b
*** SHOWDOWN ***
6bccae3b collected $0.12 from pot
*** SUMMARY ***
Total pot $0.12 | Rake $0 | Jackpot $0 | Bingo $0 | Fortune $0
Seat 1: 9608e61f (big blind) folded before Flop
Seat 2: 1485a810 folded before Flop (didn't bet)
Seat 3: Hero folded before Flop (didn't bet)
Seat 4: 6bccae3b collected ($0.12)
Seat 5: be71a0eb (button) folded before Flop (didn't bet)
Seat 6: 8ad8d6 (small blind) folded before Flop


Poker Hand #HD1157497761: Hold'em No Limit  ($0.02/$0.05) - 2023/03/12 21:45:47
Table 'NLHBlue20' 6-max Seat #4 is the button
Seat 1: 9608e61f ($10.47 in chips)
Seat 2: 1485a810 ($4.85 in chips)
Seat 3: Hero ($5 in chips)
Seat 4: 6bccae3b ($6.74 in chips)
Seat 5: be71a0eb ($5 in chips)
Seat 6: 8ad8d6 ($3.86 in chips)
be71a0eb: posts small blind $0.02
8ad8d6: posts big blind $0.05
*** HOLE CARDS ***
Dealt to 9608e61f 
Dealt to 1485a810 
Dealt to Hero [As 6d]
Dealt to 6bccae3b 
Dealt to be71a0eb 
Dealt to 8ad8d6 
9608e61f: folds
1485a810: folds
Hero: folds
6bccae3b: raises $0.09 to $0.14
be71a0eb: folds
8ad8d6: calls $0.09
*** FLOP *** [8c 5h 7s]
8ad8d6: checks
6bccae3b: checks
*** TURN *** [8c 5h 7s] [Js]
8ad8d6: bets $0.23
6bccae3b: calls $0.23
*** RIVER *** [8c 5h 7s Js] [Ah]
8ad8d6: bets $0.52
6bccae3b: calls $0.52
8ad8d6: shows [4c 6c] (Eights-High Straight)
6bccae3b: shows [Ad Ts] (Pair of Aces)
*** SHOWDOWN ***
8ad8d6 collected $1.67 from pot
*** SUMMARY ***
Total pot $1.8 | Rake $0.08 | Jackpot $0.05 | Bingo $0 | Fortune $0
Board [8c 5h 7s Js Ah]
Seat 1: 9608e61f folded before Flop (didn't bet)
Seat 2: 1485a810 folded before Flop (didn't bet)
Seat 3: Hero folded before Flop (didn't bet)
Seat 4: 6bccae3b (button) showed [Ad Ts] and lost with Pair of Aces
Seat 5: be71a0eb (small blind) folded before Flop
Seat 6: 8ad8d6 (big blind) showed [4c 6c] and won ($1.67) with Eights-High Straight


Poker Hand #HD1157497699: Hold'em No Limit  ($0.02/$0.05) - 2023/03/12 21:45:21
Table 'NLHBlue20' 6-max Seat #3 is the button
Seat 1: 9608e61f ($10.47 in chips)
Seat 2: 1485a810 ($4.85 in chips)
Seat 3: Hero ($5 in chips)
Seat 4: 6bccae3b ($6.69 in chips)
Seat 5: be71a0eb ($5 in chips)
Seat 6: 8ad8d6 ($3.86 in chips)
6bccae3b: posts small blind $0.02
be71a0eb: posts big blind $0.05
*** HOLE CARDS ***
Dealt to 9608e61f 
Dealt to 1485a810 
Dealt to Hero [2d Th]
Dealt to 6bccae3b 
Dealt to be71a0eb 
Dealt to 8ad8d6 
8ad8d6: folds
9608e61f: folds
1485a810: folds
Hero: folds
6bccae3b: raises $0.11 to $0.16
be71a0eb: folds
Uncalled bet ($0.11) returned to 6bccae3b
*** SHOWDOWN ***
6bccae3b collected $0.1 from pot
*** SUMMARY ***
Total pot $0.1 | Rake $0 | Jackpot $0 | Bingo $0 | Fortune $0
Seat 1: 9608e61f folded before Flop (didn't bet)
Seat 2: 1485a810 folded before Flop (didn't bet)
Seat 3: Hero (button) folded before Flop (didn't bet)
Seat 4: 6bccae3b (small blind) collected ($0.1)
Seat 5: be71a0eb (big blind) folded before Flop
Seat 6: 8ad8d6 folded before Flop (didn't bet)


Poker Hand #HD1157497657: Hold'em No Limit  ($0.02/$0.05) - 2023/03/12 21:45:01
Table 'NLHBlue20' 6-max Seat #2 is the button
Seat 1: 9608e61f ($10.47 in chips)
Seat 2: 1485a810 ($4.78 in chips)
Seat 3: Hero ($5 in chips)
Seat 4: 6bccae3b ($6.74 in chips)
Seat 5: be71a0eb ($5 in chips)
Seat 6: 8ad8d6 ($3.86 in chips)
Hero: posts small blind $0.02
6bccae3b: posts big blind $0.05
*** HOLE CARDS ***
Dealt to 9608e61f 
Dealt to 1485a810 
Dealt to Hero [9c Kh]
Dealt to 6bccae3b 
Dealt to be71a0eb 
Dealt to 8ad8d6 
be71a0eb: folds
8ad8d6: folds
9608e61f: folds
1485a810: raises $0.05 to $0.1
Hero: folds
6bccae3b: folds
Uncalled bet ($0.05) returned to 1485a810
*** SHOWDOWN ***
1485a810 collected $0.12 from pot
*** SUMMARY ***
Total pot $0.12 | Rake $0 | Jackpot $0 | Bingo $0 | Fortune $0
Seat 1: 9608e61f folded before Flop (didn't bet)
Seat 2: 1485a810 (button) collected ($0.12)
Seat 3: Hero (small blind) folded before Flop
Seat 4: 6bccae3b (big blind) folded before Flop
Seat 5: be71a0eb folded before Flop (didn't bet)
Seat 6: 8ad8d6 folded before Flop (didn't bet)


Poker Hand #HD1157497535: Hold'em No Limit  ($0.02/$0.05) - 2023/03/12 21:43:59
Table 'NLHBlue20' 6-max Seat #1 is the button
Seat 1: 9608e61f ($8.7 in chips)
Seat 2: 1485a810 ($6.1 in chips)
Seat 3: Hero ($5.45 in chips)
Seat 4: 6bccae3b ($6.74 in chips)
Seat 5: be71a0eb ($5 in chips)
Seat 6: 8ad8d6 ($3.86 in chips)
1485a810: posts small blind $0.02
Hero: posts big blind $0.05
*** HOLE CARDS ***
Dealt to 9608e61f 
Dealt to 1485a810 
Dealt to Hero [Qd Td]
Dealt to 6bccae3b 
Dealt to be71a0eb 
Dealt to 8ad8d6 
6bccae3b: folds
be71a0eb: folds
8ad8d6: folds
9608e61f: raises $0.08 to $0.13
1485a810: calls $0.11
Hero: calls $0.08
*** FLOP *** [Ts 9h 3s]
1485a810: bets $0.2
Hero: calls $0.2
9608e61f: calls $0.2
*** TURN *** [Ts 9h 3s] [4h]
1485a810: bets $0.33
Hero: calls $0.33
9608e61f: calls $0.33
*** RIVER *** [Ts 9h 3s 4h] [5s]
1485a810: bets $0.66
Hero: folds
9608e61f: calls $0.66
1485a810: shows [Ad Tc] (Pair of Tens)
9608e61f: shows [Js 9s] (Jack High Flush)
*** SHOWDOWN ***
9608e61f collected $3.09 from pot
*** SUMMARY ***
Total pot $3.3 | Rake $0.16 | Jackpot $0.05 | Bingo $0 | Fortune $0
Board [Ts 9h 3s 4h 5s]
Seat 1: 9608e61f (button) showed [Js 9s] and won ($3.09) with Jack High Flush
Seat 2: 1485a810 (small blind) showed [Ad Tc] and lost with Pair of Tens
Seat 3: Hero (big blind) folded on the River
Seat 4: 6bccae3b folded before Flop (didn't bet)
Seat 5: be71a0eb folded before Flop (didn't bet)
Seat 6: 8ad8d6 folded before Flop (didn't bet)


Poker Hand #HD1157497464: Hold'em No Limit  ($0.02/$0.05) - 2023/03/12 21:43:26
Table 'NLHBlue20' 6-max Seat #6 is the button
Seat 1: 9608e61f ($8.51 in chips)
Seat 2: 1485a810 ($6.15 in chips)
Seat 3: Hero ($5.45 in chips)
Seat 4: 6bccae3b ($6.74 in chips)
Seat 5: be71a0eb ($5 in chips)
Seat 6: 8ad8d6 ($3.86 in chips)
9608e61f: posts small blind $0.02
1485a810: posts big blind $0.05
*** HOLE CARDS ***
Dealt to 9608e61f 
Dealt to 1485a810 
Dealt to Hero [Qh 6d]
Dealt to 6bccae3b 
Dealt to be71a0eb 
Dealt to 8ad8d6 
Hero: folds
6bccae3b: folds
be71a0eb: raises $0.1 to $0.15
8ad8d6: folds
9608e61f: raises $0.45 to $0.6
1485a810: folds
be71a0eb: folds
Uncalled bet ($0.45) returned to 9608e61f
*** SHOWDOWN ***
9608e61f collected $0.34 from pot
*** SUMMARY ***
Total pot $0.35 | Rake $0.01 | Jackpot $0 | Bingo $0 | Fortune $0
Seat 1: 9608e61f (small blind) collected ($0.34)
Seat 2: 1485a810 (big blind) folded before Flop
Seat 3: Hero folded before Flop (didn't bet)
Seat 4: 6bccae3b folded before Flop (didn't bet)
Seat 5: be71a0eb folded before Flop
Seat 6: 8ad8d6 (button) folded before Flop (didn't bet)


Poker Hand #HD1157497382: Hold'em No Limit  ($0.02/$0.05) - 2023/03/12 21:42:43
Table 'NLHBlue20' 6-max Seat #5 is the button
Seat 1: 9608e61f ($8.56 in chips)
Seat 2: 1485a810 ($6.15 in chips)
Seat 3: Hero ($5.45 in chips)
Seat 4: 6bccae3b ($6.74 in chips)
Seat 5: be71a0eb ($5.13 in chips)
Seat 6: 8ad8d6 ($3.5 in chips)
8ad8d6: posts small blind $0.02
9608e61f: posts big blind $0.05
*** HOLE CARDS ***
Dealt to 9608e61f 
Dealt to 1485a810 
Dealt to Hero [Js 4d]
Dealt to 6bccae3b 
Dealt to be71a0eb 
Dealt to 8ad8d6 
1485a810: folds
Hero: folds
6bccae3b: folds
be71a0eb: raises $0.07 to $0.12
8ad8d6: calls $0.1
9608e61f: folds
*** FLOP *** [5s 5d 4c]
8ad8d6: bets $0.22
be71a0eb: calls $0.22
*** TURN *** [5s 5d 4c] [Qs]
8ad8d6: bets $0.73
be71a0eb: folds
Uncalled bet ($0.73) returned to 8ad8d6
*** SHOWDOWN ***
8ad8d6 collected $0.7 from pot
*** SUMMARY ***
Total pot $0.73 | Rake $0.03 | Jackpot $0 | Bingo $0 | Fortune $0
Board [5s 5d 4c Qs]
Seat 1: 9608e61f (big blind) folded before Flop
Seat 2: 1485a810 folded before Flop (didn't bet)
Seat 3: Hero folded before Flop (didn't bet)
Seat 4: 6bccae3b folded before Flop (didn't bet)
Seat 5: be71a0eb (button) folded on the Turn
Seat 6: 8ad8d6 (small blind) won ($0.7)


Poker Hand #HD1157497347: Hold'em No Limit  ($0.02/$0.05) - 2023/03/12 21:42:30
Table 'NLHBlue20' 6-max Seat #4 is the button
Seat 1: 9608e61f ($8.56 in chips)
Seat 2: 1485a810 ($6.08 in chips)
Seat 3: Hero ($5.45 in chips)
Seat 4: 6bccae3b ($6.74 in chips)
Seat 5: be71a0eb ($5.15 in chips)
Seat 6: 8ad8d6 ($3.5 in chips)
be71a0eb: posts small blind $0.02
8ad8d6: posts big blind $0.05
*** HOLE CARDS ***
Dealt to 9608e61f 
Dealt to 1485a810 
Dealt to Hero [Ac 7d]
Dealt to 6bccae3b 
Dealt to be71a0eb 
Dealt to 8ad8d6 
9608e61f: folds
1485a810: raises $0.05 to $0.1
Hero: folds
6bccae3b: folds
be71a0eb: folds
8ad8d6: folds
Uncalled bet ($0.05) returned to 1485a810
*** SHOWDOWN ***
1485a810 collected $0.12 from pot
*** SUMMARY ***
Total pot $0.12 | Rake $0 | Jackpot $0 | Bingo $0 | Fortune $0
Seat 1: 9608e61f folded before Flop (didn't bet)
Seat 2: 1485a810 collected ($0.12)
Seat 3: Hero folded before Flop (didn't bet)
Seat 4: 6bccae3b (button) folded before Flop (didn't bet)
Seat 5: be71a0eb (small blind) folded before Flop
Seat 6: 8ad8d6 (big blind) folded before Flop


Poker Hand #HD1157497244: Hold'em No Limit  ($0.02/$0.05) - 2023/03/12 21:41:35
Table 'NLHBlue20' 6-max Seat #3 is the button
Seat 1: 9608e61f ($8.56 in chips)
Seat 2: 1485a810 ($6.08 in chips)
Seat 3: Hero ($5.45 in chips)
Seat 4: 6bccae3b ($6.9 in chips)
Seat 5: be71a0eb ($5 in chips)
Seat 6: 8ad8d6 ($3.5 in chips)
6bccae3b: posts small blind $0.02
be71a0eb: posts big blind $0.05
*** HOLE CARDS ***
Dealt to 9608e61f 
Dealt to 1485a810 
Dealt to Hero [3c 5d]
Dealt to 6bccae3b 
Dealt to be71a0eb 
Dealt to 8ad8d6 
8ad8d6: folds
9608e61f: folds
1485a810: folds
Hero: folds
6bccae3b: raises $0.11 to $0.16
be71a0eb: calls $0.11
*** FLOP *** [Ad 7c 4s]
6bccae3b: checks
be71a0eb: checks
*** TURN *** [Ad 7c 4s] [9d]
6bccae3b: checks
be71a0eb: bets $0.2
6bccae3b: folds
Uncalled bet ($0.2) returned to be71a0eb
*** SHOWDOWN ***
be71a0eb collected $0.31 from pot
*** SUMMARY ***
Total pot $0.32 | Rake $0.01 | Jackpot $0 | Bingo $0 | Fortune $0
Board [Ad 7c 4s 9d]
Seat 1: 9608e61f folded before Flop (didn't bet)
Seat 2: 1485a810 folded before Flop (didn't bet)
Seat 3: Hero (button) folded before Flop (didn't bet)
Seat 4: 6bccae3b (small blind) folded on the Turn
Seat 5: be71a0eb (big blind) won ($0.31)
Seat 6: 8ad8d6 folded before Flop (didn't bet)


Poker Hand #HD1157497194: Hold'em No Limit  ($0.02/$0.05) - 2023/03/12 21:41:09
Table 'NLHBlue20' 6-max Seat #2 is the button
Seat 1: 9608e61f ($8.56 in chips)
Seat 2: 1485a810 ($6.08 in chips)
Seat 3: Hero ($5.59 in chips)
Seat 4: 6bccae3b ($6.77 in chips)
Seat 5: be71a0eb ($5 in chips)
Seat 6: 8ad8d6 ($3.5 in chips)
Hero: posts small blind $0.02
6bccae3b: posts big blind $0.05
*** HOLE CARDS ***
Dealt to 9608e61f 
Dealt to 1485a810 
Dealt to Hero [3s Ah]
Dealt to 6bccae3b 
Dealt to be71a0eb 
Dealt to 8ad8d6 
be71a0eb: folds
8ad8d6: folds
9608e61f: folds
1485a810: folds
Hero: raises $0.09 to $0.14
6bccae3b: calls $0.09
*** FLOP *** [Qs 6d 7c]
Hero: checks
6bccae3b: bets $0.18
Hero: folds
Uncalled bet ($0.18) returned to 6bccae3b
*** SHOWDOWN ***
6bccae3b collected $0.27 from pot
*** SUMMARY ***
Total pot $0.28 | Rake $0.01 | Jackpot $0 | Bingo $0 | Fortune $0
Board [Qs 6d 7c]
Seat 1: 9608e61f folded before Flop (didn't bet)
Seat 2: 1485a810 (button) folded before Flop (didn't bet)
Seat 3: Hero (small blind) folded on the Flop
Seat 4: 6bccae3b (big blind) won ($0.27)
Seat 5: be71a0eb folded before Flop (didn't bet)
Seat 6: 8ad8d6 folded before Flop (didn't bet)


Poker Hand #HD1157497122: Hold'em No Limit  ($0.02/$0.05) - 2023/03/12 21:40:28
Table 'NLHBlue20' 6-max Seat #1 is the button
Seat 1: 9608e61f ($8.56 in chips)
Seat 2: 1485a810 ($6.18 in chips)
Seat 3: Hero ($5 in chips)
Seat 4: 6bccae3b ($6.77 in chips)
Seat 5: be71a0eb ($5 in chips)
Seat 6: 8ad8d6 ($4.01 in chips)
1485a810: posts small blind $0.02
Hero: posts big blind $0.05
*** HOLE CARDS ***
Dealt to 9608e61f 
Dealt to 1485a810 
Dealt to Hero [Kh Kd]
Dealt to 6bccae3b 
Dealt to be71a0eb 
Dealt to 8ad8d6 
6bccae3b: folds
be71a0eb: folds
8ad8d6: raises $0.05 to $0.1
9608e61f: folds
1485a810: calls $0.08
Hero: raises $0.45 to $0.55
8ad8d6: calls $0.45
1485a810: folds
*** FLOP *** [Ah Kc 6s]
Hero: bets $0.6
8ad8d6: folds
Uncalled bet ($0.6) returned to Hero
*** SHOWDOWN ***
Hero collected $1.14 from pot
*** SUMMARY ***
Total pot $1.2 | Rake $0.06 | Jackpot $0 | Bingo $0 | Fortune $0
Board [Ah Kc 6s]
Seat 1: 9608e61f (button) folded before Flop (didn't bet)
Seat 2: 1485a810 (small blind) folded before Flop
Seat 3: Hero (big blind) won ($1.14)
Seat 4: 6bccae3b folded before Flop (didn't bet)
Seat 5: be71a0eb folded before Flop (didn't bet)
Seat 6: 8ad8d6 folded on the Flop


Poker Hand #HD1157497065: Hold'em No Limit  ($0.02/$0.05) - 2023/03/12 21:40:01
Table 'NLHBlue20' 6-max Seat #6 is the button
Seat 1: 9608e61f ($8.29 in chips)
Seat 2: 1485a810 ($6.48 in chips)
Seat 3: Hero ($5 in chips)
Seat 4: 6bccae3b ($6.77 in chips)
Seat 5: be71a0eb ($5 in chips)
Seat 6: 8ad8d6 ($4.01 in chips)
9608e61f: posts small blind $0.02
1485a810: posts big blind $0.05
*** HOLE CARDS ***
Dealt to 9608e61f 
Dealt to 1485a810 
Dealt to Hero [6h 4h]
Dealt to 6bccae3b 
Dealt to be71a0eb 
Dealt to 8ad8d6 
Hero: folds
6bccae3b: folds
be71a0eb: folds
8ad8d6: folds
9608e61f: raises $0.1 to $0.15
1485a810: calls $0.1
*** FLOP *** [6d Ad 8s]
9608e61f: bets $0.15
1485a810: calls $0.15
*** TURN *** [6d Ad 8s] [Qh]
9608e61f: bets $0.45
1485a810: folds
Uncalled bet ($0.45) returned to 9608e61f
*** SHOWDOWN ***
9608e61f collected $0.57 from pot
*** SUMMARY ***
Total pot $0.6 | Rake $0.03 | Jackpot $0 | Bingo $0 | Fortune $0
Board [6d Ad 8s Qh]
Seat 1: 9608e61f (small blind) won ($0.57)
Seat 2: 1485a810 (big blind) folded on the Turn
Seat 3: Hero folded before Flop (didn't bet)
Seat 4: 6bccae3b folded before Flop (didn't bet)
Seat 5: be71a0eb folded before Flop (didn't bet)
Seat 6: 8ad8d6 (button) folded before Flop (didn't bet)


Poker Hand #HD1157497039: Hold'em No Limit  ($0.02/$0.05) - 2023/03/12 21:39:46
Table 'NLHBlue20' 6-max Seat #5 is the button
Seat 1: 9608e61f ($8.27 in chips)
Seat 2: 1485a810 ($6.48 in chips)
Seat 3: Hero ($5 in chips)
Seat 4: 6bccae3b ($6.77 in chips)
Seat 5: be71a0eb ($5 in chips)
Seat 6: 8ad8d6 ($4.03 in chips)
8ad8d6: posts small blind $0.02
9608e61f: posts big blind $0.05
*** HOLE CARDS ***
Dealt to 9608e61f 
Dealt to 1485a810 
Dealt to Hero [8s 4d]
Dealt to 6bccae3b 
Dealt to be71a0eb 
Dealt to 8ad8d6 
1485a810: folds
Hero: folds
6bccae3b: folds
be71a0eb: folds
8ad8d6: folds
Uncalled bet ($0.03) returned to 9608e61f
*** SHOWDOWN ***
9608e61f collected $0.04 from pot
*** SUMMARY ***
Total pot $0.04 | Rake $0 | Jackpot $0 | Bingo $0 | Fortune $0
Seat 1: 9608e61f (big blind) collected ($0.04)
Seat 2: 1485a810 folded before Flop (didn't bet)
Seat 3: Hero folded before Flop (didn't bet)
Seat 4: 6bccae3b folded before Flop (didn't bet)
Seat 5: be71a0eb (button) folded before Flop (didn't bet)
Seat 6: 8ad8d6 (small blind) folded before Flop


Poker Hand #HD1157496963: Hold'em No Limit  ($0.02/$0.05) - 2023/03/12 21:39:09
Table 'NLHBlue20' 6-max Seat #4 is the button
Seat 1: 9608e61f ($8.27 in chips)
Seat 2: 1485a810 ($6.88 in chips)
Seat 3: Hero ($5 in chips)
Seat 4: 6bccae3b ($6.34 in chips)
Seat 5: be71a0eb ($5 in chips)
Seat 6: 8ad8d6 ($4.08 in chips)
be71a0eb: posts small blind $0.02
8ad8d6: posts big blind $0.05
*** HOLE CARDS ***
Dealt to 9608e61f 
Dealt to 1485a810 
Dealt to Hero [8c 5c]
Dealt to 6bccae3b 
Dealt to be71a0eb 
Dealt to 8ad8d6 
9608e61f: folds
1485a810: raises $0.05 to $0.1
Hero: folds
6bccae3b: raises $0.3 to $0.4
be71a0eb: folds
8ad8d6: folds
1485a810: calls $0.3
*** FLOP *** [5d 7d 3d]
1485a810: checks
6bccae3b: checks
*** TURN *** [5d 7d 3d] [Ac]
1485a810: checks
6bccae3b: checks
*** RIVER *** [5d 7d 3d Ac] [2d]
1485a810: checks
6bccae3b: checks
1485a810: shows [Jc Ah] (Pair of Aces)
6bccae3b: shows [As Qc] (Pair of Aces)
*** SHOWDOWN ***
6bccae3b collected $0.83 from pot
*** SUMMARY ***
Total pot $0.87 | Rake $0.04 | Jackpot $0 | Bingo $0 | Fortune $0
Board [5d 7d 3d Ac 2d]
Seat 1: 9608e61f folded before Flop (didn't bet)
Seat 2: 1485a810 showed [Jc Ah] and lost with Pair of Aces
Seat 3: Hero folded before Flop (didn't bet)
Seat 4: 6bccae3b (button) showed [As Qc] and won ($0.83) with Pair of Aces
Seat 5: be71a0eb (small blind) folded before Flop
Seat 6: 8ad8d6 (big blind) folded before Flop


Poker Hand #HD1157496868: Hold'em No Limit  ($0.02/$0.05) - 2023/03/12 21:38:31
Table 'NLHBlue20' 6-max Seat #3 is the button
Seat 1: 9608e61f ($8.27 in chips)
Seat 2: 1485a810 ($6.68 in chips)
Seat 3: Hero ($5 in chips)
Seat 4: 6bccae3b ($6.36 in chips)
Seat 5: be71a0eb ($5 in chips)
Seat 6: 8ad8d6 ($4.08 in chips)
6bccae3b: posts small blind $0.02
be71a0eb: posts big blind $0.05
*** HOLE CARDS ***
Dealt to 9608e61f 
Dealt to 1485a810 
Dealt to Hero [2d 3h]
Dealt to 6bccae3b 
Dealt to be71a0eb 
Dealt to 8ad8d6 
8ad8d6: folds
9608e61f: folds
1485a810: raises $0.05 to $0.1
Hero: folds
6bccae3b: folds
be71a0eb: calls $0.05
*** FLOP *** [As 4s 8c]
be71a0eb: checks
1485a810: bets $0.1
be71a0eb: calls $0.1
*** TURN *** [As 4s 8c] [5h]
be71a0eb: checks
1485a810: bets $0.32
be71a0eb: folds
Uncalled bet ($0.32) returned to 1485a810
*** SHOWDOWN ***
1485a810 collected $0.4 from pot
*** SUMMARY ***
Total pot $0.42 | Rake $0.02 | Jackpot $0 | Bingo $0 | Fortune $0
Board [As 4s 8c 5h]
Seat 1: 9608e61f folded before Flop (didn't bet)
Seat 2: 1485a810 won ($0.4)
Seat 3: Hero (button) folded before Flop (didn't bet)
Seat 4: 6bccae3b (small blind) folded before Flop
Seat 5: be71a0eb (big blind) folded on the Turn
Seat 6: 8ad8d6 folded before Flop (didn't bet)


Poker Hand #HD1157496823: Hold'em No Limit  ($0.02/$0.05) - 2023/03/12 21:38:14
Table 'NLHBlue20' 6-max Seat #2 is the button
Seat 1: 9608e61f ($8.2 in chips)
Seat 2: 1485a810 ($6.68 in chips)
Seat 3: Hero ($5.02 in chips)
Seat 4: 6bccae3b ($6.41 in chips)
Seat 5: be71a0eb ($5 in chips)
Seat 6: 8ad8d6 ($4.08 in chips)
Hero: posts small blind $0.02
6bccae3b: posts big blind $0.05
*** HOLE CARDS ***
Dealt to 9608e61f 
Dealt to 1485a810 
Dealt to Hero [9d 9h]
Dealt to 6bccae3b 
Dealt to be71a0eb 
Dealt to 8ad8d6 
be71a0eb: folds
8ad8d6: folds
9608e61f: raises $0.08 to $0.13
1485a810: folds
Hero: folds
6bccae3b: folds
Uncalled bet ($0.08) returned to 9608e61f
*** SHOWDOWN ***
9608e61f collected $0.12 from pot
*** SUMMARY ***
Total pot $0.12 | Rake $0 | Jackpot $0 | Bingo $0 | Fortune $0
Seat 1: 9608e61f collected ($0.12)
Seat 2: 1485a810 (button) folded before Flop (didn't bet)
Seat 3: Hero (small blind) folded before Flop
Seat 4: 6bccae3b (big blind) folded before Flop
Seat 5: be71a0eb folded before Flop (didn't bet)
Seat 6: 8ad8d6 folded before Flop (didn't bet)


Poker Hand #HD1157496796: Hold'em No Limit  ($0.02/$0.05) - 2023/03/12 21:38:00
Table 'NLHBlue20' 6-max Seat #1 is the button
Seat 1: 9608e61f ($8.2 in chips)
Seat 2: 1485a810 ($6.63 in chips)
Seat 3: Hero ($5.07 in chips)
Seat 4: 6bccae3b ($6.41 in chips)
Seat 5: be71a0eb ($5 in chips)
Seat 6: 8ad8d6 ($4.08 in chips)
1485a810: posts small blind $0.02
Hero: posts big blind $0.05
*** HOLE CARDS ***
Dealt to 9608e61f 
Dealt to 1485a810 
Dealt to Hero [4s 6d]
Dealt to 6bccae3b 
Dealt to be71a0eb 
Dealt to 8ad8d6 
6bccae3b: folds
be71a0eb: folds
8ad8d6: folds
9608e61f: folds
1485a810: raises $0.05 to $0.1
Hero: folds
Uncalled bet ($0.05) returned to 1485a810
*** SHOWDOWN ***
1485a810 collected $0.1 from pot
*** SUMMARY ***
Total pot $0.1 | Rake $0 | Jackpot $0 | Bingo $0 | Fortune $0
Seat 1: 9608e61f (button) folded before Flop (didn't bet)
Seat 2: 1485a810 (small blind) collected ($0.1)
Seat 3: Hero (big blind) folded before Flop
Seat 4: 6bccae3b folded before Flop (didn't bet)
Seat 5: be71a0eb folded before Flop (didn't bet)
Seat 6: 8ad8d6 folded before Flop (didn't bet)


Poker Hand #HD1157496699: Hold'em No Limit  ($0.02/$0.05) - 2023/03/12 21:37:16
Table 'NLHBlue20' 6-max Seat #6 is the button
Seat 1: 9608e61f ($8.22 in chips)
Seat 2: 1485a810 ($6.84 in chips)
Seat 3: Hero ($5.07 in chips)
Seat 4: 6bccae3b ($6.41 in chips)
Seat 5: be71a0eb ($5 in chips)
Seat 6: 8ad8d6 ($3.87 in chips)
9608e61f: posts small blind $0.02
1485a810: posts big blind $0.05
*** HOLE CARDS ***
Dealt to 9608e61f 
Dealt to 1485a810 
Dealt to Hero [2h 9c]
Dealt to 6bccae3b 
Dealt to be71a0eb 
Dealt to 8ad8d6 
Hero: folds
6bccae3b: folds
be71a0eb: folds
8ad8d6: raises $0.05 to $0.1
9608e61f: folds
1485a810: calls $0.05
*** FLOP *** [Kd 7d 7h]
1485a810: checks
8ad8d6: bets $0.11
1485a810: calls $0.11
*** TURN *** [Kd 7d 7h] [Js]
1485a810: checks
8ad8d6: bets $0.44
1485a810: folds
Uncalled bet ($0.44) returned to 8ad8d6
*** SHOWDOWN ***
8ad8d6 collected $0.42 from pot
*** SUMMARY ***
Total pot $0.44 | Rake $0.02 | Jackpot $0 | Bingo $0 | Fortune $0
Board [Kd 7d 7h Js]
Seat 1: 9608e61f (small blind) folded before Flop
Seat 2: 1485a810 (big blind) folded on the Turn
Seat 3: Hero folded before Flop (didn't bet)
Seat 4: 6bccae3b folded before Flop (didn't bet)
Seat 5: be71a0eb folded before Flop (didn't bet)
Seat 6: 8ad8d6 (button) won ($0.42)


Poker Hand #HD1157496653: Hold'em No Limit  ($0.02/$0.05) - 2023/03/12 21:36:56
Table 'NLHBlue20' 6-max Seat #5 is the button
Seat 1: 9608e61f ($8.27 in chips)
Seat 2: 1485a810 ($6.84 in chips)
Seat 3: Hero ($5 in chips)
Seat 4: 6bccae3b ($6.41 in chips)
Seat 5: be71a0eb ($5 in chips)
Seat 6: 8ad8d6 ($3.89 in chips)
8ad8d6: posts small blind $0.02
9608e61f: posts big blind $0.05
*** HOLE CARDS ***
Dealt to 9608e61f 
Dealt to 1485a810 
Dealt to Hero [4d 3d]
Dealt to 6bccae3b 
Dealt to be71a0eb 
Dealt to 8ad8d6 
1485a810: folds
Hero: raises $0.07 to $0.12
6bccae3b: folds
be71a0eb: folds
8ad8d6: folds
9608e61f: folds
Uncalled bet ($0.07) returned to Hero
*** SHOWDOWN ***
Hero collected $0.12 from pot
*** SUMMARY ***
Total pot $0.12 | Rake $0 | Jackpot $0 | Bingo $0 | Fortune $0
Seat 1: 9608e61f (big blind) folded before Flop
Seat 2: 1485a810 folded before Flop (didn't bet)
Seat 3: Hero collected ($0.12)
Seat 4: 6bccae3b folded before Flop (didn't bet)
Seat 5: be71a0eb (button) folded before Flop (didn't bet)
Seat 6: 8ad8d6 (small blind) folded before Flop


Poker Hand #HD1157496564: Hold'em No Limit  ($0.02/$0.05) - 2023/03/12 21:36:16
Table 'NLHBlue20' 6-max Seat #4 is the button
Seat 1: 9608e61f ($8.27 in chips)
Seat 2: 1485a810 ($6.73 in chips)
Seat 3: Hero ($5 in chips)
Seat 4: 6bccae3b ($6.41 in chips)
Seat 5: be71a0eb ($5 in chips)
Seat 6: 8ad8d6 ($3.99 in chips)
be71a0eb: posts small blind $0.02
8ad8d6: posts big blind $0.05
*** HOLE CARDS ***
Dealt to 9608e61f 
Dealt to 1485a810 
Dealt to Hero [6s 3s]
Dealt to 6bccae3b 
Dealt to be71a0eb 
Dealt to 8ad8d6 
9608e61f: folds
1485a810: raises $0.05 to $0.1
Hero: folds
6bccae3b: folds
be71a0eb: folds
8ad8d6: calls $0.05
*** FLOP *** [7h 5s 7d]
8ad8d6: checks
1485a810: bets $0.11
8ad8d6: folds
Uncalled bet ($0.11) returned to 1485a810
*** SHOWDOWN ***
1485a810 collected $0.21 from pot
*** SUMMARY ***
Total pot $0.22 | Rake $0.01 | Jackpot $0 | Bingo $0 | Fortune $0
Board [7h 5s 7d]
Seat 1: 9608e61f folded before Flop (didn't bet)
Seat 2: 1485a810 won ($0.21)
Seat 3: Hero folded before Flop (didn't bet)
Seat 4: 6bccae3b (button) folded before Flop (didn't bet)
Seat 5: be71a0eb (small blind) folded before Flop
Seat 6: 8ad8d6 (big blind) folded on the Flop


Poker Hand #HD1157496522: Hold'em No Limit  ($0.02/$0.05) - 2023/03/12 21:35:56
Table 'NLHBlue20' 6-max Seat #3 is the button
Seat 1: 9608e61f ($8.27 in chips)
Seat 2: 1485a810 ($6.57 in chips)
Seat 3: Hero ($5 in chips)
Seat 4: 6bccae3b ($6.43 in chips)
Seat 5: be71a0eb ($5 in chips)
Seat 6: 8ad8d6 ($4.09 in chips)
6bccae3b: posts small blind $0.02
be71a0eb: posts big blind $0.05
*** HOLE CARDS ***
Dealt to 9608e61f 
Dealt to 1485a810 
Dealt to Hero [Th 7c]
Dealt to 6bccae3b 
Dealt to be71a0eb 
Dealt to 8ad8d6 
8ad8d6: raises $0.05 to $0.1
9608e61f: folds
1485a810: calls $0.1
Hero: folds
6bccae3b: folds
be71a0eb: folds
*** FLOP *** [4d 6d 4s]
8ad8d6: checks
1485a810: bets $0.14
8ad8d6: folds
Uncalled bet ($0.14) returned to 1485a810
*** SHOWDOWN ***
1485a810 collected $0.26 from pot
*** SUMMARY ***
Total pot $0.27 | Rake $0.01 | Jackpot $0 | Bingo $0 | Fortune $0
Board [4d 6d 4s]
Seat 1: 9608e61f folded before Flop (didn't bet)
Seat 2: 1485a810 won ($0.26)
Seat 3: Hero (button) folded before Flop (didn't bet)
Seat 4: 6bccae3b (small blind) folded before Flop
Seat 5: be71a0eb (big blind) folded before Flop
Seat 6: 8ad8d6 folded on the Flop


Poker Hand #HD1157496425: Hold'em No Limit  ($0.02/$0.05) - 2023/03/12 21:35:13
Table 'NLHBlue20' 6-max Seat #2 is the button
Seat 1: 9608e61f ($8.27 in chips)
Seat 2: 1485a810 ($6.99 in chips)
Seat 3: Hero ($5 in chips)
Seat 4: 6bccae3b ($6.48 in chips)
Seat 5: be71a0eb ($5 in chips)
Seat 6: 8ad8d6 ($3.64 in chips)
Hero: posts small blind $0.02
6bccae3b: posts big blind $0.05
*** HOLE CARDS ***
Dealt to 9608e61f 
Dealt to 1485a810 
Dealt to Hero [Jc Ts]
Dealt to 6bccae3b 
Dealt to be71a0eb 
Dealt to 8ad8d6 
be71a0eb: folds
8ad8d6: raises $0.05 to $0.1
9608e61f: folds
1485a810: calls $0.1
Hero: folds
6bccae3b: folds
*** FLOP *** [4s 4d 6s]
8ad8d6: bets $0.09
1485a810: calls $0.09
*** TURN *** [4s 4d 6s] [7c]
8ad8d6: bets $0.23
1485a810: calls $0.23
*** RIVER *** [4s 4d 6s 7c] [5d]
8ad8d6: bets $0.91
1485a810: folds
Uncalled bet ($0.91) returned to 8ad8d6
*** SHOWDOWN ***
8ad8d6 collected $0.87 from pot
*** SUMMARY ***
Total pot $0.91 | Rake $0.04 | Jackpot $0 | Bingo $0 | Fortune $0
Board [4s 4d 6s 7c 5d]
Seat 1: 9608e61f folded before Flop (didn't bet)
Seat 2: 1485a810 (button) folded on the River
Seat 3: Hero (small blind) folded before Flop
Seat 4: 6bccae3b (big blind) folded before Flop
Seat 5: be71a0eb folded before Flop (didn't bet)
Seat 6: 8ad8d6 won ($0.87)


Poker Hand #HD1157496363: Hold'em No Limit  ($0.02/$0.05) - 2023/03/12 21:34:48
Table 'NLHBlue20' 6-max Seat #1 is the button
Seat 1: 9608e61f ($8.27 in chips)
Seat 2: 1485a810 ($7.01 in chips)
Seat 3: Hero ($5 in chips)
Seat 4: 6bccae3b ($6.48 in chips)
Seat 5: be71a0eb ($5 in chips)
Seat 6: 8ad8d6 ($3.5 in chips)
1485a810: posts small blind $0.02
Hero: posts big blind $0.05
*** HOLE CARDS ***
Dealt to 9608e61f 
Dealt to 1485a810 
Dealt to Hero [3c Ah]
Dealt to 6bccae3b 
Dealt to be71a0eb 
Dealt to 8ad8d6 
6bccae3b: folds
be71a0eb: folds
8ad8d6: raises $0.08 to $0.13
9608e61f: folds
1485a810: folds
Hero: calls $0.08
*** FLOP *** [Qs 5d 6h]
Hero: checks
8ad8d6: bets $0.1
Hero: folds
Uncalled bet ($0.1) returned to 8ad8d6
*** SHOWDOWN ***
8ad8d6 collected $0.27 from pot
*** SUMMARY ***
Total pot $0.28 | Rake $0.01 | Jackpot $0 | Bingo $0 | Fortune $0
Board [Qs 5d 6h]
Seat 1: 9608e61f (button) folded before Flop (didn't bet)
Seat 2: 1485a810 (small blind) folded before Flop
Seat 3: Hero (big blind) folded on the Flop
Seat 4: 6bccae3b folded before Flop (didn't bet)
Seat 5: be71a0eb folded before Flop (didn't bet)
Seat 6: 8ad8d6 won ($0.27)


