Poker Hand #HD1218773811: Hold'em No Limit ($0.02/$0.05) - 2023/04/26 20:17:29
Table 'NLHBlue25' 6-max Seat #5 is the button
Seat 1: 4659f38e ($6.08 in chips)
Seat 2: Hero ($5.29 in chips)
Seat 3: e2d147f7 ($3.34 in chips)
Seat 4: d6e27602 ($8.56 in chips)
Seat 5: f45f59b9 ($5 in chips)
Seat 6: c56873ab ($10.19 in chips)
c56873ab: posts small blind $0.02
4659f38e: posts big blind $0.05
*** HOLE CARDS ***
Dealt to 4659f38e 
Dealt to Hero [Jd Qs]
Dealt to e2d147f7 
Dealt to d6e27602 
Dealt to f45f59b9 
Dealt to c56873ab 
Hero: folds
e2d147f7: folds
d6e27602: folds
f45f59b9: folds
c56873ab: folds
Uncalled bet ($0.03) returned to 4659f38e
*** SHOWDOWN ***
4659f38e collected $0.04 from pot
*** SUMMARY ***
Total pot $0.04 | Rake $0 | Jackpot $0 | Bingo $0 | Fortune $0 | Tax $0
Seat 1: 4659f38e (big blind) collected ($0.04)
Seat 2: Hero folded before Flop (didn't bet)
Seat 3: e2d147f7 folded before Flop (didn't bet)
Seat 4: d6e27602 folded before Flop (didn't bet)
Seat 5: f45f59b9 (button) folded before Flop (didn't bet)
Seat 6: c56873ab (small blind) folded before Flop


Poker Hand #HD1218773758: Hold'em No Limit ($0.02/$0.05) - 2023/04/26 20:17:04
Table 'NLHBlue25' 6-max Seat #4 is the button
Seat 1: 4659f38e ($6.08 in chips)
Seat 2: Hero ($5.22 in chips)
Seat 3: e2d147f7 ($3.34 in chips)
Seat 4: d6e27602 ($8.56 in chips)
Seat 5: f45f59b9 ($5.02 in chips)
Seat 6: c56873ab ($10.24 in chips)
f45f59b9: posts small blind $0.02
c56873ab: posts big blind $0.05
*** HOLE CARDS ***
Dealt to 4659f38e 
Dealt to Hero [Ah 7h]
Dealt to e2d147f7 
Dealt to d6e27602 
Dealt to f45f59b9 
Dealt to c56873ab 
4659f38e: folds
Hero: raises $0.07 to $0.12
e2d147f7: folds
d6e27602: folds
f45f59b9: folds
c56873ab: folds
Uncalled bet ($0.07) returned to Hero
*** SHOWDOWN ***
Hero collected $0.12 from pot
*** SUMMARY ***
Total pot $0.12 | Rake $0 | Jackpot $0 | Bingo $0 | Fortune $0 | Tax $0
Seat 1: 4659f38e folded before Flop (didn't bet)
Seat 2: Hero collected ($0.12)
Seat 3: e2d147f7 folded before Flop (didn't bet)
Seat 4: d6e27602 (button) folded before Flop (didn't bet)
Seat 5: f45f59b9 (small blind) folded before Flop
Seat 6: c56873ab (big blind) folded before Flop


Poker Hand #HD1218773658: Hold'em No Limit ($0.02/$0.05) - 2023/04/26 20:16:18
Table 'NLHBlue25' 6-max Seat #3 is the button
Seat 1: 4659f38e ($6.08 in chips)
Seat 2: Hero ($5.22 in chips)
Seat 3: e2d147f7 ($3.87 in chips)
Seat 4: d6e27602 ($8.58 in chips)
Seat 5: f45f59b9 ($5.07 in chips)
Seat 6: c56873ab ($9.69 in chips)
d6e27602: posts small blind $0.02
f45f59b9: posts big blind $0.05
*** HOLE CARDS ***
Dealt to 4659f38e 
Dealt to Hero [4d Ts]
Dealt to e2d147f7 
Dealt to d6e27602 
Dealt to f45f59b9 
Dealt to c56873ab 
c56873ab: raises $0.08 to $0.13
4659f38e: folds
Hero: folds
e2d147f7: calls $0.13
d6e27602: folds
f45f59b9: folds
*** FLOP *** [Ac Ks 6s]
c56873ab: bets $0.17
e2d147f7: raises $0.23 to $0.4
c56873ab: raises $0.63 to $1.03
e2d147f7: folds
Uncalled bet ($0.63) returned to c56873ab
*** SHOWDOWN ***
c56873ab collected $1.08 from pot
*** SUMMARY ***
Total pot $1.13 | Rake $0.05 | Jackpot $0 | Bingo $0 | Fortune $0 | Tax $0
Board [Ac Ks 6s]
Seat 1: 4659f38e folded before Flop (didn't bet)
Seat 2: Hero folded before Flop (didn't bet)
Seat 3: e2d147f7 (button) folded on the Flop
Seat 4: d6e27602 (small blind) folded before Flop
Seat 5: f45f59b9 (big blind) folded before Flop
Seat 6: c56873ab won ($1.08)


Poker Hand #HD1218773578: Hold'em No Limit ($0.02/$0.05) - 2023/04/26 20:15:40
Table 'NLHBlue25' 6-max Seat #2 is the button
Seat 1: 4659f38e ($6.35 in chips)
Seat 2: Hero ($5.22 in chips)
Seat 3: e2d147f7 ($3.58 in chips)
Seat 4: d6e27602 ($8.63 in chips)
Seat 5: f45f59b9 ($5.07 in chips)
Seat 6: c56873ab ($9.69 in chips)
e2d147f7: posts small blind $0.02
d6e27602: posts big blind $0.05
*** HOLE CARDS ***
Dealt to 4659f38e 
Dealt to Hero [Ac 5h]
Dealt to e2d147f7 
Dealt to d6e27602 
Dealt to f45f59b9 
Dealt to c56873ab 
f45f59b9: folds
c56873ab: folds
4659f38e: raises $0.07 to $0.12
Hero: folds
e2d147f7: calls $0.1
d6e27602: folds
*** FLOP *** [5s 4s Jc]
e2d147f7: checks
4659f38e: checks
*** TURN *** [5s 4s Jc] [8h]
e2d147f7: bets $0.15
4659f38e: calls $0.15
*** RIVER *** [5s 4s Jc 8h] [Qh]
e2d147f7: bets $0.59
4659f38e: folds
Uncalled bet ($0.59) returned to e2d147f7
*** SHOWDOWN ***
e2d147f7 collected $0.56 from pot
*** SUMMARY ***
Total pot $0.59 | Rake $0.03 | Jackpot $0 | Bingo $0 | Fortune $0 | Tax $0
Board [5s 4s Jc 8h Qh]
Seat 1: 4659f38e folded on the River
Seat 2: Hero (button) folded before Flop (didn't bet)
Seat 3: e2d147f7 (small blind) won ($0.56)
Seat 4: d6e27602 (big blind) folded before Flop
Seat 5: f45f59b9 folded before Flop (didn't bet)
Seat 6: c56873ab folded before Flop (didn't bet)


Poker Hand #HD1218773546: Hold'em No Limit ($0.02/$0.05) - 2023/04/26 20:15:27
Table 'NLHBlue25' 6-max Seat #1 is the button
Seat 1: 4659f38e ($6.35 in chips)
Seat 2: Hero ($5.24 in chips)
Seat 3: e2d147f7 ($3.63 in chips)
Seat 4: d6e27602 ($8.63 in chips)
Seat 5: f45f59b9 ($5 in chips)
Seat 6: c56873ab ($9.69 in chips)
Hero: posts small blind $0.02
e2d147f7: posts big blind $0.05
*** HOLE CARDS ***
Dealt to 4659f38e 
Dealt to Hero [3h 8s]
Dealt to e2d147f7 
Dealt to d6e27602 
Dealt to f45f59b9 
Dealt to c56873ab 
d6e27602: folds
f45f59b9: raises $0.1 to $0.15
c56873ab: folds
4659f38e: folds
Hero: folds
e2d147f7: folds
Uncalled bet ($0.1) returned to f45f59b9
*** SHOWDOWN ***
f45f59b9 collected $0.12 from pot
*** SUMMARY ***
Total pot $0.12 | Rake $0 | Jackpot $0 | Bingo $0 | Fortune $0 | Tax $0
Seat 1: 4659f38e (button) folded before Flop (didn't bet)
Seat 2: Hero (small blind) folded before Flop
Seat 3: e2d147f7 (big blind) folded before Flop
Seat 4: d6e27602 folded before Flop (didn't bet)
Seat 5: f45f59b9 collected ($0.12)
Seat 6: c56873ab folded before Flop (didn't bet)


Poker Hand #HD1218773392: Hold'em No Limit ($0.02/$0.05) - 2023/04/26 20:14:08
Table 'NLHBlue25' 6-max Seat #6 is the button
Seat 1: 4659f38e ($6.37 in chips)
Seat 2: Hero ($5.29 in chips)
Seat 3: e2d147f7 ($4.93 in chips)
Seat 4: d6e27602 ($8.63 in chips)
Seat 5: f45f59b9 ($5 in chips)
Seat 6: c56873ab ($8.5 in chips)
4659f38e: posts small blind $0.02
Hero: posts big blind $0.05
*** HOLE CARDS ***
Dealt to 4659f38e 
Dealt to Hero [4d 8s]
Dealt to e2d147f7 
Dealt to d6e27602 
Dealt to f45f59b9 
Dealt to c56873ab 
e2d147f7: calls $0.05
d6e27602: folds
f45f59b9: folds
c56873ab: raises $0.2 to $0.25
4659f38e: folds
Hero: folds
e2d147f7: calls $0.2
*** FLOP *** [4s 2c 7h]
e2d147f7: checks
c56873ab: bets $0.29
e2d147f7: calls $0.29
*** TURN *** [4s 2c 7h] [6h]
e2d147f7: checks
c56873ab: bets $0.76
e2d147f7: calls $0.76
*** RIVER *** [4s 2c 7h 6h] [9c]
e2d147f7: checks
c56873ab: bets $2.21
e2d147f7: folds
Uncalled bet ($2.21) returned to c56873ab
*** SHOWDOWN ***
c56873ab collected $2.49 from pot
*** SUMMARY ***
Total pot $2.67 | Rake $0.13 | Jackpot $0.05 | Bingo $0 | Fortune $0 | Tax $0
Board [4s 2c 7h 6h 9c]
Seat 1: 4659f38e (small blind) folded before Flop
Seat 2: Hero (big blind) folded before Flop
Seat 3: e2d147f7 folded on the River
Seat 4: d6e27602 folded before Flop (didn't bet)
Seat 5: f45f59b9 folded before Flop (didn't bet)
Seat 6: c56873ab (button) won ($2.49)


Poker Hand #HD1218773294: Hold'em No Limit ($0.02/$0.05) - 2023/04/26 20:13:22
Table 'NLHBlue25' 6-max Seat #5 is the button
Seat 1: 4659f38e ($6.42 in chips)
Seat 2: Hero ($5.29 in chips)
Seat 3: e2d147f7 ($5.33 in chips)
Seat 4: d6e27602 ($8.2 in chips)
Seat 5: f45f59b9 ($5 in chips)
Seat 6: c56873ab ($8.52 in chips)
c56873ab: posts small blind $0.02
4659f38e: posts big blind $0.05
*** HOLE CARDS ***
Dealt to 4659f38e 
Dealt to Hero [8d 7h]
Dealt to e2d147f7 
Dealt to d6e27602 
Dealt to f45f59b9 
Dealt to c56873ab 
Hero: folds
e2d147f7: calls $0.05
d6e27602: raises $0.17 to $0.22
f45f59b9: folds
c56873ab: folds
4659f38e: folds
e2d147f7: calls $0.17
*** FLOP *** [3h As 9s]
e2d147f7: checks
d6e27602: bets $0.18
e2d147f7: calls $0.18
*** TURN *** [3h As 9s] [Kc]
e2d147f7: checks
d6e27602: checks
*** RIVER *** [3h As 9s Kc] [Ts]
e2d147f7: checks
d6e27602: bets $0.62
e2d147f7: folds
Uncalled bet ($0.62) returned to d6e27602
*** SHOWDOWN ***
d6e27602 collected $0.83 from pot
*** SUMMARY ***
Total pot $0.87 | Rake $0.04 | Jackpot $0 | Bingo $0 | Fortune $0 | Tax $0
Board [3h As 9s Kc Ts]
Seat 1: 4659f38e (big blind) folded before Flop
Seat 2: Hero folded before Flop (didn't bet)
Seat 3: e2d147f7 folded on the River
Seat 4: d6e27602 won ($0.83)
Seat 5: f45f59b9 (button) folded before Flop (didn't bet)
Seat 6: c56873ab (small blind) folded before Flop


Poker Hand #HD1218773166: Hold'em No Limit ($0.02/$0.05) - 2023/04/26 20:12:11
Table 'NLHBlue25' 6-max Seat #4 is the button
Seat 1: 4659f38e ($6.42 in chips)
Seat 2: Hero ($5.29 in chips)
Seat 3: e2d147f7 ($6.56 in chips)
Seat 4: d6e27602 ($8.2 in chips)
Seat 5: f45f59b9 ($5 in chips)
Seat 6: c56873ab ($7.44 in chips)
f45f59b9: posts small blind $0.02
c56873ab: posts big blind $0.05
*** HOLE CARDS ***
Dealt to 4659f38e 
Dealt to Hero [8d Qd]
Dealt to e2d147f7 
Dealt to d6e27602 
Dealt to f45f59b9 
Dealt to c56873ab 
4659f38e: folds
Hero: folds
e2d147f7: calls $0.05
d6e27602: folds
f45f59b9: folds
c56873ab: raises $0.25 to $0.3
e2d147f7: calls $0.25
*** FLOP *** [Ks 6h 7d]
c56873ab: bets $0.31
e2d147f7: calls $0.31
*** TURN *** [Ks 6h 7d] [Kc]
c56873ab: checks
e2d147f7: checks
*** RIVER *** [Ks 6h 7d Kc] [4s]
c56873ab: bets $0.62
e2d147f7: calls $0.62
c56873ab: shows [9h 9c] (Pair of Kings and Pair of Nines)
e2d147f7: shows [6s 7s] (Pair of Kings and Pair of Sevens)
*** SHOWDOWN ***
c56873ab collected $2.31 from pot
*** SUMMARY ***
Total pot $2.48 | Rake $0.12 | Jackpot $0.05 | Bingo $0 | Fortune $0 | Tax $0
Board [Ks 6h 7d Kc 4s]
Seat 1: 4659f38e folded before Flop (didn't bet)
Seat 2: Hero folded before Flop (didn't bet)
Seat 3: e2d147f7 showed [6s 7s] and lost with Pair of Kings and Pair of Sevens
Seat 4: d6e27602 (button) folded before Flop (didn't bet)
Seat 5: f45f59b9 (small blind) folded before Flop
Seat 6: c56873ab (big blind) showed [9h 9c] and won ($2.31) with Pair of Kings and Pair of Nines


Poker Hand #HD1218773063: Hold'em No Limit ($0.02/$0.05) - 2023/04/26 20:11:20
Table 'NLHBlue25' 6-max Seat #3 is the button
Seat 1: 4659f38e ($6.42 in chips)
Seat 2: Hero ($5.29 in chips)
Seat 3: e2d147f7 ($6.49 in chips)
Seat 4: d6e27602 ($8.22 in chips)
Seat 5: f45f59b9 ($5 in chips)
Seat 6: c56873ab ($7.44 in chips)
d6e27602: posts small blind $0.02
f45f59b9: posts big blind $0.05
*** HOLE CARDS ***
Dealt to 4659f38e 
Dealt to Hero [8d Ah]
Dealt to e2d147f7 
Dealt to d6e27602 
Dealt to f45f59b9 
Dealt to c56873ab 
c56873ab: folds
4659f38e: folds
Hero: folds
e2d147f7: calls $0.05
d6e27602: folds
f45f59b9: checks
*** FLOP *** [As 5s Qs]
f45f59b9: checks
e2d147f7: checks
*** TURN *** [As 5s Qs] [5d]
f45f59b9: checks
e2d147f7: bets $0.06
f45f59b9: folds
Uncalled bet ($0.06) returned to e2d147f7
*** SHOWDOWN ***
e2d147f7 collected $0.12 from pot
*** SUMMARY ***
Total pot $0.12 | Rake $0 | Jackpot $0 | Bingo $0 | Fortune $0 | Tax $0
Board [As 5s Qs 5d]
Seat 1: 4659f38e folded before Flop (didn't bet)
Seat 2: Hero folded before Flop (didn't bet)
Seat 3: e2d147f7 (button) won ($0.12)
Seat 4: d6e27602 (small blind) folded before Flop
Seat 5: f45f59b9 (big blind) folded on the Turn
Seat 6: c56873ab folded before Flop (didn't bet)


Poker Hand #HD1218772970: Hold'em No Limit ($0.02/$0.05) - 2023/04/26 20:10:33
Table 'NLHBlue25' 6-max Seat #2 is the button
Seat 1: 4659f38e ($6.42 in chips)
Seat 2: Hero ($5.29 in chips)
Seat 3: e2d147f7 ($8.5 in chips)
Seat 4: d6e27602 ($6.45 in chips)
Seat 5: f45f59b9 ($5 in chips)
Seat 6: c56873ab ($7.44 in chips)
e2d147f7: posts small blind $0.02
d6e27602: posts big blind $0.05
*** HOLE CARDS ***
Dealt to 4659f38e 
Dealt to Hero [2s 7c]
Dealt to e2d147f7 
Dealt to d6e27602 
Dealt to f45f59b9 
Dealt to c56873ab 
f45f59b9: folds
c56873ab: folds
4659f38e: folds
Hero: folds
e2d147f7: raises $0.05 to $0.1
d6e27602: calls $0.05
*** FLOP *** [Tc Jh 4h]
e2d147f7: bets $0.1
d6e27602: calls $0.1
*** TURN *** [Tc Jh 4h] [Ad]
e2d147f7: checks
d6e27602: bets $0.2
e2d147f7: raises $0.27 to $0.47
d6e27602: calls $0.27
*** RIVER *** [Tc Jh 4h Ad] [Ks]
e2d147f7: bets $1.34
d6e27602: calls $1.34
e2d147f7: shows [Ts Ac] (Pair of Aces and Pair of Tens)
d6e27602: shows [9c Qc] (Aces-High Straight)
*** SHOWDOWN ***
d6e27602 collected $3.78 from pot
*** SUMMARY ***
Total pot $4.02 | Rake $0.19 | Jackpot $0.05 | Bingo $0 | Fortune $0 | Tax $0
Board [Tc Jh 4h Ad Ks]
Seat 1: 4659f38e folded before Flop (didn't bet)
Seat 2: Hero (button) folded before Flop (didn't bet)
Seat 3: e2d147f7 (small blind) showed [Ts Ac] and lost with Pair of Aces and Pair of Tens
Seat 4: d6e27602 (big blind) showed [9c Qc] and won ($3.78) with Aces-High Straight
Seat 5: f45f59b9 folded before Flop (didn't bet)
Seat 6: c56873ab folded before Flop (didn't bet)


Poker Hand #HD1218772888: Hold'em No Limit ($0.02/$0.05) - 2023/04/26 20:09:53
Table 'NLHBlue25' 6-max Seat #1 is the button
Seat 1: 4659f38e ($6.42 in chips)
Seat 2: Hero ($5.43 in chips)
Seat 3: e2d147f7 ($8.37 in chips)
Seat 4: d6e27602 ($6.45 in chips)
Seat 5: f45f59b9 ($5 in chips)
Seat 6: c56873ab ($7.44 in chips)
Hero: posts small blind $0.02
e2d147f7: posts big blind $0.05
*** HOLE CARDS ***
Dealt to 4659f38e 
Dealt to Hero [Th Kc]
Dealt to e2d147f7 
Dealt to d6e27602 
Dealt to f45f59b9 
Dealt to c56873ab 
d6e27602: folds
f45f59b9: folds
c56873ab: folds
4659f38e: folds
Hero: raises $0.09 to $0.14
e2d147f7: calls $0.09
*** FLOP *** [5c 7d Ah]
Hero: checks
e2d147f7: bets $0.1
Hero: folds
Uncalled bet ($0.1) returned to e2d147f7
*** SHOWDOWN ***
e2d147f7 collected $0.27 from pot
*** SUMMARY ***
Total pot $0.28 | Rake $0.01 | Jackpot $0 | Bingo $0 | Fortune $0 | Tax $0
Board [5c 7d Ah]
Seat 1: 4659f38e (button) folded before Flop (didn't bet)
Seat 2: Hero (small blind) folded on the Flop
Seat 3: e2d147f7 (big blind) won ($0.27)
Seat 4: d6e27602 folded before Flop (didn't bet)
Seat 5: f45f59b9 folded before Flop (didn't bet)
Seat 6: c56873ab folded before Flop (didn't bet)


Poker Hand #HD1218772731: Hold'em No Limit ($0.02/$0.05) - 2023/04/26 20:08:30
Table 'NLHBlue25' 6-max Seat #6 is the button
Seat 1: 4659f38e ($6.44 in chips)
Seat 2: Hero ($5.48 in chips)
Seat 3: e2d147f7 ($6.71 in chips)
Seat 4: d6e27602 ($6.45 in chips)
Seat 5: f45f59b9 ($5 in chips)
Seat 6: c56873ab ($8.94 in chips)
4659f38e: posts small blind $0.02
Hero: posts big blind $0.05
*** HOLE CARDS ***
Dealt to 4659f38e 
Dealt to Hero [8d 5c]
Dealt to e2d147f7 
Dealt to d6e27602 
Dealt to f45f59b9 
Dealt to c56873ab 
e2d147f7: calls $0.05
d6e27602: folds
f45f59b9: calls $0.05
c56873ab: raises $0.25 to $0.3
4659f38e: folds
Hero: folds
e2d147f7: calls $0.25
f45f59b9: calls $0.25
*** FLOP *** [4c 9d 2s]
e2d147f7: bets $0.33
f45f59b9: folds
c56873ab: calls $0.33
*** TURN *** [4c 9d 2s] [Ks]
e2d147f7: checks
c56873ab: bets $0.87
e2d147f7: raises $1.12 to $1.99
c56873ab: folds
Uncalled bet ($1.12) returned to e2d147f7
*** SHOWDOWN ***
e2d147f7 collected $3.16 from pot
*** SUMMARY ***
Total pot $3.37 | Rake $0.16 | Jackpot $0.05 | Bingo $0 | Fortune $0 | Tax $0
Board [4c 9d 2s Ks]
Seat 1: 4659f38e (small blind) folded before Flop
Seat 2: Hero (big blind) folded before Flop
Seat 3: e2d147f7 won ($3.16)
Seat 4: d6e27602 folded before Flop (didn't bet)
Seat 5: f45f59b9 folded on the Flop
Seat 6: c56873ab (button) folded on the Turn


Poker Hand #HD1218772573: Hold'em No Limit ($0.02/$0.05) - 2023/04/26 20:07:15
Table 'NLHBlue25' 6-max Seat #5 is the button
Seat 1: 4659f38e ($6.49 in chips)
Seat 2: Hero ($5.48 in chips)
Seat 3: e2d147f7 ($11.08 in chips)
Seat 4: d6e27602 ($6.45 in chips)
Seat 5: f45f59b9 ($5 in chips)
Seat 6: c56873ab ($5 in chips)
c56873ab: posts small blind $0.02
4659f38e: posts big blind $0.05
*** HOLE CARDS ***
Dealt to 4659f38e 
Dealt to Hero [7s 3s]
Dealt to e2d147f7 
Dealt to d6e27602 
Dealt to f45f59b9 
Dealt to c56873ab 
Hero: folds
e2d147f7: calls $0.05
d6e27602: folds
f45f59b9: folds
c56873ab: raises $0.25 to $0.3
4659f38e: folds
e2d147f7: calls $0.25
*** FLOP *** [6s Tc 2d]
c56873ab: bets $0.33
e2d147f7: calls $0.33
*** TURN *** [6s Tc 2d] [6d]
c56873ab: bets $0.99
e2d147f7: calls $0.99
*** RIVER *** [6s Tc 2d 6d] [9c]
c56873ab: bets $2.75
e2d147f7: calls $2.75
c56873ab: shows [Ah Ad] (Pair of Aces and Pair of Sixes)
e2d147f7: shows [Ts 8s] (Pair of Tens and Pair of Sixes)
*** SHOWDOWN ***
c56873ab collected $8.31 from pot
*** SUMMARY ***
Total pot $8.79 | Rake $0.43 | Jackpot $0.05 | Bingo $0 | Fortune $0 | Tax $0
Board [6s Tc 2d 6d 9c]
Seat 1: 4659f38e (big blind) folded before Flop
Seat 2: Hero folded before Flop (didn't bet)
Seat 3: e2d147f7 showed [Ts 8s] and lost with Pair of Tens and Pair of Sixes
Seat 4: d6e27602 folded before Flop (didn't bet)
Seat 5: f45f59b9 (button) folded before Flop (didn't bet)
Seat 6: c56873ab (small blind) showed [Ah Ad] and won ($8.31) with Pair of Aces and Pair of Sixes


Poker Hand #HD1218772507: Hold'em No Limit ($0.02/$0.05) - 2023/04/26 20:06:44
Table 'NLHBlue25' 6-max Seat #4 is the button
Seat 1: 4659f38e ($6.49 in chips)
Seat 2: Hero ($5.48 in chips)
Seat 3: e2d147f7 ($10.85 in chips)
Seat 4: d6e27602 ($6.45 in chips)
Seat 5: f45f59b9 ($5 in chips)
Seat 6: c56873ab ($5 in chips)
f45f59b9: posts small blind $0.02
c56873ab: posts big blind $0.05
*** HOLE CARDS ***
Dealt to 4659f38e 
Dealt to Hero [Ks 4h]
Dealt to e2d147f7 
Dealt to d6e27602 
Dealt to f45f59b9 
Dealt to c56873ab 
4659f38e: folds
Hero: folds
e2d147f7: calls $0.05
d6e27602: folds
f45f59b9: raises $0.15 to $0.2
c56873ab: folds
e2d147f7: calls $0.15
*** FLOP *** [8d Ts 5s]
f45f59b9: checks
e2d147f7: bets $0.15
f45f59b9: folds
Uncalled bet ($0.15) returned to e2d147f7
e2d147f7: shows [8c]
*** SHOWDOWN ***
e2d147f7 collected $0.43 from pot
*** SUMMARY ***
Total pot $0.45 | Rake $0.02 | Jackpot $0 | Bingo $0 | Fortune $0 | Tax $0
Board [8d Ts 5s]
Seat 1: 4659f38e folded before Flop (didn't bet)
Seat 2: Hero folded before Flop (didn't bet)
Seat 3: e2d147f7 showed [8c] and won ($0.43)
Seat 4: d6e27602 (button) folded before Flop (didn't bet)
Seat 5: f45f59b9 (small blind) folded on the Flop
Seat 6: c56873ab (big blind) folded before Flop


Poker Hand #HD1218772424: Hold'em No Limit ($0.02/$0.05) - 2023/04/26 20:06:00
Table 'NLHBlue25' 6-max Seat #3 is the button
Seat 1: 4659f38e ($6.49 in chips)
Seat 2: Hero ($5.48 in chips)
Seat 3: e2d147f7 ($10.62 in chips)
Seat 4: d6e27602 ($6.47 in chips)
Seat 5: f45f59b9 ($5.02 in chips)
Seat 6: c56873ab ($5 in chips)
d6e27602: posts small blind $0.02
f45f59b9: posts big blind $0.05
*** HOLE CARDS ***
Dealt to 4659f38e 
Dealt to Hero [7d 5h]
Dealt to e2d147f7 
Dealt to d6e27602 
Dealt to f45f59b9 
Dealt to c56873ab 
c56873ab: folds
4659f38e: folds
Hero: folds
e2d147f7: calls $0.05
d6e27602: folds
f45f59b9: checks
*** FLOP *** [3s 9h Ac]
f45f59b9: checks
e2d147f7: bets $0.06
f45f59b9: calls $0.06
*** TURN *** [3s 9h Ac] [5s]
f45f59b9: checks
e2d147f7: bets $0.12
f45f59b9: calls $0.12
*** RIVER *** [3s 9h Ac 5s] [3h]
f45f59b9: checks
e2d147f7: bets $0.24
f45f59b9: folds
Uncalled bet ($0.24) returned to e2d147f7
*** SHOWDOWN ***
e2d147f7 collected $0.46 from pot
*** SUMMARY ***
Total pot $0.48 | Rake $0.02 | Jackpot $0 | Bingo $0 | Fortune $0 | Tax $0
Board [3s 9h Ac 5s 3h]
Seat 1: 4659f38e folded before Flop (didn't bet)
Seat 2: Hero folded before Flop (didn't bet)
Seat 3: e2d147f7 (button) won ($0.46)
Seat 4: d6e27602 (small blind) folded before Flop
Seat 5: f45f59b9 (big blind) folded on the River
Seat 6: c56873ab folded before Flop (didn't bet)


Poker Hand #HD1218772335: Hold'em No Limit ($0.02/$0.05) - 2023/04/26 20:05:15
Table 'NLHBlue25' 6-max Seat #2 is the button
Seat 1: 4659f38e ($6.49 in chips)
Seat 2: Hero ($5 in chips)
Seat 3: e2d147f7 ($10.96 in chips)
Seat 4: d6e27602 ($6.52 in chips)
Seat 5: f45f59b9 ($5.02 in chips)
Seat 6: c56873ab ($5 in chips)
e2d147f7: posts small blind $0.02
d6e27602: posts big blind $0.05
*** HOLE CARDS ***
Dealt to 4659f38e 
Dealt to Hero [Jc As]
Dealt to e2d147f7 
Dealt to d6e27602 
Dealt to f45f59b9 
Dealt to c56873ab 
f45f59b9: folds
c56873ab: raises $0.08 to $0.13
4659f38e: folds
Hero: raises $0.21 to $0.34
e2d147f7: calls $0.32
d6e27602: folds
c56873ab: folds
*** FLOP *** [3c 5d Js]
e2d147f7: checks
Hero: bets $0.65
e2d147f7: folds
Uncalled bet ($0.65) returned to Hero
*** SHOWDOWN ***
Hero collected $0.82 from pot
*** SUMMARY ***
Total pot $0.86 | Rake $0.04 | Jackpot $0 | Bingo $0 | Fortune $0 | Tax $0
Board [3c 5d Js]
Seat 1: 4659f38e folded before Flop (didn't bet)
Seat 2: Hero (button) won ($0.82)
Seat 3: e2d147f7 (small blind) folded on the Flop
Seat 4: d6e27602 (big blind) folded before Flop
Seat 5: f45f59b9 folded before Flop (didn't bet)
Seat 6: c56873ab folded before Flop


Poker Hand #HD1218772302: Hold'em No Limit ($0.02/$0.05) - 2023/04/26 20:05:00
Table 'NLHBlue25' 6-max Seat #1 is the button
Seat 1: 4659f38e ($6.49 in chips)
Seat 2: Hero ($5.02 in chips)
Seat 3: e2d147f7 ($10.94 in chips)
Seat 4: d6e27602 ($6.52 in chips)
Seat 5: f45f59b9 ($5.02 in chips)
Seat 6: c56873ab ($5 in chips)
Hero: posts small blind $0.02
e2d147f7: posts big blind $0.05
*** HOLE CARDS ***
Dealt to 4659f38e 
Dealt to Hero [Td 4d]
Dealt to e2d147f7 
Dealt to d6e27602 
Dealt to f45f59b9 
Dealt to c56873ab 
d6e27602: folds
f45f59b9: folds
c56873ab: folds
4659f38e: folds
Hero: folds
Uncalled bet ($0.03) returned to e2d147f7
*** SHOWDOWN ***
e2d147f7 collected $0.04 from pot
*** SUMMARY ***
Total pot $0.04 | Rake $0 | Jackpot $0 | Bingo $0 | Fortune $0 | Tax $0
Seat 1: 4659f38e (button) folded before Flop (didn't bet)
Seat 2: Hero (small blind) folded before Flop
Seat 3: e2d147f7 (big blind) collected ($0.04)
Seat 4: d6e27602 folded before Flop (didn't bet)
Seat 5: f45f59b9 folded before Flop (didn't bet)
Seat 6: c56873ab folded before Flop (didn't bet)


Poker Hand #HD1218772275: Hold'em No Limit ($0.02/$0.05) - 2023/04/26 20:04:45
Table 'NLHBlue25' 6-max Seat #6 is the button
Seat 1: 4659f38e ($6.51 in chips)
Seat 2: Hero ($5 in chips)
Seat 3: e2d147f7 ($10.94 in chips)
Seat 4: d6e27602 ($6.52 in chips)
Seat 5: f45f59b9 ($5.02 in chips)
Seat 6: c56873ab ($5 in chips)
4659f38e: posts small blind $0.02
Hero: posts big blind $0.05
*** HOLE CARDS ***
Dealt to 4659f38e 
Dealt to Hero [Kh 7c]
Dealt to e2d147f7 
Dealt to d6e27602 
Dealt to f45f59b9 
Dealt to c56873ab 
e2d147f7: folds
d6e27602: folds
f45f59b9: folds
c56873ab: folds
4659f38e: folds
Uncalled bet ($0.03) returned to Hero
*** SHOWDOWN ***
Hero collected $0.04 from pot
*** SUMMARY ***
Total pot $0.04 | Rake $0 | Jackpot $0 | Bingo $0 | Fortune $0 | Tax $0
Seat 1: 4659f38e (small blind) folded before Flop
Seat 2: Hero (big blind) collected ($0.04)
Seat 3: e2d147f7 folded before Flop (didn't bet)
Seat 4: d6e27602 folded before Flop (didn't bet)
Seat 5: f45f59b9 folded before Flop (didn't bet)
Seat 6: c56873ab (button) folded before Flop (didn't bet)


Poker Hand #HD1218772164: Hold'em No Limit ($0.02/$0.05) - 2023/04/26 20:03:49
Table 'NLHBlue25' 6-max Seat #5 is the button
Seat 1: 4659f38e ($6.56 in chips)
Seat 2: Hero ($5 in chips)
Seat 3: e2d147f7 ($10.62 in chips)
Seat 4: d6e27602 ($6.52 in chips)
Seat 5: f45f59b9 ($5.02 in chips)
Seat 6: c56873ab ($5 in chips)
c56873ab: posts small blind $0.02
4659f38e: posts big blind $0.05
*** HOLE CARDS ***
Dealt to 4659f38e 
Dealt to Hero [8s 2d]
Dealt to e2d147f7 
Dealt to d6e27602 
Dealt to f45f59b9 
Dealt to c56873ab 
Hero: folds
e2d147f7: calls $0.05
d6e27602: folds
f45f59b9: folds
c56873ab: raises $0.25 to $0.3
4659f38e: folds
e2d147f7: calls $0.25
*** FLOP *** [Ts 5s 9h]
c56873ab: checks
e2d147f7: bets $0.22
c56873ab: folds
Uncalled bet ($0.22) returned to e2d147f7
*** SHOWDOWN ***
e2d147f7 collected $0.62 from pot
*** SUMMARY ***
Total pot $0.65 | Rake $0.03 | Jackpot $0 | Bingo $0 | Fortune $0 | Tax $0
Board [Ts 5s 9h]
Seat 1: 4659f38e (big blind) folded before Flop
Seat 2: Hero folded before Flop (didn't bet)
Seat 3: e2d147f7 won ($0.62)
Seat 4: d6e27602 folded before Flop (didn't bet)
Seat 5: f45f59b9 (button) folded before Flop (didn't bet)
Seat 6: c56873ab (small blind) folded on the Flop


Poker Hand #HD1218772031: Hold'em No Limit ($0.02/$0.05) - 2023/04/26 20:02:46
Table 'NLHBlue25' 6-max Seat #4 is the button
Seat 1: 4659f38e ($6.56 in chips)
Seat 2: Hero ($5 in chips)
Seat 3: e2d147f7 ($10.62 in chips)
Seat 4: d6e27602 ($6.76 in chips)
Seat 5: f45f59b9 ($5.04 in chips)
Seat 6: c56873ab ($5.05 in chips)
f45f59b9: posts small blind $0.02
c56873ab: posts big blind $0.05
*** HOLE CARDS ***
Dealt to 4659f38e 
Dealt to Hero [Qd Ac]
Dealt to e2d147f7 
Dealt to d6e27602 
Dealt to f45f59b9 
Dealt to c56873ab 
4659f38e: folds
Hero: raises $0.07 to $0.12
e2d147f7: folds
d6e27602: raises $0.43 to $0.55
f45f59b9: folds
c56873ab: folds
Hero: calls $0.43
*** FLOP *** [4d Ah 2c]
Hero: checks
d6e27602: bets $0.6
Hero: calls $0.6
*** TURN *** [4d Ah 2c] [7s]
Hero: checks
d6e27602: bets $1.2
Hero: calls $1.2
*** RIVER *** [4d Ah 2c 7s] [Qc]
Hero: bets $2.65 and is all-in
d6e27602: calls $2.65
Hero: shows [Qd Ac] (Pair of Aces and Pair of Queens)
d6e27602: shows [Qh Ad] (Pair of Aces and Pair of Queens)
*** SHOWDOWN ***
Hero collected $4.76 from pot
d6e27602 collected $4.76 from pot
*** SUMMARY ***
Total pot $10.07 | Rake $0.5 | Jackpot $0.05 | Bingo $0 | Fortune $0 | Tax $0
Board [4d Ah 2c 7s Qc]
Seat 1: 4659f38e folded before Flop (didn't bet)
Seat 2: Hero showed [Qd Ac] and won ($4.76) with Pair of Aces and Pair of Queens
Seat 3: e2d147f7 folded before Flop (didn't bet)
Seat 4: d6e27602 (button) showed [Qh Ad] and won ($4.76) with Pair of Aces and Pair of Queens
Seat 5: f45f59b9 (small blind) folded before Flop
Seat 6: c56873ab (big blind) folded before Flop


Poker Hand #HD1218771938: Hold'em No Limit ($0.02/$0.05) - 2023/04/26 20:01:56
Table 'NLHBlue25' 6-max Seat #3 is the button
Seat 1: 4659f38e ($6.56 in chips)
Seat 2: Hero ($5 in chips)
Seat 3: e2d147f7 ($10.55 in chips)
Seat 4: d6e27602 ($6.78 in chips)
Seat 5: f45f59b9 ($5.09 in chips)
Seat 6: c56873ab ($5.05 in chips)
d6e27602: posts small blind $0.02
f45f59b9: posts big blind $0.05
*** HOLE CARDS ***
Dealt to 4659f38e 
Dealt to Hero [Ts 4c]
Dealt to e2d147f7 
Dealt to d6e27602 
Dealt to f45f59b9 
Dealt to c56873ab 
c56873ab: folds
4659f38e: folds
Hero: folds
e2d147f7: calls $0.05
d6e27602: folds
f45f59b9: checks
*** FLOP *** [Ac 9c Jd]
f45f59b9: checks
e2d147f7: checks
*** TURN *** [Ac 9c Jd] [Ah]
f45f59b9: checks
e2d147f7: checks
*** RIVER *** [Ac 9c Jd Ah] [6s]
f45f59b9: checks
e2d147f7: bets $0.12
f45f59b9: folds
Uncalled bet ($0.12) returned to e2d147f7
*** SHOWDOWN ***
e2d147f7 collected $0.12 from pot
*** SUMMARY ***
Total pot $0.12 | Rake $0 | Jackpot $0 | Bingo $0 | Fortune $0 | Tax $0
Board [Ac 9c Jd Ah 6s]
Seat 1: 4659f38e folded before Flop (didn't bet)
Seat 2: Hero folded before Flop (didn't bet)
Seat 3: e2d147f7 (button) won ($0.12)
Seat 4: d6e27602 (small blind) folded before Flop
Seat 5: f45f59b9 (big blind) folded on the River
Seat 6: c56873ab folded before Flop (didn't bet)


Poker Hand #HD1218771848: Hold'em No Limit ($0.02/$0.05) - 2023/04/26 20:01:13
Table 'NLHBlue25' 6-max Seat #2 is the button
Seat 1: 4659f38e ($6.56 in chips)
Seat 2: Hero ($5 in chips)
Seat 3: e2d147f7 ($10.43 in chips)
Seat 4: d6e27602 ($6.91 in chips)
Seat 5: f45f59b9 ($5.09 in chips)
Seat 6: c56873ab ($5.05 in chips)
e2d147f7: posts small blind $0.02
d6e27602: posts big blind $0.05
*** HOLE CARDS ***
Dealt to 4659f38e 
Dealt to Hero [6c Js]
Dealt to e2d147f7 
Dealt to d6e27602 
Dealt to f45f59b9 
Dealt to c56873ab 
f45f59b9: folds
c56873ab: folds
4659f38e: folds
Hero: folds
e2d147f7: calls $0.03
d6e27602: checks
*** FLOP *** [9h 6h Qh]
e2d147f7: checks
d6e27602: checks
*** TURN *** [9h 6h Qh] [4d]
e2d147f7: bets $0.08
d6e27602: calls $0.08
*** RIVER *** [9h 6h Qh 4d] [9d]
e2d147f7: bets $0.2
d6e27602: folds
Uncalled bet ($0.2) returned to e2d147f7
*** SHOWDOWN ***
e2d147f7 collected $0.25 from pot
*** SUMMARY ***
Total pot $0.26 | Rake $0.01 | Jackpot $0 | Bingo $0 | Fortune $0 | Tax $0
Board [9h 6h Qh 4d 9d]
Seat 1: 4659f38e folded before Flop (didn't bet)
Seat 2: Hero (button) folded before Flop (didn't bet)
Seat 3: e2d147f7 (small blind) won ($0.25)
Seat 4: d6e27602 (big blind) folded on the River
Seat 5: f45f59b9 folded before Flop (didn't bet)
Seat 6: c56873ab folded before Flop (didn't bet)


Poker Hand #HD1218771796: Hold'em No Limit ($0.02/$0.05) - 2023/04/26 20:00:48
Table 'NLHBlue25' 6-max Seat #1 is the button
Seat 1: 4659f38e ($6.56 in chips)
Seat 2: Hero ($5 in chips)
Seat 3: e2d147f7 ($10.56 in chips)
Seat 4: d6e27602 ($6.77 in chips)
Seat 5: f45f59b9 ($5.09 in chips)
Seat 6: c56873ab ($5.05 in chips)
Hero: posts small blind $0.02
e2d147f7: posts big blind $0.05
*** HOLE CARDS ***
Dealt to 4659f38e 
Dealt to Hero [5c 8c]
Dealt to e2d147f7 
Dealt to d6e27602 
Dealt to f45f59b9 
Dealt to c56873ab 
d6e27602: raises $0.08 to $0.13
f45f59b9: folds
c56873ab: folds
4659f38e: folds
Hero: folds
e2d147f7: calls $0.08
*** FLOP *** [6d Ad Qc]
e2d147f7: checks
d6e27602: bets $0.14
e2d147f7: folds
Uncalled bet ($0.14) returned to d6e27602
*** SHOWDOWN ***
d6e27602 collected $0.27 from pot
*** SUMMARY ***
Total pot $0.28 | Rake $0.01 | Jackpot $0 | Bingo $0 | Fortune $0 | Tax $0
Board [6d Ad Qc]
Seat 1: 4659f38e (button) folded before Flop (didn't bet)
Seat 2: Hero (small blind) folded before Flop
Seat 3: e2d147f7 (big blind) folded on the Flop
Seat 4: d6e27602 won ($0.27)
Seat 5: f45f59b9 folded before Flop (didn't bet)
Seat 6: c56873ab folded before Flop (didn't bet)


Poker Hand #HD1218771762: Hold'em No Limit ($0.02/$0.05) - 2023/04/26 20:00:35
Table 'NLHBlue25' 6-max Seat #6 is the button
Seat 1: 4659f38e ($6.58 in chips)
Seat 2: Hero ($5 in chips)
Seat 3: e2d147f7 ($10.49 in chips)
Seat 4: d6e27602 ($6.77 in chips)
Seat 5: f45f59b9 ($5.09 in chips)
Seat 6: c56873ab ($5.05 in chips)
4659f38e: posts small blind $0.02
Hero: posts big blind $0.05
*** HOLE CARDS ***
Dealt to 4659f38e 
Dealt to Hero [5c 7h]
Dealt to e2d147f7 
Dealt to d6e27602 
Dealt to f45f59b9 
Dealt to c56873ab 
e2d147f7: raises $0.05 to $0.1
d6e27602: folds
f45f59b9: folds
c56873ab: folds
4659f38e: folds
Hero: folds
Uncalled bet ($0.05) returned to e2d147f7
*** SHOWDOWN ***
e2d147f7 collected $0.12 from pot
*** SUMMARY ***
Total pot $0.12 | Rake $0 | Jackpot $0 | Bingo $0 | Fortune $0 | Tax $0
Seat 1: 4659f38e (small blind) folded before Flop
Seat 2: Hero (big blind) folded before Flop
Seat 3: e2d147f7 collected ($0.12)
Seat 4: d6e27602 folded before Flop (didn't bet)
Seat 5: f45f59b9 folded before Flop (didn't bet)
Seat 6: c56873ab (button) folded before Flop (didn't bet)


