Poker Hand #HD1171639901: Hold'em No Limit  ($0.02/$0.05) - 2023/03/22 21:44:24
Table 'NLHBlue102' 6-max Seat #2 is the button
Seat 1: afdc725e ($11.46 in chips)
Seat 2: 5bce22b5 ($5.61 in chips)
Seat 4: d4c5a04b ($0.96 in chips)
Seat 5: 5f82d679 ($4.44 in chips)
Seat 6: Hero ($5.8 in chips)
d4c5a04b: posts small blind $0.02
5f82d679: posts big blind $0.05
*** HOLE CARDS ***
Dealt to afdc725e 
Dealt to 5bce22b5 
Dealt to d4c5a04b 
Dealt to 5f82d679 
Dealt to Hero [6h As]
Hero: folds
afdc725e: raises $0.08 to $0.13
5bce22b5: calls $0.13
d4c5a04b: folds
5f82d679: folds
*** FLOP *** [2s 2h Ac]
afdc725e: checks
5bce22b5: checks
*** TURN *** [2s 2h Ac] [5s]
afdc725e: checks
5bce22b5: bets $0.1
afdc725e: folds
Uncalled bet ($0.1) returned to 5bce22b5
*** SHOWDOWN ***
5bce22b5 collected $0.32 from pot
*** SUMMARY ***
Total pot $0.33 | Rake $0.01 | Jackpot $0 | Bingo $0 | Fortune $0
Board [2s 2h Ac 5s]
Seat 1: afdc725e folded on the Turn
Seat 2: 5bce22b5 (button) won ($0.32)
Seat 4: d4c5a04b (small blind) folded before Flop
Seat 5: 5f82d679 (big blind) folded before Flop
Seat 6: Hero folded before Flop (didn't bet)


Poker Hand #HD1171639860: Hold'em No Limit  ($0.02/$0.05) - 2023/03/22 21:44:07
Table 'NLHBlue102' 6-max Seat #1 is the button
Seat 1: afdc725e ($11.39 in chips)
Seat 2: 5bce22b5 ($5.63 in chips)
Seat 4: d4c5a04b ($1.01 in chips)
Seat 5: 5f82d679 ($4.44 in chips)
Seat 6: Hero ($5.8 in chips)
5bce22b5: posts small blind $0.02
d4c5a04b: posts big blind $0.05
*** HOLE CARDS ***
Dealt to afdc725e 
Dealt to 5bce22b5 
Dealt to d4c5a04b 
Dealt to 5f82d679 
Dealt to Hero [5d 6h]
5f82d679: folds
Hero: folds
afdc725e: raises $0.08 to $0.13
5bce22b5: folds
d4c5a04b: folds
Uncalled bet ($0.08) returned to afdc725e
*** SHOWDOWN ***
afdc725e collected $0.12 from pot
*** SUMMARY ***
Total pot $0.12 | Rake $0 | Jackpot $0 | Bingo $0 | Fortune $0
Seat 1: afdc725e (button) collected ($0.12)
Seat 2: 5bce22b5 (small blind) folded before Flop
Seat 4: d4c5a04b (big blind) folded before Flop
Seat 5: 5f82d679 folded before Flop (didn't bet)
Seat 6: Hero folded before Flop (didn't bet)


Poker Hand #HD1171639803: Hold'em No Limit  ($0.02/$0.05) - 2023/03/22 21:43:43
Table 'NLHBlue102' 6-max Seat #6 is the button
Seat 1: afdc725e ($11.41 in chips)
Seat 2: 5bce22b5 ($5.68 in chips)
Seat 3: 74d7d934 ($6.3 in chips)
Seat 4: d4c5a04b ($1.01 in chips)
Seat 5: 5f82d679 ($4.54 in chips)
Seat 6: Hero ($5.64 in chips)
afdc725e: posts small blind $0.02
5bce22b5: posts big blind $0.05
*** HOLE CARDS ***
Dealt to afdc725e 
Dealt to 5bce22b5 
Dealt to 74d7d934 
Dealt to d4c5a04b 
Dealt to 5f82d679 
Dealt to Hero [Qc Qh]
74d7d934: folds
d4c5a04b: folds
5f82d679: raises $0.05 to $0.1
Hero: raises $0.26 to $0.36
afdc725e: folds
5bce22b5: folds
5f82d679: folds
Uncalled bet ($0.26) returned to Hero
*** SHOWDOWN ***
Hero collected $0.26 from pot
*** SUMMARY ***
Total pot $0.27 | Rake $0.01 | Jackpot $0 | Bingo $0 | Fortune $0
Seat 1: afdc725e (small blind) folded before Flop
Seat 2: 5bce22b5 (big blind) folded before Flop
Seat 3: 74d7d934 folded before Flop (didn't bet)
Seat 4: d4c5a04b folded before Flop (didn't bet)
Seat 5: 5f82d679 folded before Flop
Seat 6: Hero (button) collected ($0.26)


Poker Hand #HD1171639764: Hold'em No Limit  ($0.02/$0.05) - 2023/03/22 21:43:24
Table 'NLHBlue102' 6-max Seat #5 is the button
Seat 1: afdc725e ($11.46 in chips)
Seat 2: 5bce22b5 ($5.83 in chips)
Seat 3: 74d7d934 ($6.09 in chips)
Seat 4: d4c5a04b ($1.01 in chips)
Seat 5: 5f82d679 ($4.54 in chips)
Seat 6: Hero ($5.66 in chips)
Hero: posts small blind $0.02
afdc725e: posts big blind $0.05
*** HOLE CARDS ***
Dealt to afdc725e 
Dealt to 5bce22b5 
Dealt to 74d7d934 
Dealt to d4c5a04b 
Dealt to 5f82d679 
Dealt to Hero [2h Th]
5bce22b5: raises $0.1 to $0.15
74d7d934: raises $0.3 to $0.45
d4c5a04b: folds
5f82d679: folds
Hero: folds
afdc725e: folds
5bce22b5: folds
Uncalled bet ($0.3) returned to 74d7d934
*** SHOWDOWN ***
74d7d934 collected $0.36 from pot
*** SUMMARY ***
Total pot $0.37 | Rake $0.01 | Jackpot $0 | Bingo $0 | Fortune $0
Seat 1: afdc725e (big blind) folded before Flop
Seat 2: 5bce22b5 folded before Flop
Seat 3: 74d7d934 collected ($0.36)
Seat 4: d4c5a04b folded before Flop (didn't bet)
Seat 5: 5f82d679 (button) folded before Flop (didn't bet)
Seat 6: Hero (small blind) folded before Flop


Poker Hand #HD1171639626: Hold'em No Limit  ($0.02/$0.05) - 2023/03/22 21:42:29
Table 'NLHBlue102' 6-max Seat #4 is the button
Seat 1: afdc725e ($12.24 in chips)
Seat 2: 5bce22b5 ($5.83 in chips)
Seat 3: 74d7d934 ($5 in chips)
Seat 4: d4c5a04b ($1.39 in chips)
Seat 5: 5f82d679 ($4.56 in chips)
Seat 6: Hero ($5.71 in chips)
5f82d679: posts small blind $0.02
Hero: posts big blind $0.05
*** HOLE CARDS ***
Dealt to afdc725e 
Dealt to 5bce22b5 
Dealt to 74d7d934 
Dealt to d4c5a04b 
Dealt to 5f82d679 
Dealt to Hero [5s 6c]
afdc725e: raises $0.08 to $0.13
5bce22b5: folds
74d7d934: raises $0.25 to $0.38
d4c5a04b: calls $0.38
5f82d679: folds
Hero: folds
afdc725e: calls $0.25
*** FLOP *** [8d 5c 3s]
afdc725e: checks
74d7d934: bets $0.4
d4c5a04b: folds
afdc725e: calls $0.4
*** TURN *** [8d 5c 3s] [3c]
afdc725e: checks
74d7d934: bets $1.01
afdc725e: folds
Uncalled bet ($1.01) returned to 74d7d934
*** SHOWDOWN ***
74d7d934 collected $1.87 from pot
*** SUMMARY ***
Total pot $2.01 | Rake $0.09 | Jackpot $0.05 | Bingo $0 | Fortune $0
Board [8d 5c 3s 3c]
Seat 1: afdc725e folded on the Turn
Seat 2: 5bce22b5 folded before Flop (didn't bet)
Seat 3: 74d7d934 won ($1.87)
Seat 4: d4c5a04b (button) folded on the Flop
Seat 5: 5f82d679 (small blind) folded before Flop
Seat 6: Hero (big blind) folded before Flop


Poker Hand #HD1171639595: Hold'em No Limit  ($0.02/$0.05) - 2023/03/22 21:42:15
Table 'NLHBlue102' 6-max Seat #3 is the button
Seat 1: afdc725e ($12.17 in chips)
Seat 2: 5bce22b5 ($5.83 in chips)
Seat 3: 74d7d934 ($5 in chips)
Seat 4: d4c5a04b ($1.41 in chips)
Seat 5: 5f82d679 ($4.61 in chips)
Seat 6: Hero ($5.71 in chips)
d4c5a04b: posts small blind $0.02
5f82d679: posts big blind $0.05
*** HOLE CARDS ***
Dealt to afdc725e 
Dealt to 5bce22b5 
Dealt to 74d7d934 
Dealt to d4c5a04b 
Dealt to 5f82d679 
Dealt to Hero [Js 5s]
Hero: folds
afdc725e: raises $0.08 to $0.13
5bce22b5: folds
74d7d934: folds
d4c5a04b: folds
5f82d679: folds
Uncalled bet ($0.08) returned to afdc725e
*** SHOWDOWN ***
afdc725e collected $0.12 from pot
*** SUMMARY ***
Total pot $0.12 | Rake $0 | Jackpot $0 | Bingo $0 | Fortune $0
Seat 1: afdc725e collected ($0.12)
Seat 2: 5bce22b5 folded before Flop (didn't bet)
Seat 3: 74d7d934 (button) folded before Flop (didn't bet)
Seat 4: d4c5a04b (small blind) folded before Flop
Seat 5: 5f82d679 (big blind) folded before Flop
Seat 6: Hero folded before Flop (didn't bet)


Poker Hand #HD1171639484: Hold'em No Limit  ($0.02/$0.05) - 2023/03/22 21:41:30
Table 'NLHBlue102' 6-max Seat #2 is the button
Seat 1: afdc725e ($12.17 in chips)
Seat 2: 5bce22b5 ($5.31 in chips)
Seat 3: 74d7d934 ($5 in chips)
Seat 4: d4c5a04b ($1.96 in chips)
Seat 5: 5f82d679 ($4.61 in chips)
Seat 6: Hero ($5.71 in chips)
74d7d934: posts small blind $0.02
d4c5a04b: posts big blind $0.05
*** HOLE CARDS ***
Dealt to afdc725e 
Dealt to 5bce22b5 
Dealt to 74d7d934 
Dealt to d4c5a04b 
Dealt to 5f82d679 
Dealt to Hero [2s Ks]
5f82d679: folds
Hero: folds
afdc725e: folds
5bce22b5: raises $0.08 to $0.13
74d7d934: folds
d4c5a04b: calls $0.08
*** FLOP *** [Qs Ad 7d]
d4c5a04b: checks
5bce22b5: checks
*** TURN *** [Qs Ad 7d] [As]
d4c5a04b: bets $0.14
5bce22b5: calls $0.14
*** RIVER *** [Qs Ad 7d As] [9c]
d4c5a04b: bets $0.28
5bce22b5: calls $0.28
d4c5a04b: shows [Ts Jd] (Pair of Aces)
5bce22b5: shows [4h Ah] (Three Aces)
*** SHOWDOWN ***
5bce22b5 collected $1.07 from pot
*** SUMMARY ***
Total pot $1.12 | Rake $0.05 | Jackpot $0 | Bingo $0 | Fortune $0
Board [Qs Ad 7d As 9c]
Seat 1: afdc725e folded before Flop (didn't bet)
Seat 2: 5bce22b5 (button) showed [4h Ah] and won ($1.07) with Three Aces
Seat 3: 74d7d934 (small blind) folded before Flop
Seat 4: d4c5a04b (big blind) showed [Ts Jd] and lost with Pair of Aces
Seat 5: 5f82d679 folded before Flop (didn't bet)
Seat 6: Hero folded before Flop (didn't bet)


Poker Hand #HD1171639423: Hold'em No Limit  ($0.02/$0.05) - 2023/03/22 21:41:02
Table 'NLHBlue102' 6-max Seat #1 is the button
Seat 1: afdc725e ($11.61 in chips)
Seat 2: 5bce22b5 ($5.33 in chips)
Seat 3: 74d7d934 ($5.33 in chips)
Seat 4: d4c5a04b ($1.96 in chips)
Seat 5: 5f82d679 ($4.61 in chips)
Seat 6: Hero ($5.71 in chips)
5bce22b5: posts small blind $0.02
74d7d934: posts big blind $0.05
*** HOLE CARDS ***
Dealt to afdc725e 
Dealt to 5bce22b5 
Dealt to 74d7d934 
Dealt to d4c5a04b 
Dealt to 5f82d679 
Dealt to Hero [3s 9h]
d4c5a04b: folds
5f82d679: folds
Hero: folds
afdc725e: raises $0.08 to $0.13
5bce22b5: folds
74d7d934: raises $0.47 to $0.6
afdc725e: calls $0.47
*** FLOP *** [Tc 2c 4c]
74d7d934: checks
afdc725e: bets $0.41
74d7d934: folds
Uncalled bet ($0.41) returned to afdc725e
*** SHOWDOWN ***
afdc725e collected $1.16 from pot
*** SUMMARY ***
Total pot $1.22 | Rake $0.06 | Jackpot $0 | Bingo $0 | Fortune $0
Board [Tc 2c 4c]
Seat 1: afdc725e (button) won ($1.16)
Seat 2: 5bce22b5 (small blind) folded before Flop
Seat 3: 74d7d934 (big blind) folded on the Flop
Seat 4: d4c5a04b folded before Flop (didn't bet)
Seat 5: 5f82d679 folded before Flop (didn't bet)
Seat 6: Hero folded before Flop (didn't bet)


Poker Hand #HD1171639299: Hold'em No Limit  ($0.02/$0.05) - 2023/03/22 21:40:10
Table 'NLHBlue102' 6-max Seat #6 is the button
Seat 1: afdc725e ($11.76 in chips)
Seat 2: 5bce22b5 ($5.19 in chips)
Seat 3: 74d7d934 ($5.33 in chips)
Seat 4: d4c5a04b ($1.96 in chips)
Seat 5: 5f82d679 ($4.61 in chips)
Seat 6: Hero ($5.71 in chips)
afdc725e: posts small blind $0.02
5bce22b5: posts big blind $0.05
*** HOLE CARDS ***
Dealt to afdc725e 
Dealt to 5bce22b5 
Dealt to 74d7d934 
Dealt to d4c5a04b 
Dealt to 5f82d679 
Dealt to Hero [3h Ts]
74d7d934: folds
d4c5a04b: folds
5f82d679: folds
Hero: folds
afdc725e: calls $0.03
5bce22b5: checks
*** FLOP *** [Ad Jh Js]
afdc725e: bets $0.05
5bce22b5: calls $0.05
*** TURN *** [Ad Jh Js] [Ks]
afdc725e: checks
5bce22b5: bets $0.05
afdc725e: calls $0.05
*** RIVER *** [Ad Jh Js Ks] [4s]
afdc725e: checks
5bce22b5: bets $0.6
afdc725e: folds
Uncalled bet ($0.6) returned to 5bce22b5
*** SHOWDOWN ***
5bce22b5 collected $0.29 from pot
*** SUMMARY ***
Total pot $0.3 | Rake $0.01 | Jackpot $0 | Bingo $0 | Fortune $0
Board [Ad Jh Js Ks 4s]
Seat 1: afdc725e (small blind) folded on the River
Seat 2: 5bce22b5 (big blind) won ($0.29)
Seat 3: 74d7d934 folded before Flop (didn't bet)
Seat 4: d4c5a04b folded before Flop (didn't bet)
Seat 5: 5f82d679 folded before Flop (didn't bet)
Seat 6: Hero (button) folded before Flop (didn't bet)


Poker Hand #HD1171639270: Hold'em No Limit  ($0.02/$0.05) - 2023/03/22 21:39:59
Table 'NLHBlue102' 6-max Seat #5 is the button
Seat 1: afdc725e ($11.81 in chips)
Seat 2: 5bce22b5 ($5.12 in chips)
Seat 3: 74d7d934 ($5.33 in chips)
Seat 4: d4c5a04b ($1.96 in chips)
Seat 5: 5f82d679 ($4.61 in chips)
Seat 6: Hero ($5.73 in chips)
Hero: posts small blind $0.02
afdc725e: posts big blind $0.05
*** HOLE CARDS ***
Dealt to afdc725e 
Dealt to 5bce22b5 
Dealt to 74d7d934 
Dealt to d4c5a04b 
Dealt to 5f82d679 
Dealt to Hero [3d 2c]
5bce22b5: raises $0.1 to $0.15
74d7d934: folds
d4c5a04b: folds
5f82d679: folds
Hero: folds
afdc725e: folds
Uncalled bet ($0.1) returned to 5bce22b5
*** SHOWDOWN ***
5bce22b5 collected $0.12 from pot
*** SUMMARY ***
Total pot $0.12 | Rake $0 | Jackpot $0 | Bingo $0 | Fortune $0
Seat 1: afdc725e (big blind) folded before Flop
Seat 2: 5bce22b5 collected ($0.12)
Seat 3: 74d7d934 folded before Flop (didn't bet)
Seat 4: d4c5a04b folded before Flop (didn't bet)
Seat 5: 5f82d679 (button) folded before Flop (didn't bet)
Seat 6: Hero (small blind) folded before Flop


Poker Hand #HD1171639228: Hold'em No Limit  ($0.02/$0.05) - 2023/03/22 21:39:42
Table 'NLHBlue102' 6-max Seat #4 is the button
Seat 1: afdc725e ($11.74 in chips)
Seat 2: 5bce22b5 ($5.12 in chips)
Seat 3: 74d7d934 ($5.33 in chips)
Seat 4: d4c5a04b ($1.96 in chips)
Seat 5: 5f82d679 ($4.63 in chips)
Seat 6: Hero ($5.78 in chips)
5f82d679: posts small blind $0.02
Hero: posts big blind $0.05
*** HOLE CARDS ***
Dealt to afdc725e 
Dealt to 5bce22b5 
Dealt to 74d7d934 
Dealt to d4c5a04b 
Dealt to 5f82d679 
Dealt to Hero [4d As]
afdc725e: raises $0.08 to $0.13
5bce22b5: folds
74d7d934: folds
d4c5a04b: folds
5f82d679: folds
Hero: folds
Uncalled bet ($0.08) returned to afdc725e
*** SHOWDOWN ***
afdc725e collected $0.12 from pot
*** SUMMARY ***
Total pot $0.12 | Rake $0 | Jackpot $0 | Bingo $0 | Fortune $0
Seat 1: afdc725e collected ($0.12)
Seat 2: 5bce22b5 folded before Flop (didn't bet)
Seat 3: 74d7d934 folded before Flop (didn't bet)
Seat 4: d4c5a04b (button) folded before Flop (didn't bet)
Seat 5: 5f82d679 (small blind) folded before Flop
Seat 6: Hero (big blind) folded before Flop


Poker Hand #HD1171639199: Hold'em No Limit  ($0.02/$0.05) - 2023/03/22 21:39:30
Table 'NLHBlue102' 6-max Seat #3 is the button
Seat 1: afdc725e ($11.74 in chips)
Seat 2: 5bce22b5 ($5.05 in chips)
Seat 3: 74d7d934 ($5.33 in chips)
Seat 4: d4c5a04b ($1.98 in chips)
Seat 5: 5f82d679 ($4.68 in chips)
Seat 6: Hero ($5.78 in chips)
d4c5a04b: posts small blind $0.02
5f82d679: posts big blind $0.05
*** HOLE CARDS ***
Dealt to afdc725e 
Dealt to 5bce22b5 
Dealt to 74d7d934 
Dealt to d4c5a04b 
Dealt to 5f82d679 
Dealt to Hero [Jh 8c]
Hero: folds
afdc725e: folds
5bce22b5: raises $0.1 to $0.15
74d7d934: folds
d4c5a04b: folds
5f82d679: folds
Uncalled bet ($0.1) returned to 5bce22b5
*** SHOWDOWN ***
5bce22b5 collected $0.12 from pot
*** SUMMARY ***
Total pot $0.12 | Rake $0 | Jackpot $0 | Bingo $0 | Fortune $0
Seat 1: afdc725e folded before Flop (didn't bet)
Seat 2: 5bce22b5 collected ($0.12)
Seat 3: 74d7d934 (button) folded before Flop (didn't bet)
Seat 4: d4c5a04b (small blind) folded before Flop
Seat 5: 5f82d679 (big blind) folded before Flop
Seat 6: Hero folded before Flop (didn't bet)


Poker Hand #HD1171639077: Hold'em No Limit  ($0.02/$0.05) - 2023/03/22 21:38:33
Table 'NLHBlue102' 6-max Seat #2 is the button
Seat 1: afdc725e ($11.74 in chips)
Seat 2: 5bce22b5 ($5.6 in chips)
Seat 3: 74d7d934 ($5.35 in chips)
Seat 4: d4c5a04b ($2.03 in chips)
Seat 5: 5f82d679 ($4.11 in chips)
Seat 6: Hero ($5.78 in chips)
74d7d934: posts small blind $0.02
d4c5a04b: posts big blind $0.05
*** HOLE CARDS ***
Dealt to afdc725e 
Dealt to 5bce22b5 
Dealt to 74d7d934 
Dealt to d4c5a04b 
Dealt to 5f82d679 
Dealt to Hero [Ks 5c]
5f82d679: raises $0.05 to $0.1
Hero: folds
afdc725e: folds
5bce22b5: calls $0.1
74d7d934: folds
d4c5a04b: folds
*** FLOP *** [4s 7s 4d]
5f82d679: checks
5bce22b5: checks
*** TURN *** [4s 7s 4d] [4h]
5f82d679: bets $0.1
5bce22b5: calls $0.1
*** RIVER *** [4s 7s 4d 4h] [Ah]
5f82d679: bets $0.35
5bce22b5: calls $0.35
5f82d679: shows [As Ac] (Aces Full over Fours)
5bce22b5: shows [Tc Kh] (Three Fours)
*** SHOWDOWN ***
5f82d679 collected $1.12 from pot
*** SUMMARY ***
Total pot $1.17 | Rake $0.05 | Jackpot $0 | Bingo $0 | Fortune $0
Board [4s 7s 4d 4h Ah]
Seat 1: afdc725e folded before Flop (didn't bet)
Seat 2: 5bce22b5 (button) showed [Tc Kh] and lost with Three Fours
Seat 3: 74d7d934 (small blind) folded before Flop
Seat 4: d4c5a04b (big blind) folded before Flop
Seat 5: 5f82d679 showed [As Ac] and won ($1.12) with Aces Full over Fours
Seat 6: Hero folded before Flop (didn't bet)


Poker Hand #HD1171638975: Hold'em No Limit  ($0.02/$0.05) - 2023/03/22 21:37:48
Table 'NLHBlue102' 6-max Seat #1 is the button
Seat 1: afdc725e ($12.02 in chips)
Seat 2: 5bce22b5 ($5.62 in chips)
Seat 3: 74d7d934 ($5.4 in chips)
Seat 4: d4c5a04b ($2.03 in chips)
Seat 5: 5f82d679 ($4.11 in chips)
Seat 6: Hero ($5.46 in chips)
5bce22b5: posts small blind $0.02
74d7d934: posts big blind $0.05
*** HOLE CARDS ***
Dealt to afdc725e 
Dealt to 5bce22b5 
Dealt to 74d7d934 
Dealt to d4c5a04b 
Dealt to 5f82d679 
Dealt to Hero [Td 9h]
d4c5a04b: folds
5f82d679: folds
Hero: raises $0.07 to $0.12
afdc725e: calls $0.12
5bce22b5: folds
74d7d934: folds
*** FLOP *** [6s Kc 8s]
Hero: checks
afdc725e: bets $0.16
Hero: calls $0.16
*** TURN *** [6s Kc 8s] [4c]
Hero: checks
afdc725e: checks
*** RIVER *** [6s Kc 8s 4c] [3h]
Hero: bets $0.5
afdc725e: folds
Uncalled bet ($0.5) returned to Hero
*** SHOWDOWN ***
Hero collected $0.6 from pot
*** SUMMARY ***
Total pot $0.63 | Rake $0.03 | Jackpot $0 | Bingo $0 | Fortune $0
Board [6s Kc 8s 4c 3h]
Seat 1: afdc725e (button) folded on the River
Seat 2: 5bce22b5 (small blind) folded before Flop
Seat 3: 74d7d934 (big blind) folded before Flop
Seat 4: d4c5a04b folded before Flop (didn't bet)
Seat 5: 5f82d679 folded before Flop (didn't bet)
Seat 6: Hero won ($0.6)


Poker Hand #HD1171638935: Hold'em No Limit  ($0.02/$0.05) - 2023/03/22 21:37:30
Table 'NLHBlue102' 6-max Seat #6 is the button
Seat 1: afdc725e ($12.04 in chips)
Seat 2: 5bce22b5 ($5.49 in chips)
Seat 3: 74d7d934 ($5.4 in chips)
Seat 4: d4c5a04b ($2.03 in chips)
Seat 5: 5f82d679 ($4.11 in chips)
Seat 6: Hero ($5.58 in chips)
afdc725e: posts small blind $0.02
5bce22b5: posts big blind $0.05
*** HOLE CARDS ***
Dealt to afdc725e 
Dealt to 5bce22b5 
Dealt to 74d7d934 
Dealt to d4c5a04b 
Dealt to 5f82d679 
Dealt to Hero [As 6d]
74d7d934: folds
d4c5a04b: folds
5f82d679: folds
Hero: raises $0.07 to $0.12
afdc725e: folds
5bce22b5: raises $0.45 to $0.57
Hero: folds
Uncalled bet ($0.45) returned to 5bce22b5
*** SHOWDOWN ***
5bce22b5 collected $0.25 from pot
*** SUMMARY ***
Total pot $0.26 | Rake $0.01 | Jackpot $0 | Bingo $0 | Fortune $0
Seat 1: afdc725e (small blind) folded before Flop
Seat 2: 5bce22b5 (big blind) collected ($0.25)
Seat 3: 74d7d934 folded before Flop (didn't bet)
Seat 4: d4c5a04b folded before Flop (didn't bet)
Seat 5: 5f82d679 folded before Flop (didn't bet)
Seat 6: Hero (button) folded before Flop


Poker Hand #HD1171638834: Hold'em No Limit  ($0.02/$0.05) - 2023/03/22 21:36:45
Table 'NLHBlue102' 6-max Seat #5 is the button
Seat 1: afdc725e ($12.16 in chips)
Seat 2: 5bce22b5 ($5.49 in chips)
Seat 3: 74d7d934 ($5.15 in chips)
Seat 4: d4c5a04b ($2.15 in chips)
Seat 5: 5f82d679 ($4.11 in chips)
Seat 6: Hero ($5.6 in chips)
Hero: posts small blind $0.02
afdc725e: posts big blind $0.05
*** HOLE CARDS ***
Dealt to afdc725e 
Dealt to 5bce22b5 
Dealt to 74d7d934 
Dealt to d4c5a04b 
Dealt to 5f82d679 
Dealt to Hero [Ac 9d]
5bce22b5: folds
74d7d934: raises $0.07 to $0.12
d4c5a04b: calls $0.12
5f82d679: folds
Hero: folds
afdc725e: calls $0.07
*** FLOP *** [8c 5d Qd]
afdc725e: checks
74d7d934: checks
d4c5a04b: checks
*** TURN *** [8c 5d Qd] [Jh]
afdc725e: checks
74d7d934: bets $0.29
d4c5a04b: folds
afdc725e: folds
Uncalled bet ($0.29) returned to 74d7d934
*** SHOWDOWN ***
74d7d934 collected $0.37 from pot
*** SUMMARY ***
Total pot $0.38 | Rake $0.01 | Jackpot $0 | Bingo $0 | Fortune $0
Board [8c 5d Qd Jh]
Seat 1: afdc725e (big blind) folded on the Turn
Seat 2: 5bce22b5 folded before Flop (didn't bet)
Seat 3: 74d7d934 won ($0.37)
Seat 4: d4c5a04b folded on the Turn
Seat 5: 5f82d679 (button) folded before Flop (didn't bet)
Seat 6: Hero (small blind) folded before Flop


Poker Hand #HD1171638772: Hold'em No Limit  ($0.02/$0.05) - 2023/03/22 21:36:16
Table 'NLHBlue102' 6-max Seat #4 is the button
Seat 1: afdc725e ($12.16 in chips)
Seat 2: 5bce22b5 ($5.28 in chips)
Seat 3: 74d7d934 ($5.15 in chips)
Seat 4: d4c5a04b ($2.3 in chips)
Seat 5: 5f82d679 ($4.13 in chips)
Seat 6: Hero ($5.65 in chips)
5f82d679: posts small blind $0.02
Hero: posts big blind $0.05
*** HOLE CARDS ***
Dealt to afdc725e 
Dealt to 5bce22b5 
Dealt to 74d7d934 
Dealt to d4c5a04b 
Dealt to 5f82d679 
Dealt to Hero [7s 9c]
afdc725e: folds
5bce22b5: raises $0.1 to $0.15
74d7d934: folds
d4c5a04b: calls $0.15
5f82d679: folds
Hero: folds
*** FLOP *** [Ac 2h 4h]
5bce22b5: bets $0.15
d4c5a04b: folds
Uncalled bet ($0.15) returned to 5bce22b5
*** SHOWDOWN ***
5bce22b5 collected $0.36 from pot
*** SUMMARY ***
Total pot $0.37 | Rake $0.01 | Jackpot $0 | Bingo $0 | Fortune $0
Board [Ac 2h 4h]
Seat 1: afdc725e folded before Flop (didn't bet)
Seat 2: 5bce22b5 won ($0.36)
Seat 3: 74d7d934 folded before Flop (didn't bet)
Seat 4: d4c5a04b (button) folded on the Flop
Seat 5: 5f82d679 (small blind) folded before Flop
Seat 6: Hero (big blind) folded before Flop


Poker Hand #HD1171638742: Hold'em No Limit  ($0.02/$0.05) - 2023/03/22 21:36:01
Table 'NLHBlue102' 6-max Seat #3 is the button
Seat 1: afdc725e ($12.16 in chips)
Seat 2: 5bce22b5 ($5.28 in chips)
Seat 3: 74d7d934 ($5.15 in chips)
Seat 4: d4c5a04b ($2.25 in chips)
Seat 5: 5f82d679 ($4.18 in chips)
Seat 6: Hero ($5.65 in chips)
d4c5a04b: posts small blind $0.02
5f82d679: posts big blind $0.05
*** HOLE CARDS ***
Dealt to afdc725e 
Dealt to 5bce22b5 
Dealt to 74d7d934 
Dealt to d4c5a04b 
Dealt to 5f82d679 
Dealt to Hero [9s Ah]
Hero: folds
afdc725e: folds
5bce22b5: folds
74d7d934: folds
d4c5a04b: raises $0.1 to $0.15
5f82d679: folds
Uncalled bet ($0.1) returned to d4c5a04b
*** SHOWDOWN ***
d4c5a04b collected $0.1 from pot
*** SUMMARY ***
Total pot $0.1 | Rake $0 | Jackpot $0 | Bingo $0 | Fortune $0
Seat 1: afdc725e folded before Flop (didn't bet)
Seat 2: 5bce22b5 folded before Flop (didn't bet)
Seat 3: 74d7d934 (button) folded before Flop (didn't bet)
Seat 4: d4c5a04b (small blind) collected ($0.1)
Seat 5: 5f82d679 (big blind) folded before Flop
Seat 6: Hero folded before Flop (didn't bet)


Poker Hand #HD1171638721: Hold'em No Limit  ($0.02/$0.05) - 2023/03/22 21:35:54
Table 'NLHBlue102' 6-max Seat #2 is the button
Seat 1: afdc725e ($12.16 in chips)
Seat 2: 5bce22b5 ($5.28 in chips)
Seat 3: 74d7d934 ($5.17 in chips)
Seat 4: d4c5a04b ($2.23 in chips)
Seat 5: 5f82d679 ($4.18 in chips)
Seat 6: Hero ($5.65 in chips)
74d7d934: posts small blind $0.02
d4c5a04b: posts big blind $0.05
*** HOLE CARDS ***
Dealt to afdc725e 
Dealt to 5bce22b5 
Dealt to 74d7d934 
Dealt to d4c5a04b 
Dealt to 5f82d679 
Dealt to Hero [3h 4h]
5f82d679: folds
Hero: folds
afdc725e: folds
5bce22b5: folds
74d7d934: folds
Uncalled bet ($0.03) returned to d4c5a04b
*** SHOWDOWN ***
d4c5a04b collected $0.04 from pot
*** SUMMARY ***
Total pot $0.04 | Rake $0 | Jackpot $0 | Bingo $0 | Fortune $0
Seat 1: afdc725e folded before Flop (didn't bet)
Seat 2: 5bce22b5 (button) folded before Flop (didn't bet)
Seat 3: 74d7d934 (small blind) folded before Flop
Seat 4: d4c5a04b (big blind) collected ($0.04)
Seat 5: 5f82d679 folded before Flop (didn't bet)
Seat 6: Hero folded before Flop (didn't bet)


Poker Hand #HD1171638694: Hold'em No Limit  ($0.02/$0.05) - 2023/03/22 21:35:44
Table 'NLHBlue102' 6-max Seat #1 is the button
Seat 1: afdc725e ($12.16 in chips)
Seat 2: 5bce22b5 ($5.3 in chips)
Seat 3: 74d7d934 ($5.22 in chips)
Seat 4: d4c5a04b ($2.16 in chips)
Seat 5: 5f82d679 ($4.18 in chips)
Seat 6: Hero ($5.65 in chips)
5bce22b5: posts small blind $0.02
74d7d934: posts big blind $0.05
*** HOLE CARDS ***
Dealt to afdc725e 
Dealt to 5bce22b5 
Dealt to 74d7d934 
Dealt to d4c5a04b 
Dealt to 5f82d679 
Dealt to Hero [3d Jc]
d4c5a04b: raises $0.05 to $0.1
5f82d679: folds
Hero: folds
afdc725e: folds
5bce22b5: folds
74d7d934: folds
Uncalled bet ($0.05) returned to d4c5a04b
*** SHOWDOWN ***
d4c5a04b collected $0.12 from pot
*** SUMMARY ***
Total pot $0.12 | Rake $0 | Jackpot $0 | Bingo $0 | Fortune $0
Seat 1: afdc725e (button) folded before Flop (didn't bet)
Seat 2: 5bce22b5 (small blind) folded before Flop
Seat 3: 74d7d934 (big blind) folded before Flop
Seat 4: d4c5a04b collected ($0.12)
Seat 5: 5f82d679 folded before Flop (didn't bet)
Seat 6: Hero folded before Flop (didn't bet)


Poker Hand #HD1171638558: Hold'em No Limit  ($0.02/$0.05) - 2023/03/22 21:34:41
Table 'NLHBlue102' 6-max Seat #6 is the button
Seat 1: afdc725e ($12.21 in chips)
Seat 2: 5bce22b5 ($5.35 in chips)
Seat 3: 74d7d934 ($5.22 in chips)
Seat 4: d4c5a04b ($2.16 in chips)
Seat 5: 5f82d679 ($4.23 in chips)
Seat 6: Hero ($5.65 in chips)
afdc725e: posts small blind $0.02
5bce22b5: posts big blind $0.05
*** HOLE CARDS ***
Dealt to afdc725e 
Dealt to 5bce22b5 
Dealt to 74d7d934 
Dealt to d4c5a04b 
Dealt to 5f82d679 
Dealt to Hero [Kd 7c]
74d7d934: folds
d4c5a04b: folds
5f82d679: raises $0.05 to $0.1
Hero: folds
afdc725e: raises $0.4 to $0.5
5bce22b5: folds
5f82d679: calls $0.4
*** FLOP *** [4h 3s 4d]
afdc725e: checks
5f82d679: checks
*** TURN *** [4h 3s 4d] [Jd]
afdc725e: checks
5f82d679: checks
*** RIVER *** [4h 3s 4d Jd] [Ad]
afdc725e: bets $0.53
5f82d679: calls $0.53
afdc725e: shows [Ac 6c] (Pair of Aces and Pair of Fours)
5f82d679: shows [Th Ah] (Pair of Aces and Pair of Fours)
*** SHOWDOWN ***
afdc725e collected $0.98 from pot
5f82d679 collected $0.98 from pot
*** SUMMARY ***
Total pot $2.11 | Rake $0.1 | Jackpot $0.05 | Bingo $0 | Fortune $0
Board [4h 3s 4d Jd Ad]
Seat 1: afdc725e (small blind) showed [Ac 6c] and won ($0.98) with Pair of Aces and Pair of Fours
Seat 2: 5bce22b5 (big blind) folded before Flop
Seat 3: 74d7d934 folded before Flop (didn't bet)
Seat 4: d4c5a04b folded before Flop (didn't bet)
Seat 5: 5f82d679 showed [Th Ah] and won ($0.98) with Pair of Aces and Pair of Fours
Seat 6: Hero (button) folded before Flop (didn't bet)


Poker Hand #HD1171638370: Hold'em No Limit  ($0.02/$0.05) - 2023/03/22 21:33:20
Table 'NLHBlue102' 6-max Seat #5 is the button
Seat 1: afdc725e ($12.36 in chips)
Seat 2: 5bce22b5 ($5.27 in chips)
Seat 3: 74d7d934 ($5.22 in chips)
Seat 4: d4c5a04b ($2.16 in chips)
Seat 5: 5f82d679 ($4.16 in chips)
Seat 6: Hero ($5.67 in chips)
Hero: posts small blind $0.02
afdc725e: posts big blind $0.05
*** HOLE CARDS ***
Dealt to afdc725e 
Dealt to 5bce22b5 
Dealt to 74d7d934 
Dealt to d4c5a04b 
Dealt to 5f82d679 
Dealt to Hero [Kh 5c]
5bce22b5: raises $0.1 to $0.15
74d7d934: folds
d4c5a04b: folds
5f82d679: calls $0.15
Hero: folds
afdc725e: calls $0.1
*** FLOP *** [Th 6h Qc]
afdc725e: checks
5bce22b5: checks
5f82d679: checks
*** TURN *** [Th 6h Qc] [4s]
afdc725e: checks
5bce22b5: checks
5f82d679: bets $0.15
afdc725e: folds
5bce22b5: calls $0.15
*** RIVER *** [Th 6h Qc 4s] [Kc]
5bce22b5: checks
5f82d679: checks
5bce22b5: shows [Js Td] (Pair of Tens)
5f82d679: shows [Jc Tc] (Pair of Tens)
*** SHOWDOWN ***
5bce22b5 collected $0.38 from pot
5f82d679 collected $0.37 from pot
*** SUMMARY ***
Total pot $0.77 | Rake $0.02 | Jackpot $0 | Bingo $0 | Fortune $0
Board [Th 6h Qc 4s Kc]
Seat 1: afdc725e (big blind) folded on the Turn
Seat 2: 5bce22b5 showed [Js Td] and won ($0.38) with Pair of Tens
Seat 3: 74d7d934 folded before Flop (didn't bet)
Seat 4: d4c5a04b folded before Flop (didn't bet)
Seat 5: 5f82d679 (button) showed [Jc Tc] and won ($0.37) with Pair of Tens
Seat 6: Hero (small blind) folded before Flop


Poker Hand #HD1171638324: Hold'em No Limit  ($0.02/$0.05) - 2023/03/22 21:32:58
Table 'NLHBlue102' 6-max Seat #4 is the button
Seat 1: afdc725e ($12.36 in chips)
Seat 2: 5bce22b5 ($5.27 in chips)
Seat 3: 74d7d934 ($5.22 in chips)
Seat 4: d4c5a04b ($2.16 in chips)
Seat 5: 5f82d679 ($4.18 in chips)
Seat 6: Hero ($5.65 in chips)
5f82d679: posts small blind $0.02
Hero: posts big blind $0.05
*** HOLE CARDS ***
Dealt to afdc725e 
Dealt to 5bce22b5 
Dealt to 74d7d934 
Dealt to d4c5a04b 
Dealt to 5f82d679 
Dealt to Hero [6s Kd]
afdc725e: folds
5bce22b5: folds
74d7d934: folds
d4c5a04b: folds
5f82d679: folds
Uncalled bet ($0.03) returned to Hero
*** SHOWDOWN ***
Hero collected $0.04 from pot
*** SUMMARY ***
Total pot $0.04 | Rake $0 | Jackpot $0 | Bingo $0 | Fortune $0
Seat 1: afdc725e folded before Flop (didn't bet)
Seat 2: 5bce22b5 folded before Flop (didn't bet)
Seat 3: 74d7d934 folded before Flop (didn't bet)
Seat 4: d4c5a04b (button) folded before Flop (didn't bet)
Seat 5: 5f82d679 (small blind) folded before Flop
Seat 6: Hero (big blind) collected ($0.04)


Poker Hand #HD1171638282: Hold'em No Limit  ($0.02/$0.05) - 2023/03/22 21:32:39
Table 'NLHBlue102' 6-max Seat #3 is the button
Seat 1: afdc725e ($12.36 in chips)
Seat 2: 5bce22b5 ($5.27 in chips)
Seat 3: 74d7d934 ($5.15 in chips)
Seat 4: d4c5a04b ($2.18 in chips)
Seat 5: 5f82d679 ($4.23 in chips)
Seat 6: Hero ($5.65 in chips)
d4c5a04b: posts small blind $0.02
5f82d679: posts big blind $0.05
*** HOLE CARDS ***
Dealt to afdc725e 
Dealt to 5bce22b5 
Dealt to 74d7d934 
Dealt to d4c5a04b 
Dealt to 5f82d679 
Dealt to Hero [Ad 8s]
Hero: folds
afdc725e: folds
5bce22b5: folds
74d7d934: raises $0.07 to $0.12
d4c5a04b: folds
5f82d679: folds
Uncalled bet ($0.07) returned to 74d7d934
*** SHOWDOWN ***
74d7d934 collected $0.12 from pot
*** SUMMARY ***
Total pot $0.12 | Rake $0 | Jackpot $0 | Bingo $0 | Fortune $0
Seat 1: afdc725e folded before Flop (didn't bet)
Seat 2: 5bce22b5 folded before Flop (didn't bet)
Seat 3: 74d7d934 (button) collected ($0.12)
Seat 4: d4c5a04b (small blind) folded before Flop
Seat 5: 5f82d679 (big blind) folded before Flop
Seat 6: Hero folded before Flop (didn't bet)


Poker Hand #HD1171638221: Hold'em No Limit  ($0.02/$0.05) - 2023/03/22 21:32:11
Table 'NLHBlue102' 6-max Seat #2 is the button
Seat 1: afdc725e ($12.36 in chips)
Seat 2: 5bce22b5 ($5.27 in chips)
Seat 3: 74d7d934 ($5.17 in chips)
Seat 4: d4c5a04b ($2.23 in chips)
Seat 5: 5f82d679 ($4.16 in chips)
Seat 6: Hero ($5.65 in chips)
74d7d934: posts small blind $0.02
d4c5a04b: posts big blind $0.05
*** HOLE CARDS ***
Dealt to afdc725e 
Dealt to 5bce22b5 
Dealt to 74d7d934 
Dealt to d4c5a04b 
Dealt to 5f82d679 
Dealt to Hero [5h 6h]
5f82d679: raises $0.05 to $0.1
Hero: folds
afdc725e: folds
5bce22b5: folds
74d7d934: folds
d4c5a04b: folds
Uncalled bet ($0.05) returned to 5f82d679
*** SHOWDOWN ***
5f82d679 collected $0.12 from pot
*** SUMMARY ***
Total pot $0.12 | Rake $0 | Jackpot $0 | Bingo $0 | Fortune $0
Seat 1: afdc725e folded before Flop (didn't bet)
Seat 2: 5bce22b5 (button) folded before Flop (didn't bet)
Seat 3: 74d7d934 (small blind) folded before Flop
Seat 4: d4c5a04b (big blind) folded before Flop
Seat 5: 5f82d679 collected ($0.12)
Seat 6: Hero folded before Flop (didn't bet)


Poker Hand #HD1171638161: Hold'em No Limit  ($0.02/$0.05) - 2023/03/22 21:31:44
Table 'NLHBlue102' 6-max Seat #1 is the button
Seat 1: afdc725e ($12.36 in chips)
Seat 2: 5bce22b5 ($5.29 in chips)
Seat 3: 74d7d934 ($5.04 in chips)
Seat 4: d4c5a04b ($2.23 in chips)
Seat 5: 5f82d679 ($4.16 in chips)
Seat 6: Hero ($5.77 in chips)
5bce22b5: posts small blind $0.02
74d7d934: posts big blind $0.05
*** HOLE CARDS ***
Dealt to afdc725e 
Dealt to 5bce22b5 
Dealt to 74d7d934 
Dealt to d4c5a04b 
Dealt to 5f82d679 
Dealt to Hero [Tc Ks]
d4c5a04b: folds
5f82d679: folds
Hero: raises $0.07 to $0.12
afdc725e: folds
5bce22b5: folds
74d7d934: raises $0.48 to $0.6
Hero: folds
Uncalled bet ($0.48) returned to 74d7d934
*** SHOWDOWN ***
74d7d934 collected $0.25 from pot
*** SUMMARY ***
Total pot $0.26 | Rake $0.01 | Jackpot $0 | Bingo $0 | Fortune $0
Seat 1: afdc725e (button) folded before Flop (didn't bet)
Seat 2: 5bce22b5 (small blind) folded before Flop
Seat 3: 74d7d934 (big blind) collected ($0.25)
Seat 4: d4c5a04b folded before Flop (didn't bet)
Seat 5: 5f82d679 folded before Flop (didn't bet)
Seat 6: Hero folded before Flop


Poker Hand #HD1171638028: Hold'em No Limit  ($0.02/$0.05) - 2023/03/22 21:30:44
Table 'NLHBlue102' 6-max Seat #6 is the button
Seat 1: afdc725e ($12.38 in chips)
Seat 2: 5bce22b5 ($5.34 in chips)
Seat 3: 74d7d934 ($5.04 in chips)
Seat 4: d4c5a04b ($2.33 in chips)
Seat 5: 5f82d679 ($4.8 in chips)
Seat 6: Hero ($5.03 in chips)
afdc725e: posts small blind $0.02
5bce22b5: posts big blind $0.05
*** HOLE CARDS ***
Dealt to afdc725e 
Dealt to 5bce22b5 
Dealt to 74d7d934 
Dealt to d4c5a04b 
Dealt to 5f82d679 
Dealt to Hero [Ah 9h]
74d7d934: folds
d4c5a04b: raises $0.05 to $0.1
5f82d679: calls $0.1
Hero: raises $0.24 to $0.34
afdc725e: folds
5bce22b5: folds
d4c5a04b: folds
5f82d679: calls $0.24
*** FLOP *** [Jh 3d 5h]
5f82d679: checks
Hero: checks
*** TURN *** [Jh 3d 5h] [2h]
5f82d679: bets $0.3
Hero: raises $0.5 to $0.8
5f82d679: folds
Uncalled bet ($0.5) returned to Hero
*** SHOWDOWN ***
Hero collected $1.38 from pot
*** SUMMARY ***
Total pot $1.45 | Rake $0.07 | Jackpot $0 | Bingo $0 | Fortune $0
Board [Jh 3d 5h 2h]
Seat 1: afdc725e (small blind) folded before Flop
Seat 2: 5bce22b5 (big blind) folded before Flop
Seat 3: 74d7d934 folded before Flop (didn't bet)
Seat 4: d4c5a04b folded before Flop
Seat 5: 5f82d679 folded on the Turn
Seat 6: Hero (button) won ($1.38)


Poker Hand #HD1171637955: Hold'em No Limit  ($0.02/$0.05) - 2023/03/22 21:30:16
Table 'NLHBlue102' 6-max Seat #5 is the button
Seat 1: afdc725e ($12.13 in chips)
Seat 2: 5bce22b5 ($5.34 in chips)
Seat 3: 74d7d934 ($5.16 in chips)
Seat 4: d4c5a04b ($2.45 in chips)
Seat 5: 5f82d679 ($4.8 in chips)
Seat 6: Hero ($5.05 in chips)
Hero: posts small blind $0.02
afdc725e: posts big blind $0.05
*** HOLE CARDS ***
Dealt to afdc725e 
Dealt to 5bce22b5 
Dealt to 74d7d934 
Dealt to d4c5a04b 
Dealt to 5f82d679 
Dealt to Hero [3s 2c]
5bce22b5: folds
74d7d934: raises $0.07 to $0.12
d4c5a04b: calls $0.12
5f82d679: folds
Hero: folds
afdc725e: raises $0.38 to $0.5
74d7d934: folds
d4c5a04b: folds
Uncalled bet ($0.38) returned to afdc725e
*** SHOWDOWN ***
afdc725e collected $0.37 from pot
*** SUMMARY ***
Total pot $0.38 | Rake $0.01 | Jackpot $0 | Bingo $0 | Fortune $0
Seat 1: afdc725e (big blind) collected ($0.37)
Seat 2: 5bce22b5 folded before Flop (didn't bet)
Seat 3: 74d7d934 folded before Flop
Seat 4: d4c5a04b folded before Flop
Seat 5: 5f82d679 (button) folded before Flop (didn't bet)
Seat 6: Hero (small blind) folded before Flop


Poker Hand #HD1171637905: Hold'em No Limit  ($0.02/$0.05) - 2023/03/22 21:29:54
Table 'NLHBlue102' 6-max Seat #4 is the button
Seat 1: afdc725e ($12.13 in chips)
Seat 2: 5bce22b5 ($5.34 in chips)
Seat 3: 74d7d934 ($5.09 in chips)
Seat 4: d4c5a04b ($2.45 in chips)
Seat 5: 5f82d679 ($4.82 in chips)
Seat 6: Hero ($5 in chips)
5f82d679: posts small blind $0.02
Hero: posts big blind $0.05
*** HOLE CARDS ***
Dealt to afdc725e 
Dealt to 5bce22b5 
Dealt to 74d7d934 
Dealt to d4c5a04b 
Dealt to 5f82d679 
Dealt to Hero [3c Qh]
afdc725e: folds
5bce22b5: folds
74d7d934: raises $0.07 to $0.12
d4c5a04b: folds
5f82d679: folds
Hero: folds
Uncalled bet ($0.07) returned to 74d7d934
*** SHOWDOWN ***
74d7d934 collected $0.12 from pot
*** SUMMARY ***
Total pot $0.12 | Rake $0 | Jackpot $0 | Bingo $0 | Fortune $0
Seat 1: afdc725e folded before Flop (didn't bet)
Seat 2: 5bce22b5 folded before Flop (didn't bet)
Seat 3: 74d7d934 collected ($0.12)
Seat 4: d4c5a04b (button) folded before Flop (didn't bet)
Seat 5: 5f82d679 (small blind) folded before Flop
Seat 6: Hero (big blind) folded before Flop


Poker Hand #HD1171637784: Hold'em No Limit  ($0.02/$0.05) - 2023/03/22 21:29:04
Table 'NLHBlue102' 6-max Seat #3 is the button
Seat 1: afdc725e ($12.13 in chips)
Seat 2: 5bce22b5 ($5 in chips)
Seat 3: 74d7d934 ($5.09 in chips)
Seat 4: d4c5a04b ($2.47 in chips)
Seat 5: 5f82d679 ($4.87 in chips)
Seat 6: Hero ($5.08 in chips)
d4c5a04b: posts small blind $0.02
5f82d679: posts big blind $0.05
*** HOLE CARDS ***
Dealt to afdc725e 
Dealt to 5bce22b5 
Dealt to 74d7d934 
Dealt to d4c5a04b 
Dealt to 5f82d679 
Dealt to Hero [Ah Qd]
Hero: raises $0.07 to $0.12
afdc725e: folds
5bce22b5: calls $0.12
74d7d934: folds
d4c5a04b: folds
5f82d679: folds
*** FLOP *** [Kc 2s Js]
Hero: bets $0.18
5bce22b5: calls $0.18
*** TURN *** [Kc 2s Js] [Kh]
Hero: checks
5bce22b5: checks
*** RIVER *** [Kc 2s Js Kh] [2c]
Hero: checks
5bce22b5: checks
Hero: shows [Ah Qd] (Pair of Kings and Pair of Twos)
5bce22b5: shows [8s 8d] (Pair of Kings and Pair of Eights)
*** SHOWDOWN ***
5bce22b5 collected $0.64 from pot
*** SUMMARY ***
Total pot $0.67 | Rake $0.03 | Jackpot $0 | Bingo $0 | Fortune $0
Board [Kc 2s Js Kh 2c]
Seat 1: afdc725e folded before Flop (didn't bet)
Seat 2: 5bce22b5 showed [8s 8d] and won ($0.64) with Pair of Kings and Pair of Eights
Seat 3: 74d7d934 (button) folded before Flop (didn't bet)
Seat 4: d4c5a04b (small blind) folded before Flop
Seat 5: 5f82d679 (big blind) folded before Flop
Seat 6: Hero showed [Ah Qd] and lost with Pair of Kings and Pair of Twos


Poker Hand #HD1171637748: Hold'em No Limit  ($0.02/$0.05) - 2023/03/22 21:28:46
Table 'NLHBlue102' 6-max Seat #2 is the button
Seat 1: afdc725e ($12.13 in chips)
Seat 2: 5bce22b5 ($5 in chips)
Seat 3: 74d7d934 ($5.11 in chips)
Seat 4: d4c5a04b ($2.45 in chips)
Seat 5: 5f82d679 ($4.87 in chips)
Seat 6: Hero ($5.08 in chips)
74d7d934: posts small blind $0.02
d4c5a04b: posts big blind $0.05
*** HOLE CARDS ***
Dealt to afdc725e 
Dealt to 5bce22b5 
Dealt to 74d7d934 
Dealt to d4c5a04b 
Dealt to 5f82d679 
Dealt to Hero [2c Kd]
5f82d679: folds
Hero: folds
afdc725e: folds
5bce22b5: folds
74d7d934: folds
Uncalled bet ($0.03) returned to d4c5a04b
*** SHOWDOWN ***
d4c5a04b collected $0.04 from pot
*** SUMMARY ***
Total pot $0.04 | Rake $0 | Jackpot $0 | Bingo $0 | Fortune $0
Seat 1: afdc725e folded before Flop (didn't bet)
Seat 2: 5bce22b5 (button) folded before Flop (didn't bet)
Seat 3: 74d7d934 (small blind) folded before Flop
Seat 4: d4c5a04b (big blind) collected ($0.04)
Seat 5: 5f82d679 folded before Flop (didn't bet)
Seat 6: Hero folded before Flop (didn't bet)


Poker Hand #HD1171637688: Hold'em No Limit  ($0.02/$0.05) - 2023/03/22 21:28:23
Table 'NLHBlue102' 6-max Seat #1 is the button
Seat 1: afdc725e ($11.95 in chips)
Seat 2: 5bce22b5 ($5.02 in chips)
Seat 3: 74d7d934 ($5.16 in chips)
Seat 4: d4c5a04b ($2.45 in chips)
Seat 5: 5f82d679 ($4.87 in chips)
Seat 6: Hero ($5.2 in chips)
5bce22b5: posts small blind $0.02
74d7d934: posts big blind $0.05
*** HOLE CARDS ***
Dealt to afdc725e 
Dealt to 5bce22b5 
Dealt to 74d7d934 
Dealt to d4c5a04b 
Dealt to 5f82d679 
Dealt to Hero [Ks Jc]
d4c5a04b: folds
5f82d679: folds
Hero: raises $0.07 to $0.12
afdc725e: raises $0.28 to $0.4
5bce22b5: folds
74d7d934: folds
Hero: folds
Uncalled bet ($0.28) returned to afdc725e
*** SHOWDOWN ***
afdc725e collected $0.3 from pot
*** SUMMARY ***
Total pot $0.31 | Rake $0.01 | Jackpot $0 | Bingo $0 | Fortune $0
Seat 1: afdc725e (button) collected ($0.3)
Seat 2: 5bce22b5 (small blind) folded before Flop
Seat 3: 74d7d934 (big blind) folded before Flop
Seat 4: d4c5a04b folded before Flop (didn't bet)
Seat 5: 5f82d679 folded before Flop (didn't bet)
Seat 6: Hero folded before Flop


Poker Hand #HD1171637651: Hold'em No Limit  ($0.02/$0.05) - 2023/03/22 21:28:08
Table 'NLHBlue102' 6-max Seat #6 is the button
Seat 1: afdc725e ($11.97 in chips)
Seat 2: 5bce22b5 ($5 in chips)
Seat 3: 74d7d934 ($5.16 in chips)
Seat 4: d4c5a04b ($2.45 in chips)
Seat 5: 5f82d679 ($4.87 in chips)
Seat 6: Hero ($5.2 in chips)
afdc725e: posts small blind $0.02
5bce22b5: posts big blind $0.05
*** HOLE CARDS ***
Dealt to afdc725e 
Dealt to 5bce22b5 
Dealt to 74d7d934 
Dealt to d4c5a04b 
Dealt to 5f82d679 
Dealt to Hero [4h Qc]
74d7d934: folds
d4c5a04b: folds
5f82d679: folds
Hero: folds
afdc725e: folds
Uncalled bet ($0.03) returned to 5bce22b5
*** SHOWDOWN ***
5bce22b5 collected $0.04 from pot
*** SUMMARY ***
Total pot $0.04 | Rake $0 | Jackpot $0 | Bingo $0 | Fortune $0
Seat 1: afdc725e (small blind) folded before Flop
Seat 2: 5bce22b5 (big blind) collected ($0.04)
Seat 3: 74d7d934 folded before Flop (didn't bet)
Seat 4: d4c5a04b folded before Flop (didn't bet)
Seat 5: 5f82d679 folded before Flop (didn't bet)
Seat 6: Hero (button) folded before Flop (didn't bet)


Poker Hand #HD1171637588: Hold'em No Limit  ($0.02/$0.05) - 2023/03/22 21:27:40
Table 'NLHBlue102' 6-max Seat #5 is the button
Seat 1: afdc725e ($12.09 in chips)
Seat 2: 5bce22b5 ($5 in chips)
Seat 3: 74d7d934 ($5.16 in chips)
Seat 4: d4c5a04b ($2.45 in chips)
Seat 5: 5f82d679 ($4.87 in chips)
Seat 6: Hero ($5.09 in chips)
Hero: posts small blind $0.02
afdc725e: posts big blind $0.05
*** HOLE CARDS ***
Dealt to afdc725e 
Dealt to 5bce22b5 
Dealt to 74d7d934 
Dealt to d4c5a04b 
Dealt to 5f82d679 
Dealt to Hero [8h 8d]
5bce22b5: folds
74d7d934: folds
d4c5a04b: folds
5f82d679: folds
Hero: raises $0.07 to $0.12
afdc725e: calls $0.07
*** FLOP *** [3d 5h Kh]
Hero: bets $0.12
afdc725e: folds
Uncalled bet ($0.12) returned to Hero
*** SHOWDOWN ***
Hero collected $0.23 from pot
*** SUMMARY ***
Total pot $0.24 | Rake $0.01 | Jackpot $0 | Bingo $0 | Fortune $0
Board [3d 5h Kh]
Seat 1: afdc725e (big blind) folded on the Flop
Seat 2: 5bce22b5 folded before Flop (didn't bet)
Seat 3: 74d7d934 folded before Flop (didn't bet)
Seat 4: d4c5a04b folded before Flop (didn't bet)
Seat 5: 5f82d679 (button) folded before Flop (didn't bet)
Seat 6: Hero (small blind) won ($0.23)


Poker Hand #HD1171637527: Hold'em No Limit  ($0.02/$0.05) - 2023/03/22 21:27:19
Table 'NLHBlue102' 6-max Seat #4 is the button
Seat 1: afdc725e ($12.09 in chips)
Seat 2: 5bce22b5 ($5 in chips)
Seat 3: 74d7d934 ($5.16 in chips)
Seat 4: d4c5a04b ($2.45 in chips)
Seat 5: 5f82d679 ($4.89 in chips)
Seat 6: Hero ($5.07 in chips)
5f82d679: posts small blind $0.02
Hero: posts big blind $0.05
*** HOLE CARDS ***
Dealt to afdc725e 
Dealt to 5bce22b5 
Dealt to 74d7d934 
Dealt to d4c5a04b 
Dealt to 5f82d679 
Dealt to Hero [8s Qs]
afdc725e: folds
5bce22b5: folds
74d7d934: folds
d4c5a04b: folds
5f82d679: folds
Uncalled bet ($0.03) returned to Hero
*** SHOWDOWN ***
Hero collected $0.04 from pot
*** SUMMARY ***
Total pot $0.04 | Rake $0 | Jackpot $0 | Bingo $0 | Fortune $0
Seat 1: afdc725e folded before Flop (didn't bet)
Seat 2: 5bce22b5 folded before Flop (didn't bet)
Seat 3: 74d7d934 folded before Flop (didn't bet)
Seat 4: d4c5a04b (button) folded before Flop (didn't bet)
Seat 5: 5f82d679 (small blind) folded before Flop
Seat 6: Hero (big blind) collected ($0.04)


Poker Hand #HD1171637472: Hold'em No Limit  ($0.02/$0.05) - 2023/03/22 21:26:56
Table 'NLHBlue102' 6-max Seat #3 is the button
Seat 1: afdc725e ($12.09 in chips)
Seat 2: 5bce22b5 ($5 in chips)
Seat 3: 74d7d934 ($5.16 in chips)
Seat 4: d4c5a04b ($2.4 in chips)
Seat 5: 5f82d679 ($4.94 in chips)
Seat 6: Hero ($5.07 in chips)
d4c5a04b: posts small blind $0.02
5f82d679: posts big blind $0.05
*** HOLE CARDS ***
Dealt to afdc725e 
Dealt to 5bce22b5 
Dealt to 74d7d934 
Dealt to d4c5a04b 
Dealt to 5f82d679 
Dealt to Hero [Ks 2d]
Hero: folds
afdc725e: folds
5bce22b5: folds
74d7d934: folds
d4c5a04b: raises $0.1 to $0.15
5f82d679: folds
Uncalled bet ($0.1) returned to d4c5a04b
*** SHOWDOWN ***
d4c5a04b collected $0.1 from pot
*** SUMMARY ***
Total pot $0.1 | Rake $0 | Jackpot $0 | Bingo $0 | Fortune $0
Seat 1: afdc725e folded before Flop (didn't bet)
Seat 2: 5bce22b5 folded before Flop (didn't bet)
Seat 3: 74d7d934 (button) folded before Flop (didn't bet)
Seat 4: d4c5a04b (small blind) collected ($0.1)
Seat 5: 5f82d679 (big blind) folded before Flop
Seat 6: Hero folded before Flop (didn't bet)


Poker Hand #HD1171637340: Hold'em No Limit  ($0.02/$0.05) - 2023/03/22 21:26:00
Table 'NLHBlue102' 6-max Seat #2 is the button
Seat 1: afdc725e ($12.09 in chips)
Seat 2: 5bce22b5 ($5 in chips)
Seat 3: 74d7d934 ($5.18 in chips)
Seat 4: d4c5a04b ($2.5 in chips)
Seat 5: 5f82d679 ($4.73 in chips)
Seat 6: Hero ($5.07 in chips)
74d7d934: posts small blind $0.02
d4c5a04b: posts big blind $0.05
*** HOLE CARDS ***
Dealt to afdc725e 
Dealt to 5bce22b5 
Dealt to 74d7d934 
Dealt to d4c5a04b 
Dealt to 5f82d679 
Dealt to Hero [4c 4s]
5f82d679: raises $0.05 to $0.1
Hero: folds
afdc725e: folds
5bce22b5: calls $0.1
74d7d934: folds
d4c5a04b: calls $0.05
*** FLOP *** [3s 8d Ac]
d4c5a04b: checks
5f82d679: bets $0.11
5bce22b5: folds
d4c5a04b: folds
Uncalled bet ($0.11) returned to 5f82d679
*** SHOWDOWN ***
5f82d679 collected $0.31 from pot
*** SUMMARY ***
Total pot $0.32 | Rake $0.01 | Jackpot $0 | Bingo $0 | Fortune $0
Board [3s 8d Ac]
Seat 1: afdc725e folded before Flop (didn't bet)
Seat 2: 5bce22b5 (button) folded on the Flop
Seat 3: 74d7d934 (small blind) folded before Flop
Seat 4: d4c5a04b (big blind) folded on the Flop
Seat 5: 5f82d679 won ($0.31)
Seat 6: Hero folded before Flop (didn't bet)


Poker Hand #HD1171637304: Hold'em No Limit  ($0.02/$0.05) - 2023/03/22 21:25:42
Table 'NLHBlue102' 6-max Seat #1 is the button
Seat 1: afdc725e ($12.09 in chips)
Seat 2: 5bce22b5 ($5 in chips)
Seat 3: 74d7d934 ($5.23 in chips)
Seat 5: 5f82d679 ($4.73 in chips)
Seat 6: Hero ($5 in chips)
5bce22b5: posts small blind $0.02
74d7d934: posts big blind $0.05
*** HOLE CARDS ***
Dealt to afdc725e 
Dealt to 5bce22b5 
Dealt to 74d7d934 
Dealt to 5f82d679 
Dealt to Hero [Qd Ah]
5f82d679: folds
Hero: raises $0.07 to $0.12
afdc725e: folds
5bce22b5: folds
74d7d934: folds
Uncalled bet ($0.07) returned to Hero
*** SHOWDOWN ***
Hero collected $0.12 from pot
*** SUMMARY ***
Total pot $0.12 | Rake $0 | Jackpot $0 | Bingo $0 | Fortune $0
Seat 1: afdc725e (button) folded before Flop (didn't bet)
Seat 2: 5bce22b5 (small blind) folded before Flop
Seat 3: 74d7d934 (big blind) folded before Flop
Seat 5: 5f82d679 folded before Flop (didn't bet)
Seat 6: Hero collected ($0.12)


Poker Hand #HD1171637170: Hold'em No Limit  ($0.02/$0.05) - 2023/03/22 21:24:46
Table 'NLHBlue102' 6-max Seat #6 is the button
Seat 1: afdc725e ($6.84 in chips)
Seat 2: 5bce22b5 ($5.03 in chips)
Seat 3: 74d7d934 ($5.23 in chips)
Seat 5: 5f82d679 ($4.73 in chips)
Seat 6: Hero ($5.75 in chips)
afdc725e: posts small blind $0.02
5bce22b5: posts big blind $0.05
*** HOLE CARDS ***
Dealt to afdc725e 
Dealt to 5bce22b5 
Dealt to 74d7d934 
Dealt to 5f82d679 
Dealt to Hero [Kd Ks]
74d7d934: folds
5f82d679: folds
Hero: raises $0.07 to $0.12
afdc725e: raises $0.38 to $0.5
5bce22b5: folds
Hero: raises $0.79 to $1.29
afdc725e: raises $5.55 to $6.84 and is all-in
Hero: calls $4.46 and is all-in
Uncalled bet ($1.09) returned to afdc725e
afdc725e: shows [Ah Ac]
Hero: shows [Kd Ks]
*** FLOP *** [Th As 3s]
*** TURN *** [Th As 3s] [5c]
*** RIVER *** [Th As 3s 5c] [6s]
*** SHOWDOWN ***
afdc725e collected $11 from pot
*** SUMMARY ***
Total pot $11.55 | Rake $0.5 | Jackpot $0.05 | Bingo $0 | Fortune $0
Board [Th As 3s 5c 6s]
Seat 1: afdc725e (small blind) showed [Ah Ac] and won ($11) with Three Aces
Seat 2: 5bce22b5 (big blind) folded before Flop
Seat 3: 74d7d934 folded before Flop (didn't bet)
Seat 5: 5f82d679 folded before Flop (didn't bet)
Seat 6: Hero (button) showed [Kd Ks] and lost with Pair of Kings


Poker Hand #HD1171637123: Hold'em No Limit  ($0.02/$0.05) - 2023/03/22 21:24:27
Table 'NLHBlue102' 6-max Seat #5 is the button
Seat 1: afdc725e ($6.89 in chips)
Seat 2: 5bce22b5 ($5.03 in chips)
Seat 3: 74d7d934 ($5.16 in chips)
Seat 5: 5f82d679 ($4.73 in chips)
Seat 6: Hero ($5.77 in chips)
Hero: posts small blind $0.02
afdc725e: posts big blind $0.05
*** HOLE CARDS ***
Dealt to afdc725e 
Dealt to 5bce22b5 
Dealt to 74d7d934 
Dealt to 5f82d679 
Dealt to Hero [8h Ah]
5bce22b5: folds
74d7d934: raises $0.07 to $0.12
5f82d679: folds
Hero: folds
afdc725e: folds
Uncalled bet ($0.07) returned to 74d7d934
*** SHOWDOWN ***
74d7d934 collected $0.12 from pot
*** SUMMARY ***
Total pot $0.12 | Rake $0 | Jackpot $0 | Bingo $0 | Fortune $0
Seat 1: afdc725e (big blind) folded before Flop
Seat 2: 5bce22b5 folded before Flop (didn't bet)
Seat 3: 74d7d934 collected ($0.12)
Seat 5: 5f82d679 (button) folded before Flop (didn't bet)
Seat 6: Hero (small blind) folded before Flop


Poker Hand #HD1171636907: Hold'em No Limit  ($0.02/$0.05) - 2023/03/22 21:22:55
Table 'NLHBlue102' 6-max Seat #3 is the button
Seat 1: afdc725e ($5.97 in chips)
Seat 2: 5bce22b5 ($5.03 in chips)
Seat 3: 74d7d934 ($5.16 in chips)
Seat 5: 5f82d679 ($5.66 in chips)
Seat 6: Hero ($5.9 in chips)
5f82d679: posts small blind $0.02
Hero: posts big blind $0.05
*** HOLE CARDS ***
Dealt to afdc725e 
Dealt to 5bce22b5 
Dealt to 74d7d934 
Dealt to 5f82d679 
Dealt to Hero [7h 8h]
afdc725e: raises $0.08 to $0.13
5bce22b5: folds
74d7d934: folds
5f82d679: calls $0.11
Hero: calls $0.08
*** FLOP *** [Ts 6d Th]
5f82d679: checks
Hero: checks
afdc725e: checks
*** TURN *** [Ts 6d Th] [2s]
5f82d679: checks
Hero: checks
afdc725e: bets $0.2
5f82d679: calls $0.2
Hero: folds
*** RIVER *** [Ts 6d Th 2s] [Qs]
5f82d679: checks
afdc725e: bets $0.6
5f82d679: calls $0.6
afdc725e: shows [As 3s] (Ace High Flush)
5f82d679: shows [5h 5d] (Pair of Tens and Pair of Fives)
*** SHOWDOWN ***
afdc725e collected $1.85 from pot
*** SUMMARY ***
Total pot $1.99 | Rake $0.09 | Jackpot $0.05 | Bingo $0 | Fortune $0
Board [Ts 6d Th 2s Qs]
Seat 1: afdc725e showed [As 3s] and won ($1.85) with Ace High Flush
Seat 2: 5bce22b5 folded before Flop (didn't bet)
Seat 3: 74d7d934 (button) folded before Flop (didn't bet)
Seat 5: 5f82d679 (small blind) showed [5h 5d] and lost with Pair of Tens and Pair of Fives
Seat 6: Hero (big blind) folded on the Turn


Poker Hand #HD1171636872: Hold'em No Limit  ($0.02/$0.05) - 2023/03/22 21:22:43
Table 'NLHBlue102' 6-max Seat #2 is the button
Seat 1: afdc725e ($5.97 in chips)
Seat 2: 5bce22b5 ($5.03 in chips)
Seat 3: 74d7d934 ($5.18 in chips)
Seat 5: 5f82d679 ($5.64 in chips)
Seat 6: Hero ($5.9 in chips)
74d7d934: posts small blind $0.02
5f82d679: posts big blind $0.05
*** HOLE CARDS ***
Dealt to afdc725e 
Dealt to 5bce22b5 
Dealt to 74d7d934 
Dealt to 5f82d679 
Dealt to Hero [Td Qs]
Hero: folds
afdc725e: folds
5bce22b5: folds
74d7d934: folds
Uncalled bet ($0.03) returned to 5f82d679
*** SHOWDOWN ***
5f82d679 collected $0.04 from pot
*** SUMMARY ***
Total pot $0.04 | Rake $0 | Jackpot $0 | Bingo $0 | Fortune $0
Seat 1: afdc725e folded before Flop (didn't bet)
Seat 2: 5bce22b5 (button) folded before Flop (didn't bet)
Seat 3: 74d7d934 (small blind) folded before Flop
Seat 5: 5f82d679 (big blind) collected ($0.04)
Seat 6: Hero folded before Flop (didn't bet)


Poker Hand #HD1171636831: Hold'em No Limit  ($0.02/$0.05) - 2023/03/22 21:22:29
Table 'NLHBlue102' 6-max Seat #1 is the button
Seat 1: afdc725e ($5.9 in chips)
Seat 2: 5bce22b5 ($5.05 in chips)
Seat 3: 74d7d934 ($5.23 in chips)
Seat 5: 5f82d679 ($5.64 in chips)
Seat 6: Hero ($5.9 in chips)
5bce22b5: posts small blind $0.02
74d7d934: posts big blind $0.05
*** HOLE CARDS ***
Dealt to afdc725e 
Dealt to 5bce22b5 
Dealt to 74d7d934 
Dealt to 5f82d679 
Dealt to Hero [2c Th]
5f82d679: folds
Hero: folds
afdc725e: raises $0.08 to $0.13
5bce22b5: folds
74d7d934: folds
Uncalled bet ($0.08) returned to afdc725e
*** SHOWDOWN ***
afdc725e collected $0.12 from pot
*** SUMMARY ***
Total pot $0.12 | Rake $0 | Jackpot $0 | Bingo $0 | Fortune $0
Seat 1: afdc725e (button) collected ($0.12)
Seat 2: 5bce22b5 (small blind) folded before Flop
Seat 3: 74d7d934 (big blind) folded before Flop
Seat 5: 5f82d679 folded before Flop (didn't bet)
Seat 6: Hero folded before Flop (didn't bet)


Poker Hand #HD1171636780: Hold'em No Limit  ($0.02/$0.05) - 2023/03/22 21:22:04
Table 'NLHBlue102' 6-max Seat #6 is the button
Seat 1: afdc725e ($5.92 in chips)
Seat 2: 5bce22b5 ($5 in chips)
Seat 3: 74d7d934 ($5.23 in chips)
Seat 4: 2030488d ($5.13 in chips)
Seat 5: 5f82d679 ($5.64 in chips)
Seat 6: Hero ($5.83 in chips)
afdc725e: posts small blind $0.02
5bce22b5: posts big blind $0.05
*** HOLE CARDS ***
Dealt to afdc725e 
Dealt to 5bce22b5 
Dealt to 74d7d934 
Dealt to 2030488d 
Dealt to 5f82d679 
Dealt to Hero [Qd Qs]
74d7d934: folds
2030488d: folds
5f82d679: folds
Hero: raises $0.07 to $0.12
afdc725e: folds
5bce22b5: folds
Uncalled bet ($0.07) returned to Hero
*** SHOWDOWN ***
Hero collected $0.12 from pot
*** SUMMARY ***
Total pot $0.12 | Rake $0 | Jackpot $0 | Bingo $0 | Fortune $0
Seat 1: afdc725e (small blind) folded before Flop
Seat 2: 5bce22b5 (big blind) folded before Flop
Seat 3: 74d7d934 folded before Flop (didn't bet)
Seat 4: 2030488d folded before Flop (didn't bet)
Seat 5: 5f82d679 folded before Flop (didn't bet)
Seat 6: Hero (button) collected ($0.12)


Poker Hand #HD1171636753: Hold'em No Limit  ($0.02/$0.05) - 2023/03/22 21:21:53
Table 'NLHBlue102' 6-max Seat #5 is the button
Seat 1: afdc725e ($5.9 in chips)
Seat 2: 5bce22b5 ($5 in chips)
Seat 3: 74d7d934 ($5.23 in chips)
Seat 4: 2030488d ($5.13 in chips)
Seat 5: 5f82d679 ($5.64 in chips)
Seat 6: Hero ($5.85 in chips)
Hero: posts small blind $0.02
afdc725e: posts big blind $0.05
*** HOLE CARDS ***
Dealt to afdc725e 
Dealt to 5bce22b5 
Dealt to 74d7d934 
Dealt to 2030488d 
Dealt to 5f82d679 
Dealt to Hero [5d 8s]
5bce22b5: folds
74d7d934: folds
2030488d: folds
5f82d679: folds
Hero: folds
Uncalled bet ($0.03) returned to afdc725e
*** SHOWDOWN ***
afdc725e collected $0.04 from pot
*** SUMMARY ***
Total pot $0.04 | Rake $0 | Jackpot $0 | Bingo $0 | Fortune $0
Seat 1: afdc725e (big blind) collected ($0.04)
Seat 2: 5bce22b5 folded before Flop (didn't bet)
Seat 3: 74d7d934 folded before Flop (didn't bet)
Seat 4: 2030488d folded before Flop (didn't bet)
Seat 5: 5f82d679 (button) folded before Flop (didn't bet)
Seat 6: Hero (small blind) folded before Flop


Poker Hand #HD1171636728: Hold'em No Limit  ($0.02/$0.05) - 2023/03/22 21:21:43
Table 'NLHBlue102' 6-max Seat #4 is the button
Seat 1: afdc725e ($5.9 in chips)
Seat 2: 5bce22b5 ($5 in chips)
Seat 3: 74d7d934 ($5.23 in chips)
Seat 4: 2030488d ($5.13 in chips)
Seat 5: 5f82d679 ($5.66 in chips)
Seat 6: Hero ($5.83 in chips)
5f82d679: posts small blind $0.02
Hero: posts big blind $0.05
*** HOLE CARDS ***
Dealt to afdc725e 
Dealt to 5bce22b5 
Dealt to 74d7d934 
Dealt to 2030488d 
Dealt to 5f82d679 
Dealt to Hero [Qs 9s]
afdc725e: folds
5bce22b5: folds
74d7d934: folds
2030488d: folds
5f82d679: folds
Uncalled bet ($0.03) returned to Hero
*** SHOWDOWN ***
Hero collected $0.04 from pot
*** SUMMARY ***
Total pot $0.04 | Rake $0 | Jackpot $0 | Bingo $0 | Fortune $0
Seat 1: afdc725e folded before Flop (didn't bet)
Seat 2: 5bce22b5 folded before Flop (didn't bet)
Seat 3: 74d7d934 folded before Flop (didn't bet)
Seat 4: 2030488d (button) folded before Flop (didn't bet)
Seat 5: 5f82d679 (small blind) folded before Flop
Seat 6: Hero (big blind) collected ($0.04)


Poker Hand #HD1171636693: Hold'em No Limit  ($0.02/$0.05) - 2023/03/22 21:21:28
Table 'NLHBlue102' 6-max Seat #3 is the button
Seat 1: afdc725e ($5.9 in chips)
Seat 2: 5bce22b5 ($5 in chips)
Seat 3: 74d7d934 ($5.23 in chips)
Seat 4: 2030488d ($5.08 in chips)
Seat 5: 5f82d679 ($5.71 in chips)
Seat 6: Hero ($5.83 in chips)
2030488d: posts small blind $0.02
5f82d679: posts big blind $0.05
*** HOLE CARDS ***
Dealt to afdc725e 
Dealt to 5bce22b5 
Dealt to 74d7d934 
Dealt to 2030488d 
Dealt to 5f82d679 
Dealt to Hero [7h 5c]
Hero: folds
afdc725e: folds
5bce22b5: folds
74d7d934: folds
2030488d: raises $0.08 to $0.13
5f82d679: folds
Uncalled bet ($0.08) returned to 2030488d
*** SHOWDOWN ***
2030488d collected $0.1 from pot
*** SUMMARY ***
Total pot $0.1 | Rake $0 | Jackpot $0 | Bingo $0 | Fortune $0
Seat 1: afdc725e folded before Flop (didn't bet)
Seat 2: 5bce22b5 folded before Flop (didn't bet)
Seat 3: 74d7d934 (button) folded before Flop (didn't bet)
Seat 4: 2030488d (small blind) collected ($0.1)
Seat 5: 5f82d679 (big blind) folded before Flop
Seat 6: Hero folded before Flop (didn't bet)


Poker Hand #HD1171636578: Hold'em No Limit  ($0.02/$0.05) - 2023/03/22 21:20:41
Table 'NLHBlue102' 6-max Seat #2 is the button
Seat 1: afdc725e ($5.9 in chips)
Seat 2: 5bce22b5 ($5 in chips)
Seat 3: 74d7d934 ($5 in chips)
Seat 4: 2030488d ($5.33 in chips)
Seat 5: 5f82d679 ($5.71 in chips)
Seat 6: Hero ($5.83 in chips)
74d7d934: posts small blind $0.02
2030488d: posts big blind $0.05
*** HOLE CARDS ***
Dealt to afdc725e 
Dealt to 5bce22b5 
Dealt to 74d7d934 
Dealt to 2030488d 
Dealt to 5f82d679 
Dealt to Hero [2h 7d]
5f82d679: folds
Hero: folds
afdc725e: folds
5bce22b5: folds
74d7d934: raises $0.1 to $0.15
2030488d: calls $0.1
*** FLOP *** [Qd 7c 4h]
74d7d934: bets $0.1
2030488d: calls $0.1
*** TURN *** [Qd 7c 4h] [8d]
74d7d934: bets $0.38
2030488d: folds
Uncalled bet ($0.38) returned to 74d7d934
*** SHOWDOWN ***
74d7d934 collected $0.48 from pot
*** SUMMARY ***
Total pot $0.5 | Rake $0.02 | Jackpot $0 | Bingo $0 | Fortune $0
Board [Qd 7c 4h 8d]
Seat 1: afdc725e folded before Flop (didn't bet)
Seat 2: 5bce22b5 (button) folded before Flop (didn't bet)
Seat 3: 74d7d934 (small blind) won ($0.48)
Seat 4: 2030488d (big blind) folded on the Turn
Seat 5: 5f82d679 folded before Flop (didn't bet)
Seat 6: Hero folded before Flop (didn't bet)


Poker Hand #HD1171636557: Hold'em No Limit  ($0.02/$0.05) - 2023/03/22 21:20:31
Table 'NLHBlue102' 6-max Seat #1 is the button
Seat 1: afdc725e ($5.83 in chips)
Seat 2: 5bce22b5 ($5 in chips)
Seat 3: 74d7d934 ($5 in chips)
Seat 4: 2030488d ($5.33 in chips)
Seat 5: 5f82d679 ($5.71 in chips)
Seat 6: Hero ($5.83 in chips)
5bce22b5: posts small blind $0.02
74d7d934: posts big blind $0.05
*** HOLE CARDS ***
Dealt to afdc725e 
Dealt to 5bce22b5 
Dealt to 74d7d934 
Dealt to 2030488d 
Dealt to 5f82d679 
Dealt to Hero [6s Ah]
2030488d: folds
5f82d679: folds
Hero: folds
afdc725e: raises $0.08 to $0.13
5bce22b5: folds
74d7d934: folds
Uncalled bet ($0.08) returned to afdc725e
*** SHOWDOWN ***
afdc725e collected $0.12 from pot
*** SUMMARY ***
Total pot $0.12 | Rake $0 | Jackpot $0 | Bingo $0 | Fortune $0
Seat 1: afdc725e (button) collected ($0.12)
Seat 2: 5bce22b5 (small blind) folded before Flop
Seat 3: 74d7d934 (big blind) folded before Flop
Seat 4: 2030488d folded before Flop (didn't bet)
Seat 5: 5f82d679 folded before Flop (didn't bet)
Seat 6: Hero folded before Flop (didn't bet)


Poker Hand #HD1171636449: Hold'em No Limit  ($0.02/$0.05) - 2023/03/22 21:19:45
Table 'NLHBlue102' 6-max Seat #6 is the button
Seat 1: afdc725e ($5.85 in chips)
Seat 2: 5bce22b5 ($5 in chips)
Seat 3: 74d7d934 ($5 in chips)
Seat 4: 2030488d ($5.33 in chips)
Seat 5: 5f82d679 ($4.83 in chips)
Seat 6: Hero ($5.83 in chips)
afdc725e: posts small blind $0.02
5bce22b5: posts big blind $0.05
*** HOLE CARDS ***
Dealt to afdc725e 
Dealt to 5bce22b5 
Dealt to 74d7d934 
Dealt to 2030488d 
Dealt to 5f82d679 
Dealt to Hero [3h 5c]
74d7d934: folds
2030488d: folds
5f82d679: raises $0.05 to $0.1
Hero: folds
afdc725e: folds
5bce22b5: raises $0.38 to $0.48
5f82d679: raises $0.52 to $1
5bce22b5: calls $0.52
*** FLOP *** [3c 6h 3s]
5bce22b5: checks
5f82d679: bets $0.9
5bce22b5: folds
Uncalled bet ($0.9) returned to 5f82d679
*** SHOWDOWN ***
5f82d679 collected $1.88 from pot
*** SUMMARY ***
Total pot $2.02 | Rake $0.09 | Jackpot $0.05 | Bingo $0 | Fortune $0
Board [3c 6h 3s]
Seat 1: afdc725e (small blind) folded before Flop
Seat 2: 5bce22b5 (big blind) folded on the Flop
Seat 3: 74d7d934 folded before Flop (didn't bet)
Seat 4: 2030488d folded before Flop (didn't bet)
Seat 5: 5f82d679 won ($1.88)
Seat 6: Hero (button) folded before Flop (didn't bet)


Poker Hand #HD1171636378: Hold'em No Limit  ($0.02/$0.05) - 2023/03/22 21:19:16
Table 'NLHBlue102' 6-max Seat #5 is the button
Seat 1: afdc725e ($5.9 in chips)
Seat 3: 74d7d934 ($5 in chips)
Seat 4: 2030488d ($5.33 in chips)
Seat 5: 5f82d679 ($4.93 in chips)
Seat 6: Hero ($5.69 in chips)
Hero: posts small blind $0.02
afdc725e: posts big blind $0.05
*** HOLE CARDS ***
Dealt to afdc725e 
Dealt to 74d7d934 
Dealt to 2030488d 
Dealt to 5f82d679 
Dealt to Hero [8d Ad]
74d7d934: folds
2030488d: folds
5f82d679: raises $0.05 to $0.1
Hero: raises $0.4 to $0.5
afdc725e: folds
5f82d679: folds
Uncalled bet ($0.4) returned to Hero
*** SHOWDOWN ***
Hero collected $0.24 from pot
*** SUMMARY ***
Total pot $0.25 | Rake $0.01 | Jackpot $0 | Bingo $0 | Fortune $0
Seat 1: afdc725e (big blind) folded before Flop
Seat 3: 74d7d934 folded before Flop (didn't bet)
Seat 4: 2030488d folded before Flop (didn't bet)
Seat 5: 5f82d679 (button) folded before Flop
Seat 6: Hero (small blind) collected ($0.24)


Poker Hand #HD1171636362: Hold'em No Limit  ($0.02/$0.05) - 2023/03/22 21:19:08
Table 'NLHBlue102' 6-max Seat #4 is the button
Seat 1: afdc725e ($5.9 in chips)
Seat 3: 74d7d934 ($5 in chips)
Seat 4: 2030488d ($5.33 in chips)
Seat 5: 5f82d679 ($4.95 in chips)
Seat 6: Hero ($5.67 in chips)
5f82d679: posts small blind $0.02
Hero: posts big blind $0.05
*** HOLE CARDS ***
Dealt to afdc725e 
Dealt to 74d7d934 
Dealt to 2030488d 
Dealt to 5f82d679 
Dealt to Hero [Qd Kd]
afdc725e: folds
74d7d934: folds
2030488d: folds
5f82d679: folds
Uncalled bet ($0.03) returned to Hero
*** SHOWDOWN ***
Hero collected $0.04 from pot
*** SUMMARY ***
Total pot $0.04 | Rake $0 | Jackpot $0 | Bingo $0 | Fortune $0
Seat 1: afdc725e folded before Flop (didn't bet)
Seat 3: 74d7d934 folded before Flop (didn't bet)
Seat 4: 2030488d (button) folded before Flop (didn't bet)
Seat 5: 5f82d679 (small blind) folded before Flop
Seat 6: Hero (big blind) collected ($0.04)


Poker Hand #HD1171636304: Hold'em No Limit  ($0.02/$0.05) - 2023/03/22 21:18:45
Table 'NLHBlue102' 6-max Seat #3 is the button
Seat 1: afdc725e ($6.03 in chips)
Seat 3: 74d7d934 ($5 in chips)
Seat 4: 2030488d ($5.16 in chips)
Seat 5: 5f82d679 ($5 in chips)
Seat 6: Hero ($5.67 in chips)
2030488d: posts small blind $0.02
5f82d679: posts big blind $0.05
*** HOLE CARDS ***
Dealt to afdc725e 
Dealt to 74d7d934 
Dealt to 2030488d 
Dealt to 5f82d679 
Dealt to Hero [Kh 4s]
Hero: folds
afdc725e: raises $0.08 to $0.13
74d7d934: folds
2030488d: raises $0.42 to $0.55
5f82d679: folds
afdc725e: folds
Uncalled bet ($0.42) returned to 2030488d
*** SHOWDOWN ***
2030488d collected $0.3 from pot
*** SUMMARY ***
Total pot $0.31 | Rake $0.01 | Jackpot $0 | Bingo $0 | Fortune $0
Seat 1: afdc725e folded before Flop
Seat 3: 74d7d934 (button) folded before Flop (didn't bet)
Seat 4: 2030488d (small blind) collected ($0.3)
Seat 5: 5f82d679 (big blind) folded before Flop
Seat 6: Hero folded before Flop (didn't bet)


Poker Hand #HD1171636281: Hold'em No Limit  ($0.02/$0.05) - 2023/03/22 21:18:33
Table 'NLHBlue102' 6-max Seat #1 is the button
Seat 1: afdc725e ($5.96 in chips)
Seat 3: 74d7d934 ($5 in chips)
Seat 4: 2030488d ($5.21 in chips)
Seat 6: Hero ($5.67 in chips)
74d7d934: posts small blind $0.02
2030488d: posts big blind $0.05
*** HOLE CARDS ***
Dealt to afdc725e 
Dealt to 74d7d934 
Dealt to 2030488d 
Dealt to Hero [Qh 5c]
Hero: folds
afdc725e: raises $0.08 to $0.13
74d7d934: folds
2030488d: folds
Uncalled bet ($0.08) returned to afdc725e
*** SHOWDOWN ***
afdc725e collected $0.12 from pot
*** SUMMARY ***
Total pot $0.12 | Rake $0 | Jackpot $0 | Bingo $0 | Fortune $0
Seat 1: afdc725e (button) collected ($0.12)
Seat 3: 74d7d934 (small blind) folded before Flop
Seat 4: 2030488d (big blind) folded before Flop
Seat 6: Hero folded before Flop (didn't bet)


Poker Hand #HD1171636228: Hold'em No Limit  ($0.02/$0.05) - 2023/03/22 21:18:13
Table 'NLHBlue102' 6-max Seat #6 is the button
Seat 1: afdc725e ($5.98 in chips)
Seat 3: 74d7d934 ($5.04 in chips)
Seat 4: 2030488d ($5.21 in chips)
Seat 6: Hero ($5.6 in chips)
afdc725e: posts small blind $0.02
74d7d934: posts big blind $0.05
*** HOLE CARDS ***
Dealt to afdc725e 
Dealt to 74d7d934 
Dealt to 2030488d 
Dealt to Hero [Ts 7s]
2030488d: folds
Hero: raises $0.07 to $0.12
afdc725e: folds
74d7d934: folds
Uncalled bet ($0.07) returned to Hero
*** SHOWDOWN ***
Hero collected $0.12 from pot
*** SUMMARY ***
Total pot $0.12 | Rake $0 | Jackpot $0 | Bingo $0 | Fortune $0
Seat 1: afdc725e (small blind) folded before Flop
Seat 3: 74d7d934 (big blind) folded before Flop
Seat 4: 2030488d folded before Flop (didn't bet)
Seat 6: Hero (button) collected ($0.12)


Poker Hand #HD1171636173: Hold'em No Limit  ($0.02/$0.05) - 2023/03/22 21:17:49
Table 'NLHBlue102' 6-max Seat #4 is the button
Seat 1: afdc725e ($6.03 in chips)
Seat 2: 4e73b393 ($5.84 in chips)
Seat 3: 74d7d934 ($5.16 in chips)
Seat 4: 2030488d ($5.03 in chips)
Seat 6: Hero ($5.62 in chips)
Hero: posts small blind $0.02
afdc725e: posts big blind $0.05
*** HOLE CARDS ***
Dealt to afdc725e 
Dealt to 4e73b393 
Dealt to 74d7d934 
Dealt to 2030488d 
Dealt to Hero [4c 3h]
4e73b393: folds
74d7d934: raises $0.07 to $0.12
2030488d: raises $0.24 to $0.36
Hero: folds
afdc725e: folds
74d7d934: folds
Uncalled bet ($0.24) returned to 2030488d
*** SHOWDOWN ***
2030488d collected $0.3 from pot
*** SUMMARY ***
Total pot $0.31 | Rake $0.01 | Jackpot $0 | Bingo $0 | Fortune $0
Seat 1: afdc725e (big blind) folded before Flop
Seat 2: 4e73b393 folded before Flop (didn't bet)
Seat 3: 74d7d934 folded before Flop
Seat 4: 2030488d (button) collected ($0.3)
Seat 6: Hero (small blind) folded before Flop


Poker Hand #HD1171636119: Hold'em No Limit  ($0.02/$0.05) - 2023/03/22 21:17:26
Table 'NLHBlue102' 6-max Seat #3 is the button
Seat 1: afdc725e ($6.03 in chips)
Seat 2: 4e73b393 ($5.84 in chips)
Seat 3: 74d7d934 ($5.03 in chips)
Seat 4: 2030488d ($5.05 in chips)
Seat 6: Hero ($5.74 in chips)
2030488d: posts small blind $0.02
Hero: posts big blind $0.05
*** HOLE CARDS ***
Dealt to afdc725e 
Dealt to 4e73b393 
Dealt to 74d7d934 
Dealt to 2030488d 
Dealt to Hero [Ac 8c]
afdc725e: folds
4e73b393: folds
74d7d934: raises $0.07 to $0.12
2030488d: folds
Hero: calls $0.07
*** FLOP *** [Qh Qd 3s]
Hero: checks
74d7d934: bets $0.09
Hero: folds
Uncalled bet ($0.09) returned to 74d7d934
*** SHOWDOWN ***
74d7d934 collected $0.25 from pot
*** SUMMARY ***
Total pot $0.26 | Rake $0.01 | Jackpot $0 | Bingo $0 | Fortune $0
Board [Qh Qd 3s]
Seat 1: afdc725e folded before Flop (didn't bet)
Seat 2: 4e73b393 folded before Flop (didn't bet)
Seat 3: 74d7d934 (button) won ($0.25)
Seat 4: 2030488d (small blind) folded before Flop
Seat 6: Hero (big blind) folded on the Flop


Poker Hand #HD1171636055: Hold'em No Limit  ($0.02/$0.05) - 2023/03/22 21:16:59
Table 'NLHBlue102' 6-max Seat #2 is the button
Seat 1: afdc725e ($6.03 in chips)
Seat 2: 4e73b393 ($5.84 in chips)
Seat 3: 74d7d934 ($5.05 in chips)
Seat 4: 2030488d ($5.1 in chips)
Seat 6: Hero ($5.67 in chips)
74d7d934: posts small blind $0.02
2030488d: posts big blind $0.05
*** HOLE CARDS ***
Dealt to afdc725e 
Dealt to 4e73b393 
Dealt to 74d7d934 
Dealt to 2030488d 
Dealt to Hero [Ah Kc]
Hero: raises $0.07 to $0.12
afdc725e: folds
4e73b393: folds
74d7d934: folds
2030488d: folds
Uncalled bet ($0.07) returned to Hero
*** SHOWDOWN ***
Hero collected $0.12 from pot
*** SUMMARY ***
Total pot $0.12 | Rake $0 | Jackpot $0 | Bingo $0 | Fortune $0
Seat 1: afdc725e folded before Flop (didn't bet)
Seat 2: 4e73b393 (button) folded before Flop (didn't bet)
Seat 3: 74d7d934 (small blind) folded before Flop
Seat 4: 2030488d (big blind) folded before Flop
Seat 6: Hero collected ($0.12)


Poker Hand #HD1171635991: Hold'em No Limit  ($0.02/$0.05) - 2023/03/22 21:16:33
Table 'NLHBlue102' 6-max Seat #1 is the button
Seat 1: afdc725e ($6.03 in chips)
Seat 2: 4e73b393 ($5.79 in chips)
Seat 3: 74d7d934 ($5 in chips)
Seat 4: 2030488d ($5.1 in chips)
Seat 6: Hero ($5.67 in chips)
4e73b393: posts small blind $0.02
74d7d934: posts big blind $0.05
*** HOLE CARDS ***
Dealt to afdc725e 
Dealt to 4e73b393 
Dealt to 74d7d934 
Dealt to 2030488d 
Dealt to Hero [Jh 2s]
2030488d: folds
Hero: folds
afdc725e: folds
4e73b393: raises $0.1 to $0.15
74d7d934: folds
Uncalled bet ($0.1) returned to 4e73b393
*** SHOWDOWN ***
4e73b393 collected $0.1 from pot
*** SUMMARY ***
Total pot $0.1 | Rake $0 | Jackpot $0 | Bingo $0 | Fortune $0
Seat 1: afdc725e (button) folded before Flop (didn't bet)
Seat 2: 4e73b393 (small blind) collected ($0.1)
Seat 3: 74d7d934 (big blind) folded before Flop
Seat 4: 2030488d folded before Flop (didn't bet)
Seat 6: Hero folded before Flop (didn't bet)


Poker Hand #HD1171635950: Hold'em No Limit  ($0.02/$0.05) - 2023/03/22 21:16:22
Table 'NLHBlue102' 6-max Seat #6 is the button
Seat 1: afdc725e ($5.98 in chips)
Seat 2: 4e73b393 ($5.84 in chips)
Seat 3: 74d7d934 ($5 in chips)
Seat 4: 2030488d ($5.1 in chips)
Seat 6: Hero ($5.67 in chips)
afdc725e: posts small blind $0.02
4e73b393: posts big blind $0.05
*** HOLE CARDS ***
Dealt to afdc725e 
Dealt to 4e73b393 
Dealt to 74d7d934 
Dealt to 2030488d 
Dealt to Hero [7s 9h]
74d7d934: folds
2030488d: folds
Hero: folds
afdc725e: raises $0.1 to $0.15
4e73b393: folds
Uncalled bet ($0.1) returned to afdc725e
*** SHOWDOWN ***
afdc725e collected $0.1 from pot
*** SUMMARY ***
Total pot $0.1 | Rake $0 | Jackpot $0 | Bingo $0 | Fortune $0
Seat 1: afdc725e (small blind) collected ($0.1)
Seat 2: 4e73b393 (big blind) folded before Flop
Seat 3: 74d7d934 folded before Flop (didn't bet)
Seat 4: 2030488d folded before Flop (didn't bet)
Seat 6: Hero (button) folded before Flop (didn't bet)


Poker Hand #HD1171635901: Hold'em No Limit  ($0.02/$0.05) - 2023/03/22 21:15:56
Table 'NLHBlue102' 6-max Seat #4 is the button
Seat 1: afdc725e ($6.03 in chips)
Seat 2: 4e73b393 ($5.84 in chips)
Seat 3: 74d7d934 ($5 in chips)
Seat 4: 2030488d ($5.03 in chips)
Seat 6: Hero ($5.69 in chips)
Hero: posts small blind $0.02
afdc725e: posts big blind $0.05
*** HOLE CARDS ***
Dealt to afdc725e 
Dealt to 4e73b393 
Dealt to 74d7d934 
Dealt to 2030488d 
Dealt to Hero [2c Ah]
4e73b393: folds
74d7d934: folds
2030488d: raises $0.08 to $0.13
Hero: folds
afdc725e: folds
Uncalled bet ($0.08) returned to 2030488d
*** SHOWDOWN ***
2030488d collected $0.12 from pot
*** SUMMARY ***
Total pot $0.12 | Rake $0 | Jackpot $0 | Bingo $0 | Fortune $0
Seat 1: afdc725e (big blind) folded before Flop
Seat 2: 4e73b393 folded before Flop (didn't bet)
Seat 3: 74d7d934 folded before Flop (didn't bet)
Seat 4: 2030488d (button) collected ($0.12)
Seat 6: Hero (small blind) folded before Flop


Poker Hand #HD1171635829: Hold'em No Limit  ($0.02/$0.05) - 2023/03/22 21:15:26
Table 'NLHBlue102' 6-max Seat #3 is the button
Seat 1: afdc725e ($5.3 in chips)
Seat 2: 4e73b393 ($5.84 in chips)
Seat 3: 74d7d934 ($5.03 in chips)
Seat 4: 2030488d ($5.05 in chips)
Seat 6: Hero ($6.07 in chips)
2030488d: posts small blind $0.02
Hero: posts big blind $0.05
*** HOLE CARDS ***
Dealt to afdc725e 
Dealt to 4e73b393 
Dealt to 74d7d934 
Dealt to 2030488d 
Dealt to Hero [8h 8s]
afdc725e: raises $0.08 to $0.13
4e73b393: folds
74d7d934: raises $0.25 to $0.38
2030488d: folds
Hero: calls $0.33
afdc725e: raises $0.87 to $1.25
74d7d934: folds
Hero: folds
Uncalled bet ($0.87) returned to afdc725e
*** SHOWDOWN ***
afdc725e collected $1.11 from pot
*** SUMMARY ***
Total pot $1.16 | Rake $0.05 | Jackpot $0 | Bingo $0 | Fortune $0
Seat 1: afdc725e collected ($1.11)
Seat 2: 4e73b393 folded before Flop (didn't bet)
Seat 3: 74d7d934 (button) folded before Flop
Seat 4: 2030488d (small blind) folded before Flop
Seat 6: Hero (big blind) folded before Flop


Poker Hand #HD1171635753: Hold'em No Limit  ($0.02/$0.05) - 2023/03/22 21:14:59
Table 'NLHBlue102' 6-max Seat #2 is the button
Seat 1: afdc725e ($5.23 in chips)
Seat 2: 4e73b393 ($5.84 in chips)
Seat 3: 74d7d934 ($5.05 in chips)
Seat 4: 2030488d ($5 in chips)
Seat 6: Hero ($6.07 in chips)
74d7d934: posts small blind $0.02
2030488d: posts big blind $0.05
*** HOLE CARDS ***
Dealt to afdc725e 
Dealt to 4e73b393 
Dealt to 74d7d934 
Dealt to 2030488d 
Dealt to Hero [2h 9s]
Hero: folds
afdc725e: raises $0.08 to $0.13
4e73b393: folds
74d7d934: folds
2030488d: folds
Uncalled bet ($0.08) returned to afdc725e
*** SHOWDOWN ***
afdc725e collected $0.12 from pot
*** SUMMARY ***
Total pot $0.12 | Rake $0 | Jackpot $0 | Bingo $0 | Fortune $0
Seat 1: afdc725e collected ($0.12)
Seat 2: 4e73b393 (button) folded before Flop (didn't bet)
Seat 3: 74d7d934 (small blind) folded before Flop
Seat 4: 2030488d (big blind) folded before Flop
Seat 6: Hero folded before Flop (didn't bet)


Poker Hand #HD1171635714: Hold'em No Limit  ($0.02/$0.05) - 2023/03/22 21:14:42
Table 'NLHBlue102' 6-max Seat #1 is the button
Seat 1: afdc725e ($5.23 in chips)
Seat 2: 4e73b393 ($5.79 in chips)
Seat 3: 74d7d934 ($5 in chips)
Seat 6: Hero ($6.07 in chips)
4e73b393: posts small blind $0.02
74d7d934: posts big blind $0.05
*** HOLE CARDS ***
Dealt to afdc725e 
Dealt to 4e73b393 
Dealt to 74d7d934 
Dealt to Hero [7d 4h]
Hero: folds
afdc725e: folds
4e73b393: raises $0.1 to $0.15
74d7d934: folds
Uncalled bet ($0.1) returned to 4e73b393
*** SHOWDOWN ***
4e73b393 collected $0.1 from pot
*** SUMMARY ***
Total pot $0.1 | Rake $0 | Jackpot $0 | Bingo $0 | Fortune $0
Seat 1: afdc725e (button) folded before Flop (didn't bet)
Seat 2: 4e73b393 (small blind) collected ($0.1)
Seat 3: 74d7d934 (big blind) folded before Flop
Seat 6: Hero folded before Flop (didn't bet)


Poker Hand #HD1171585598: Hold'em No Limit  ($0.02/$0.05) - 2023/03/22 21:13:52
Table 'NLHBlue102' 6-max Seat #6 is the button
Seat 1: afdc725e ($5 in chips)
Seat 2: 4e73b393 ($6.04 in chips)
Seat 3: 74d7d934 ($5 in chips)
Seat 6: Hero ($6.07 in chips)
afdc725e: posts small blind $0.02
4e73b393: posts big blind $0.05
*** HOLE CARDS ***
Dealt to afdc725e 
Dealt to 4e73b393 
Dealt to 74d7d934 
Dealt to Hero [4d 5h]
74d7d934: folds
Hero: folds
afdc725e: raises $0.1 to $0.15
4e73b393: calls $0.1
*** FLOP *** [8c 2s Ad]
afdc725e: checks
4e73b393: bets $0.1
afdc725e: calls $0.1
*** TURN *** [8c 2s Ad] [9c]
afdc725e: checks
4e73b393: checks
*** RIVER *** [8c 2s Ad 9c] [2d]
afdc725e: checks
4e73b393: checks
afdc725e: shows [Qd Qs] (Pair of Queens and Pair of Twos)
4e73b393: shows [9s Qh] (Pair of Nines and Pair of Twos)
*** SHOWDOWN ***
afdc725e collected $0.48 from pot
*** SUMMARY ***
Total pot $0.5 | Rake $0.02 | Jackpot $0 | Bingo $0 | Fortune $0
Board [8c 2s Ad 9c 2d]
Seat 1: afdc725e (small blind) showed [Qd Qs] and won ($0.48) with Pair of Queens and Pair of Twos
Seat 2: 4e73b393 (big blind) showed [9s Qh] and lost with Pair of Nines and Pair of Twos
Seat 3: 74d7d934 folded before Flop (didn't bet)
Seat 6: Hero (button) folded before Flop (didn't bet)


Poker Hand #HD1171585457: Hold'em No Limit  ($0.02/$0.05) - 2023/03/22 21:12:58
Table 'NLHBlue102' 6-max Seat #3 is the button
Seat 1: afdc725e ($5 in chips)
Seat 2: 4e73b393 ($6.04 in chips)
Seat 3: 74d7d934 ($5 in chips)
Seat 6: Hero ($5.87 in chips)
Hero: posts small blind $0.02
afdc725e: posts big blind $0.05
*** HOLE CARDS ***
Dealt to afdc725e 
Dealt to 4e73b393 
Dealt to 74d7d934 
Dealt to Hero [6s Ac]
4e73b393: folds
74d7d934: folds
Hero: raises $0.09 to $0.14
afdc725e: calls $0.09
*** FLOP *** [6d 5h Kh]
Hero: bets $0.08
afdc725e: calls $0.08
*** TURN *** [6d 5h Kh] [4c]
Hero: checks
afdc725e: checks
*** RIVER *** [6d 5h Kh 4c] [4s]
Hero: checks
afdc725e: checks
Hero: shows [6s Ac] (Pair of Sixes and Pair of Fours)
afdc725e: shows [6h Jc] (Pair of Sixes and Pair of Fours)
*** SHOWDOWN ***
Hero collected $0.42 from pot
*** SUMMARY ***
Total pot $0.44 | Rake $0.02 | Jackpot $0 | Bingo $0 | Fortune $0
Board [6d 5h Kh 4c 4s]
Seat 1: afdc725e (big blind) showed [6h Jc] and lost with Pair of Sixes and Pair of Fours
Seat 2: 4e73b393 folded before Flop (didn't bet)
Seat 3: 74d7d934 (button) folded before Flop (didn't bet)
Seat 6: Hero (small blind) showed [6s Ac] and won ($0.42) with Pair of Sixes and Pair of Fours


Poker Hand #HD1171585403: Hold'em No Limit  ($0.02/$0.05) - 2023/03/22 21:12:37
Table 'NLHBlue102' 6-max Seat #2 is the button
Seat 2: 4e73b393 ($6.04 in chips)
Seat 3: 74d7d934 ($5 in chips)
Seat 5: 7022f908 ($5 in chips)
Seat 6: Hero ($5.8 in chips)
74d7d934: posts small blind $0.02
7022f908: posts big blind $0.05
*** HOLE CARDS ***
Dealt to 4e73b393 
Dealt to 74d7d934 
Dealt to 7022f908 
Dealt to Hero [Ad Th]
Hero: raises $0.07 to $0.12
4e73b393: folds
74d7d934: folds
7022f908: folds
Uncalled bet ($0.07) returned to Hero
*** SHOWDOWN ***
Hero collected $0.12 from pot
*** SUMMARY ***
Total pot $0.12 | Rake $0 | Jackpot $0 | Bingo $0 | Fortune $0
Seat 2: 4e73b393 (button) folded before Flop (didn't bet)
Seat 3: 74d7d934 (small blind) folded before Flop
Seat 5: 7022f908 (big blind) folded before Flop
Seat 6: Hero collected ($0.12)


Poker Hand #HD1171585239: Hold'em No Limit  ($0.02/$0.05) - 2023/03/22 21:11:26
Table 'NLHBlue102' 6-max Seat #6 is the button
Seat 2: 4e73b393 ($5.3 in chips)
Seat 3: 74d7d934 ($5 in chips)
Seat 4: 33c459bc ($0.55 in chips)
Seat 5: 7022f908 ($5 in chips)
Seat 6: Hero ($5.8 in chips)
4e73b393: posts small blind $0.02
74d7d934: posts big blind $0.05
*** HOLE CARDS ***
Dealt to 4e73b393 
Dealt to 74d7d934 
Dealt to 33c459bc 
Dealt to 7022f908 
Dealt to Hero [5d Qd]
33c459bc: calls $0.05
7022f908: folds
Hero: folds
4e73b393: raises $0.2 to $0.25
74d7d934: calls $0.2
33c459bc: raises $0.3 to $0.55 and is all-in
4e73b393: raises $0.65 to $1.2
74d7d934: folds
Uncalled bet ($0.65) returned to 4e73b393
4e73b393: shows [Jd Js]
33c459bc: shows [8h 8c]
*** FLOP *** [3h 5c 9d]
*** TURN *** [3h 5c 9d] [9c]
*** RIVER *** [3h 5c 9d 9c] [3d]
*** SHOWDOWN ***
4e73b393 collected $1.29 from pot
*** SUMMARY ***
Total pot $1.35 | Rake $0.06 | Jackpot $0 | Bingo $0 | Fortune $0
Board [3h 5c 9d 9c 3d]
Seat 2: 4e73b393 (small blind) showed [Jd Js] and won ($1.29) with Pair of Jacks and Pair of Nines
Seat 3: 74d7d934 (big blind) folded before Flop
Seat 4: 33c459bc showed [8h 8c] and lost with Pair of Nines and Pair of Eights
Seat 5: 7022f908 folded before Flop (didn't bet)
Seat 6: Hero (button) folded before Flop (didn't bet)


Poker Hand #HD1171585116: Hold'em No Limit  ($0.02/$0.05) - 2023/03/22 21:10:36
Table 'NLHBlue102' 6-max Seat #5 is the button
Seat 2: 4e73b393 ($5.23 in chips)
Seat 3: 74d7d934 ($5 in chips)
Seat 4: 33c459bc ($0.6 in chips)
Seat 5: 7022f908 ($5 in chips)
Seat 6: Hero ($5.82 in chips)
Hero: posts small blind $0.02
4e73b393: posts big blind $0.05
*** HOLE CARDS ***
Dealt to 4e73b393 
Dealt to 74d7d934 
Dealt to 33c459bc 
Dealt to 7022f908 
Dealt to Hero [Qs Th]
74d7d934: folds
33c459bc: calls $0.05
7022f908: folds
Hero: folds
4e73b393: checks
*** FLOP *** [Jh 7s 9s]
4e73b393: checks
33c459bc: checks
*** TURN *** [Jh 7s 9s] [Ad]
4e73b393: checks
33c459bc: checks
*** RIVER *** [Jh 7s 9s Ad] [4s]
4e73b393: bets $0.15
33c459bc: folds
Uncalled bet ($0.15) returned to 4e73b393
*** SHOWDOWN ***
4e73b393 collected $0.12 from pot
*** SUMMARY ***
Total pot $0.12 | Rake $0 | Jackpot $0 | Bingo $0 | Fortune $0
Board [Jh 7s 9s Ad 4s]
Seat 2: 4e73b393 (big blind) won ($0.12)
Seat 3: 74d7d934 folded before Flop (didn't bet)
Seat 4: 33c459bc folded on the River
Seat 5: 7022f908 (button) folded before Flop (didn't bet)
Seat 6: Hero (small blind) folded before Flop


Poker Hand #HD1171584882: Hold'em No Limit  ($0.02/$0.05) - 2023/03/22 21:09:12
Table 'NLHBlue102' 6-max Seat #4 is the button
Seat 2: 4e73b393 ($5.23 in chips)
Seat 3: 74d7d934 ($5 in chips)
Seat 4: 33c459bc ($0.28 in chips)
Seat 5: 7022f908 ($5.02 in chips)
Seat 6: Hero ($5.87 in chips)
7022f908: posts small blind $0.02
Hero: posts big blind $0.05
*** HOLE CARDS ***
Dealt to 4e73b393 
Dealt to 74d7d934 
Dealt to 33c459bc 
Dealt to 7022f908 
Dealt to Hero [Ah 8s]
4e73b393: folds
74d7d934: raises $0.07 to $0.12
33c459bc: raises $0.16 to $0.28 and is all-in
7022f908: folds
Hero: folds
74d7d934: calls $0.16
33c459bc: shows [Ac Kh]
74d7d934: shows [8d 8h]
*** FLOP *** [7s 3h Ad]
*** TURN *** [7s 3h Ad] [7h]
*** RIVER *** [7s 3h Ad 7h] [3d]
*** SHOWDOWN ***
33c459bc collected $0.6 from pot
*** SUMMARY ***
Total pot $0.63 | Rake $0.03 | Jackpot $0 | Bingo $0 | Fortune $0
Board [7s 3h Ad 7h 3d]
Seat 2: 4e73b393 folded before Flop (didn't bet)
Seat 3: 74d7d934 showed [8d 8h] and lost with Pair of Eights and Pair of Sevens
Seat 4: 33c459bc (button) showed [Ac Kh] and won ($0.6) with Pair of Aces and Pair of Sevens
Seat 5: 7022f908 (small blind) folded before Flop
Seat 6: Hero (big blind) folded before Flop


Poker Hand #HD1171584849: Hold'em No Limit  ($0.02/$0.05) - 2023/03/22 21:08:59
Table 'NLHBlue102' 6-max Seat #3 is the button
Seat 2: 4e73b393 ($5.23 in chips)
Seat 3: 74d7d934 ($5 in chips)
Seat 4: 33c459bc ($0.3 in chips)
Seat 5: 7022f908 ($5 in chips)
Seat 6: Hero ($5.87 in chips)
33c459bc: posts small blind $0.02
7022f908: posts big blind $0.05
*** HOLE CARDS ***
Dealt to 4e73b393 
Dealt to 74d7d934 
Dealt to 33c459bc 
Dealt to 7022f908 
Dealt to Hero [4h As]
Hero: folds
4e73b393: folds
74d7d934: folds
33c459bc: folds
Uncalled bet ($0.03) returned to 7022f908
*** SHOWDOWN ***
7022f908 collected $0.04 from pot
*** SUMMARY ***
Total pot $0.04 | Rake $0 | Jackpot $0 | Bingo $0 | Fortune $0
Seat 2: 4e73b393 folded before Flop (didn't bet)
Seat 3: 74d7d934 (button) folded before Flop (didn't bet)
Seat 4: 33c459bc (small blind) folded before Flop
Seat 5: 7022f908 (big blind) collected ($0.04)
Seat 6: Hero folded before Flop (didn't bet)


Poker Hand #HD1171584803: Hold'em No Limit  ($0.02/$0.05) - 2023/03/22 21:08:41
Table 'NLHBlue102' 6-max Seat #2 is the button
Seat 1: c731b17a ($3.13 in chips)
Seat 2: 4e73b393 ($5.16 in chips)
Seat 3: 74d7d934 ($5 in chips)
Seat 4: 33c459bc ($0.35 in chips)
Seat 6: Hero ($5.87 in chips)
74d7d934: posts small blind $0.02
33c459bc: posts big blind $0.05
*** HOLE CARDS ***
Dealt to c731b17a 
Dealt to 4e73b393 
Dealt to 74d7d934 
Dealt to 33c459bc 
Dealt to Hero [Jh 2s]
Hero: folds
c731b17a: folds
4e73b393: raises $0.08 to $0.13
74d7d934: folds
33c459bc: folds
Uncalled bet ($0.08) returned to 4e73b393
*** SHOWDOWN ***
4e73b393 collected $0.12 from pot
*** SUMMARY ***
Total pot $0.12 | Rake $0 | Jackpot $0 | Bingo $0 | Fortune $0
Seat 1: c731b17a folded before Flop (didn't bet)
Seat 2: 4e73b393 (button) collected ($0.12)
Seat 3: 74d7d934 (small blind) folded before Flop
Seat 4: 33c459bc (big blind) folded before Flop
Seat 6: Hero folded before Flop (didn't bet)


Poker Hand #HD1171584734: Hold'em No Limit  ($0.02/$0.05) - 2023/03/22 21:08:13
Table 'NLHBlue102' 6-max Seat #1 is the button
Seat 1: c731b17a ($3.13 in chips)
Seat 2: 4e73b393 ($5.18 in chips)
Seat 3: 74d7d934 ($5 in chips)
Seat 4: 33c459bc ($0.28 in chips)
Seat 6: Hero ($5.87 in chips)
4e73b393: posts small blind $0.02
74d7d934: posts big blind $0.05
*** HOLE CARDS ***
Dealt to c731b17a 
Dealt to 4e73b393 
Dealt to 74d7d934 
Dealt to 33c459bc 
Dealt to Hero [2d 3d]
33c459bc: raises $0.15 to $0.2
Hero: folds
c731b17a: folds
4e73b393: folds
74d7d934: folds
Uncalled bet ($0.15) returned to 33c459bc
*** SHOWDOWN ***
33c459bc collected $0.12 from pot
*** SUMMARY ***
Total pot $0.12 | Rake $0 | Jackpot $0 | Bingo $0 | Fortune $0
Seat 1: c731b17a (button) folded before Flop (didn't bet)
Seat 2: 4e73b393 (small blind) folded before Flop
Seat 3: 74d7d934 (big blind) folded before Flop
Seat 4: 33c459bc collected ($0.12)
Seat 6: Hero folded before Flop (didn't bet)


Poker Hand #HD1171584565: Hold'em No Limit  ($0.02/$0.05) - 2023/03/22 21:06:59
Table 'NLHBlue102' 6-max Seat #6 is the button
Seat 1: c731b17a ($3.15 in chips)
Seat 2: 4e73b393 ($5.43 in chips)
Seat 3: 74d7d934 ($5 in chips)
Seat 6: Hero ($5.62 in chips)
c731b17a: posts small blind $0.02
4e73b393: posts big blind $0.05
*** HOLE CARDS ***
Dealt to c731b17a 
Dealt to 4e73b393 
Dealt to 74d7d934 
Dealt to Hero [Ks Td]
74d7d934: folds
Hero: raises $0.07 to $0.12
c731b17a: folds
4e73b393: calls $0.07
*** FLOP *** [8c 2d 5h]
4e73b393: checks
Hero: checks
*** TURN *** [8c 2d 5h] [9c]
4e73b393: checks
Hero: bets $0.13
4e73b393: calls $0.13
*** RIVER *** [8c 2d 5h 9c] [Tc]
4e73b393: checks
Hero: checks
4e73b393: shows [Ah 8s] (Pair of Eights)
Hero: shows [Ks Td] (Pair of Tens)
*** SHOWDOWN ***
Hero collected $0.5 from pot
*** SUMMARY ***
Total pot $0.52 | Rake $0.02 | Jackpot $0 | Bingo $0 | Fortune $0
Board [8c 2d 5h 9c Tc]
Seat 1: c731b17a (small blind) folded before Flop
Seat 2: 4e73b393 (big blind) showed [Ah 8s] and lost with Pair of Eights
Seat 3: 74d7d934 folded before Flop (didn't bet)
Seat 6: Hero (button) showed [Ks Td] and won ($0.5) with Pair of Tens


Poker Hand #HD1171584492: Hold'em No Limit  ($0.02/$0.05) - 2023/03/22 21:06:31
Table 'NLHBlue102' 6-max Seat #4 is the button
Seat 1: c731b17a ($3.2 in chips)
Seat 2: 4e73b393 ($5.36 in chips)
Seat 3: 74d7d934 ($5 in chips)
Seat 4: 33c459bc ($0.28 in chips)
Seat 6: Hero ($5.64 in chips)
Hero: posts small blind $0.02
c731b17a: posts big blind $0.05
*** HOLE CARDS ***
Dealt to c731b17a 
Dealt to 4e73b393 
Dealt to 74d7d934 
Dealt to 33c459bc 
Dealt to Hero [Ks 7s]
4e73b393: raises $0.06 to $0.11
74d7d934: folds
33c459bc: folds
Hero: folds
c731b17a: folds
Uncalled bet ($0.06) returned to 4e73b393
*** SHOWDOWN ***
4e73b393 collected $0.12 from pot
*** SUMMARY ***
Total pot $0.12 | Rake $0 | Jackpot $0 | Bingo $0 | Fortune $0
Seat 1: c731b17a (big blind) folded before Flop
Seat 2: 4e73b393 collected ($0.12)
Seat 3: 74d7d934 folded before Flop (didn't bet)
Seat 4: 33c459bc (button) folded before Flop (didn't bet)
Seat 6: Hero (small blind) folded before Flop


Poker Hand #HD1171584427: Hold'em No Limit  ($0.02/$0.05) - 2023/03/22 21:06:06
Table 'NLHBlue102' 6-max Seat #3 is the button
Seat 1: c731b17a ($3.2 in chips)
Seat 2: 4e73b393 ($5.29 in chips)
Seat 3: 74d7d934 ($5 in chips)
Seat 4: 33c459bc ($0.3 in chips)
Seat 6: Hero ($5.69 in chips)
33c459bc: posts small blind $0.02
Hero: posts big blind $0.05
*** HOLE CARDS ***
Dealt to c731b17a 
Dealt to 4e73b393 
Dealt to 74d7d934 
Dealt to 33c459bc 
Dealt to Hero [6s 4h]
c731b17a: folds
4e73b393: raises $0.06 to $0.11
74d7d934: folds
33c459bc: folds
Hero: folds
Uncalled bet ($0.06) returned to 4e73b393
*** SHOWDOWN ***
4e73b393 collected $0.12 from pot
*** SUMMARY ***
Total pot $0.12 | Rake $0 | Jackpot $0 | Bingo $0 | Fortune $0
Seat 1: c731b17a folded before Flop (didn't bet)
Seat 2: 4e73b393 collected ($0.12)
Seat 3: 74d7d934 (button) folded before Flop (didn't bet)
Seat 4: 33c459bc (small blind) folded before Flop
Seat 6: Hero (big blind) folded before Flop


Poker Hand #HD1171584214: Hold'em No Limit  ($0.02/$0.05) - 2023/03/22 21:04:45
Table 'NLHBlue102' 6-max Seat #2 is the button
Seat 1: c731b17a ($3.2 in chips)
Seat 2: 4e73b393 ($5.1 in chips)
Seat 3: 74d7d934 ($5 in chips)
Seat 4: 33c459bc ($0.48 in chips)
Seat 6: Hero ($5.69 in chips)
74d7d934: posts small blind $0.02
33c459bc: posts big blind $0.05
*** HOLE CARDS ***
Dealt to c731b17a 
Dealt to 4e73b393 
Dealt to 74d7d934 
Dealt to 33c459bc 
Dealt to Hero [Td 6c]
Hero: folds
c731b17a: folds
4e73b393: raises $0.08 to $0.13
74d7d934: folds
33c459bc: calls $0.08
*** FLOP *** [7d Ts Jh]
33c459bc: bets $0.05
4e73b393: calls $0.05
*** TURN *** [7d Ts Jh] [4h]
33c459bc: checks
4e73b393: bets $0.29
33c459bc: folds
Uncalled bet ($0.29) returned to 4e73b393
*** SHOWDOWN ***
4e73b393 collected $0.37 from pot
*** SUMMARY ***
Total pot $0.38 | Rake $0.01 | Jackpot $0 | Bingo $0 | Fortune $0
Board [7d Ts Jh 4h]
Seat 1: c731b17a folded before Flop (didn't bet)
Seat 2: 4e73b393 (button) won ($0.37)
Seat 3: 74d7d934 (small blind) folded before Flop
Seat 4: 33c459bc (big blind) folded on the Turn
Seat 6: Hero folded before Flop (didn't bet)


Poker Hand #HD1171584154: Hold'em No Limit  ($0.02/$0.05) - 2023/03/22 21:04:22
Table 'NLHBlue102' 6-max Seat #1 is the button
Seat 1: c731b17a ($3.2 in chips)
Seat 2: 4e73b393 ($5.05 in chips)
Seat 3: 74d7d934 ($5.05 in chips)
Seat 4: 33c459bc ($0.48 in chips)
Seat 6: Hero ($5.69 in chips)
4e73b393: posts small blind $0.02
74d7d934: posts big blind $0.05
*** HOLE CARDS ***
Dealt to c731b17a 
Dealt to 4e73b393 
Dealt to 74d7d934 
Dealt to 33c459bc 
Dealt to Hero [7h Ts]
33c459bc: folds
Hero: folds
c731b17a: folds
4e73b393: raises $0.1 to $0.15
74d7d934: folds
Uncalled bet ($0.1) returned to 4e73b393
*** SHOWDOWN ***
4e73b393 collected $0.1 from pot
*** SUMMARY ***
Total pot $0.1 | Rake $0 | Jackpot $0 | Bingo $0 | Fortune $0
Seat 1: c731b17a (button) folded before Flop (didn't bet)
Seat 2: 4e73b393 (small blind) collected ($0.1)
Seat 3: 74d7d934 (big blind) folded before Flop
Seat 4: 33c459bc folded before Flop (didn't bet)
Seat 6: Hero folded before Flop (didn't bet)


Poker Hand #HD1171584109: Hold'em No Limit  ($0.02/$0.05) - 2023/03/22 21:04:01
Table 'NLHBlue102' 6-max Seat #6 is the button
Seat 1: c731b17a ($3.15 in chips)
Seat 2: 4e73b393 ($5 in chips)
Seat 3: 74d7d934 ($5.05 in chips)
Seat 4: 33c459bc ($0.48 in chips)
Seat 6: Hero ($5.69 in chips)
c731b17a: posts small blind $0.02
4e73b393: posts big blind $0.05
*** HOLE CARDS ***
Dealt to c731b17a 
Dealt to 4e73b393 
Dealt to 74d7d934 
Dealt to 33c459bc 
Dealt to Hero [4d 2s]
74d7d934: folds
33c459bc: folds
Hero: folds
c731b17a: raises $0.15 to $0.2
4e73b393: folds
Uncalled bet ($0.15) returned to c731b17a
*** SHOWDOWN ***
c731b17a collected $0.1 from pot
*** SUMMARY ***
Total pot $0.1 | Rake $0 | Jackpot $0 | Bingo $0 | Fortune $0
Seat 1: c731b17a (small blind) collected ($0.1)
Seat 2: 4e73b393 (big blind) folded before Flop
Seat 3: 74d7d934 folded before Flop (didn't bet)
Seat 4: 33c459bc folded before Flop (didn't bet)
Seat 6: Hero (button) folded before Flop (didn't bet)


Poker Hand #HD1171584054: Hold'em No Limit  ($0.02/$0.05) - 2023/03/22 21:03:38
Table 'NLHBlue102' 6-max Seat #4 is the button
Seat 1: c731b17a ($3.15 in chips)
Seat 2: 4e73b393 ($5 in chips)
Seat 3: 74d7d934 ($5.05 in chips)
Seat 4: 33c459bc ($0.41 in chips)
Seat 5: a9db78e4 ($6.5 in chips)
Seat 6: Hero ($5.74 in chips)
a9db78e4: posts small blind $0.02
Hero: posts big blind $0.05
*** HOLE CARDS ***
Dealt to c731b17a 
Dealt to 4e73b393 
Dealt to 74d7d934 
Dealt to 33c459bc 
Dealt to a9db78e4 
Dealt to Hero [8d Jh]
c731b17a: folds
4e73b393: folds
74d7d934: folds
33c459bc: raises $0.36 to $0.41 and is all-in
a9db78e4: folds
Hero: folds
Uncalled bet ($0.36) returned to 33c459bc
*** SHOWDOWN ***
33c459bc collected $0.12 from pot
*** SUMMARY ***
Total pot $0.12 | Rake $0 | Jackpot $0 | Bingo $0 | Fortune $0
Seat 1: c731b17a folded before Flop (didn't bet)
Seat 2: 4e73b393 folded before Flop (didn't bet)
Seat 3: 74d7d934 folded before Flop (didn't bet)
Seat 4: 33c459bc (button) collected ($0.12)
Seat 5: a9db78e4 (small blind) folded before Flop
Seat 6: Hero (big blind) folded before Flop


Poker Hand #HD1171583864: Hold'em No Limit  ($0.02/$0.05) - 2023/03/22 21:02:21
Table 'NLHBlue102' 6-max Seat #3 is the button
Seat 1: c731b17a ($3.15 in chips)
Seat 2: 4e73b393 ($5 in chips)
Seat 3: 74d7d934 ($5.05 in chips)
Seat 4: 33c459bc ($0.43 in chips)
Seat 5: a9db78e4 ($6.76 in chips)
Seat 6: Hero ($5.48 in chips)
33c459bc: posts small blind $0.02
a9db78e4: posts big blind $0.05
*** HOLE CARDS ***
Dealt to c731b17a 
Dealt to 4e73b393 
Dealt to 74d7d934 
Dealt to 33c459bc 
Dealt to a9db78e4 
Dealt to Hero [3d Ad]
Hero: raises $0.07 to $0.12
c731b17a: folds
4e73b393: folds
74d7d934: folds
33c459bc: folds
a9db78e4: calls $0.07
*** FLOP *** [7d Jd 2s]
a9db78e4: checks
Hero: bets $0.14
a9db78e4: calls $0.14
*** TURN *** [7d Jd 2s] [6h]
a9db78e4: checks
Hero: bets $0.32
a9db78e4: folds
Uncalled bet ($0.32) returned to Hero
*** SHOWDOWN ***
Hero collected $0.52 from pot
*** SUMMARY ***
Total pot $0.54 | Rake $0.02 | Jackpot $0 | Bingo $0 | Fortune $0
Board [7d Jd 2s 6h]
Seat 1: c731b17a folded before Flop (didn't bet)
Seat 2: 4e73b393 folded before Flop (didn't bet)
Seat 3: 74d7d934 (button) folded before Flop (didn't bet)
Seat 4: 33c459bc (small blind) folded before Flop
Seat 5: a9db78e4 (big blind) folded on the Turn
Seat 6: Hero won ($0.52)


Poker Hand #HD1171583815: Hold'em No Limit  ($0.02/$0.05) - 2023/03/22 21:02:03
Table 'NLHBlue102' 6-max Seat #2 is the button
Seat 1: c731b17a ($3.15 in chips)
Seat 2: 4e73b393 ($5 in chips)
Seat 3: 74d7d934 ($5 in chips)
Seat 4: 33c459bc ($0.48 in chips)
Seat 5: a9db78e4 ($6.76 in chips)
Seat 6: Hero ($5.48 in chips)
74d7d934: posts small blind $0.02
33c459bc: posts big blind $0.05
*** HOLE CARDS ***
Dealt to c731b17a 
Dealt to 4e73b393 
Dealt to 74d7d934 
Dealt to 33c459bc 
Dealt to a9db78e4 
Dealt to Hero [5d 6c]
a9db78e4: folds
Hero: folds
c731b17a: folds
4e73b393: folds
74d7d934: raises $0.1 to $0.15
33c459bc: folds
Uncalled bet ($0.1) returned to 74d7d934
*** SHOWDOWN ***
74d7d934 collected $0.1 from pot
*** SUMMARY ***
Total pot $0.1 | Rake $0 | Jackpot $0 | Bingo $0 | Fortune $0
Seat 1: c731b17a folded before Flop (didn't bet)
Seat 2: 4e73b393 (button) folded before Flop (didn't bet)
Seat 3: 74d7d934 (small blind) collected ($0.1)
Seat 4: 33c459bc (big blind) folded before Flop
Seat 5: a9db78e4 folded before Flop (didn't bet)
Seat 6: Hero folded before Flop (didn't bet)


Poker Hand #HD1171583720: Hold'em No Limit  ($0.02/$0.05) - 2023/03/22 21:01:22
Table 'NLHBlue102' 6-max Seat #1 is the button
Seat 1: c731b17a ($3.15 in chips)
Seat 2: 4e73b393 ($5.02 in chips)
Seat 3: 74d7d934 ($5 in chips)
Seat 4: 33c459bc ($0.66 in chips)
Seat 5: a9db78e4 ($6.53 in chips)
Seat 6: Hero ($5.48 in chips)
4e73b393: posts small blind $0.02
74d7d934: posts big blind $0.05
*** HOLE CARDS ***
Dealt to c731b17a 
Dealt to 4e73b393 
Dealt to 74d7d934 
Dealt to 33c459bc 
Dealt to a9db78e4 
Dealt to Hero [Kh Qs]
33c459bc: calls $0.05
a9db78e4: raises $0.13 to $0.18
Hero: folds
c731b17a: folds
4e73b393: folds
74d7d934: folds
33c459bc: calls $0.13
*** FLOP *** [3s Th 5s]
33c459bc: checks
a9db78e4: bets $0.22
33c459bc: folds
Uncalled bet ($0.22) returned to a9db78e4
*** SHOWDOWN ***
a9db78e4 collected $0.41 from pot
*** SUMMARY ***
Total pot $0.43 | Rake $0.02 | Jackpot $0 | Bingo $0 | Fortune $0
Board [3s Th 5s]
Seat 1: c731b17a (button) folded before Flop (didn't bet)
Seat 2: 4e73b393 (small blind) folded before Flop
Seat 3: 74d7d934 (big blind) folded before Flop
Seat 4: 33c459bc folded on the Flop
Seat 5: a9db78e4 won ($0.41)
Seat 6: Hero folded before Flop (didn't bet)


Poker Hand #HD1171583639: Hold'em No Limit  ($0.02/$0.05) - 2023/03/22 21:00:52
Table 'NLHBlue102' 6-max Seat #6 is the button
Seat 1: c731b17a ($3.17 in chips)
Seat 2: 4e73b393 ($5.07 in chips)
Seat 3: 74d7d934 ($5 in chips)
Seat 4: 33c459bc ($0.66 in chips)
Seat 5: a9db78e4 ($6.53 in chips)
Seat 6: Hero ($5.41 in chips)
c731b17a: posts small blind $0.02
4e73b393: posts big blind $0.05
*** HOLE CARDS ***
Dealt to c731b17a 
Dealt to 4e73b393 
Dealt to 74d7d934 
Dealt to 33c459bc 
Dealt to a9db78e4 
Dealt to Hero [4h Ah]
74d7d934: folds
33c459bc: folds
a9db78e4: folds
Hero: raises $0.07 to $0.12
c731b17a: folds
4e73b393: folds
Uncalled bet ($0.07) returned to Hero
*** SHOWDOWN ***
Hero collected $0.12 from pot
*** SUMMARY ***
Total pot $0.12 | Rake $0 | Jackpot $0 | Bingo $0 | Fortune $0
Seat 1: c731b17a (small blind) folded before Flop
Seat 2: 4e73b393 (big blind) folded before Flop
Seat 3: 74d7d934 folded before Flop (didn't bet)
Seat 4: 33c459bc folded before Flop (didn't bet)
Seat 5: a9db78e4 folded before Flop (didn't bet)
Seat 6: Hero (button) collected ($0.12)


Poker Hand #HD1171583562: Hold'em No Limit  ($0.02/$0.05) - 2023/03/22 21:00:18
Table 'NLHBlue102' 6-max Seat #5 is the button
Seat 1: c731b17a ($3.06 in chips)
Seat 2: 4e73b393 ($5.07 in chips)
Seat 3: 74d7d934 ($5 in chips)
Seat 4: 33c459bc ($0.76 in chips)
Seat 5: a9db78e4 ($6.53 in chips)
Seat 6: Hero ($5.43 in chips)
Hero: posts small blind $0.02
c731b17a: posts big blind $0.05
*** HOLE CARDS ***
Dealt to c731b17a 
Dealt to 4e73b393 
Dealt to 74d7d934 
Dealt to 33c459bc 
Dealt to a9db78e4 
Dealt to Hero [8d 4s]
4e73b393: folds
74d7d934: folds
33c459bc: raises $0.05 to $0.1
a9db78e4: folds
Hero: folds
c731b17a: calls $0.05
*** FLOP *** [Qc 9c 7s]
c731b17a: bets $0.1
33c459bc: folds
Uncalled bet ($0.1) returned to c731b17a
*** SHOWDOWN ***
c731b17a collected $0.21 from pot
*** SUMMARY ***
Total pot $0.22 | Rake $0.01 | Jackpot $0 | Bingo $0 | Fortune $0
Board [Qc 9c 7s]
Seat 1: c731b17a (big blind) won ($0.21)
Seat 2: 4e73b393 folded before Flop (didn't bet)
Seat 3: 74d7d934 folded before Flop (didn't bet)
Seat 4: 33c459bc folded on the Flop
Seat 5: a9db78e4 (button) folded before Flop (didn't bet)
Seat 6: Hero (small blind) folded before Flop


Poker Hand #HD1171583480: Hold'em No Limit  ($0.02/$0.05) - 2023/03/22 20:59:44
Table 'NLHBlue102' 6-max Seat #4 is the button
Seat 1: c731b17a ($3.06 in chips)
Seat 2: 4e73b393 ($5.07 in chips)
Seat 3: 74d7d934 ($5 in chips)
Seat 4: 33c459bc ($0.76 in chips)
Seat 5: a9db78e4 ($6.55 in chips)
Seat 6: Hero ($5.41 in chips)
a9db78e4: posts small blind $0.02
Hero: posts big blind $0.05
*** HOLE CARDS ***
Dealt to c731b17a 
Dealt to 4e73b393 
Dealt to 74d7d934 
Dealt to 33c459bc 
Dealt to a9db78e4 
Dealt to Hero [Qc 6c]
c731b17a: folds
4e73b393: folds
74d7d934: folds
33c459bc: folds
a9db78e4: folds
Uncalled bet ($0.03) returned to Hero
*** SHOWDOWN ***
Hero collected $0.04 from pot
*** SUMMARY ***
Total pot $0.04 | Rake $0 | Jackpot $0 | Bingo $0 | Fortune $0
Seat 1: c731b17a folded before Flop (didn't bet)
Seat 2: 4e73b393 folded before Flop (didn't bet)
Seat 3: 74d7d934 folded before Flop (didn't bet)
Seat 4: 33c459bc (button) folded before Flop (didn't bet)
Seat 5: a9db78e4 (small blind) folded before Flop
Seat 6: Hero (big blind) collected ($0.04)


Poker Hand #HD1171583372: Hold'em No Limit  ($0.02/$0.05) - 2023/03/22 20:58:59
Table 'NLHBlue102' 6-max Seat #3 is the button
Seat 1: c731b17a ($2.9 in chips)
Seat 2: 4e73b393 ($5.07 in chips)
Seat 3: 74d7d934 ($5 in chips)
Seat 4: 33c459bc ($0.78 in chips)
Seat 5: a9db78e4 ($6.7 in chips)
Seat 6: Hero ($5.41 in chips)
33c459bc: posts small blind $0.02
a9db78e4: posts big blind $0.05
*** HOLE CARDS ***
Dealt to c731b17a 
Dealt to 4e73b393 
Dealt to 74d7d934 
Dealt to 33c459bc 
Dealt to a9db78e4 
Dealt to Hero [9h 6s]
Hero: folds
c731b17a: raises $0.1 to $0.15
4e73b393: folds
74d7d934: folds
33c459bc: folds
a9db78e4: calls $0.1
*** FLOP *** [Tc 4h 4c]
a9db78e4: checks
c731b17a: bets $0.3
a9db78e4: folds
Uncalled bet ($0.3) returned to c731b17a
*** SHOWDOWN ***
c731b17a collected $0.31 from pot
*** SUMMARY ***
Total pot $0.32 | Rake $0.01 | Jackpot $0 | Bingo $0 | Fortune $0
Board [Tc 4h 4c]
Seat 1: c731b17a won ($0.31)
Seat 2: 4e73b393 folded before Flop (didn't bet)
Seat 3: 74d7d934 (button) folded before Flop (didn't bet)
Seat 4: 33c459bc (small blind) folded before Flop
Seat 5: a9db78e4 (big blind) folded on the Flop
Seat 6: Hero folded before Flop (didn't bet)


Poker Hand #HD1171583299: Hold'em No Limit  ($0.02/$0.05) - 2023/03/22 20:58:31
Table 'NLHBlue102' 6-max Seat #2 is the button
Seat 1: c731b17a ($2.9 in chips)
Seat 2: 4e73b393 ($5 in chips)
Seat 3: 74d7d934 ($5 in chips)
Seat 4: 33c459bc ($0.83 in chips)
Seat 5: a9db78e4 ($6.7 in chips)
Seat 6: Hero ($5.41 in chips)
74d7d934: posts small blind $0.02
33c459bc: posts big blind $0.05
*** HOLE CARDS ***
Dealt to c731b17a 
Dealt to 4e73b393 
Dealt to 74d7d934 
Dealt to 33c459bc 
Dealt to a9db78e4 
Dealt to Hero [9s Jh]
a9db78e4: folds
Hero: folds
c731b17a: folds
4e73b393: raises $0.08 to $0.13
74d7d934: folds
33c459bc: folds
Uncalled bet ($0.08) returned to 4e73b393
*** SHOWDOWN ***
4e73b393 collected $0.12 from pot
*** SUMMARY ***
Total pot $0.12 | Rake $0 | Jackpot $0 | Bingo $0 | Fortune $0
Seat 1: c731b17a folded before Flop (didn't bet)
Seat 2: 4e73b393 (button) collected ($0.12)
Seat 3: 74d7d934 (small blind) folded before Flop
Seat 4: 33c459bc (big blind) folded before Flop
Seat 5: a9db78e4 folded before Flop (didn't bet)
Seat 6: Hero folded before Flop (didn't bet)


Poker Hand #HD1171583114: Hold'em No Limit  ($0.02/$0.05) - 2023/03/22 20:57:20
Table 'NLHBlue102' 6-max Seat #1 is the button
Seat 1: c731b17a ($2.9 in chips)
Seat 2: 4e73b393 ($5 in chips)
Seat 3: 74d7d934 ($5 in chips)
Seat 4: 33c459bc ($1.44 in chips)
Seat 5: a9db78e4 ($6.08 in chips)
Seat 6: Hero ($5.41 in chips)
4e73b393: posts small blind $0.02
74d7d934: posts big blind $0.05
*** HOLE CARDS ***
Dealt to c731b17a 
Dealt to 4e73b393 
Dealt to 74d7d934 
Dealt to 33c459bc 
Dealt to a9db78e4 
Dealt to Hero [Kh 9d]
33c459bc: calls $0.05
a9db78e4: raises $0.15 to $0.2
Hero: folds
c731b17a: folds
4e73b393: folds
74d7d934: folds
33c459bc: calls $0.15
*** FLOP *** [6s 7s 2s]
33c459bc: checks
a9db78e4: bets $0.15
33c459bc: calls $0.15
*** TURN *** [6s 7s 2s] [Qc]
33c459bc: checks
a9db78e4: bets $0.26
33c459bc: calls $0.26
*** RIVER *** [6s 7s 2s Qc] [6d]
33c459bc: checks
a9db78e4: checks
33c459bc: shows [Ts Ah] (Pair of Sixes)
a9db78e4: shows [Ks Kd] (Pair of Kings and Pair of Sixes)
*** SHOWDOWN ***
a9db78e4 collected $1.23 from pot
*** SUMMARY ***
Total pot $1.29 | Rake $0.06 | Jackpot $0 | Bingo $0 | Fortune $0
Board [6s 7s 2s Qc 6d]
Seat 1: c731b17a (button) folded before Flop (didn't bet)
Seat 2: 4e73b393 (small blind) folded before Flop
Seat 3: 74d7d934 (big blind) folded before Flop
Seat 4: 33c459bc showed [Ts Ah] and lost with Pair of Sixes
Seat 5: a9db78e4 showed [Ks Kd] and won ($1.23) with Pair of Kings and Pair of Sixes
Seat 6: Hero folded before Flop (didn't bet)


Poker Hand #HD1171582929: Hold'em No Limit  ($0.02/$0.05) - 2023/03/22 20:56:10
Table 'NLHBlue102' 6-max Seat #6 is the button
Seat 1: c731b17a ($2.22 in chips)
Seat 2: 4e73b393 ($5 in chips)
Seat 3: 74d7d934 ($5.03 in chips)
Seat 4: 33c459bc ($1.44 in chips)
Seat 5: a9db78e4 ($6.42 in chips)
Seat 6: Hero ($5.41 in chips)
c731b17a: posts small blind $0.02
4e73b393: posts big blind $0.05
*** HOLE CARDS ***
Dealt to c731b17a 
Dealt to 4e73b393 
Dealt to 74d7d934 
Dealt to 33c459bc 
Dealt to a9db78e4 
Dealt to Hero [7h 6s]
74d7d934: raises $0.07 to $0.12
33c459bc: folds
a9db78e4: calls $0.12
Hero: folds
c731b17a: raises $0.22 to $0.34
4e73b393: folds
74d7d934: calls $0.22
a9db78e4: calls $0.22
*** FLOP *** [5c 4d Jd]
c731b17a: bets $1.88 and is all-in
74d7d934: folds
a9db78e4: folds
Uncalled bet ($1.88) returned to c731b17a
*** SHOWDOWN ***
c731b17a collected $1.02 from pot
*** SUMMARY ***
Total pot $1.07 | Rake $0.05 | Jackpot $0 | Bingo $0 | Fortune $0
Board [5c 4d Jd]
Seat 1: c731b17a (small blind) won ($1.02)
Seat 2: 4e73b393 (big blind) folded before Flop
Seat 3: 74d7d934 folded on the Flop
Seat 4: 33c459bc folded before Flop (didn't bet)
Seat 5: a9db78e4 folded on the Flop
Seat 6: Hero (button) folded before Flop (didn't bet)


Poker Hand #HD1171582770: Hold'em No Limit  ($0.02/$0.05) - 2023/03/22 20:55:10
Table 'NLHBlue102' 6-max Seat #5 is the button
Seat 1: c731b17a ($2.02 in chips)
Seat 2: 4e73b393 ($5 in chips)
Seat 3: 74d7d934 ($5.03 in chips)
Seat 4: 33c459bc ($1.64 in chips)
Seat 5: a9db78e4 ($6.42 in chips)
Seat 6: Hero ($5.43 in chips)
Hero: posts small blind $0.02
c731b17a: posts big blind $0.05
*** HOLE CARDS ***
Dealt to c731b17a 
Dealt to 4e73b393 
Dealt to 74d7d934 
Dealt to 33c459bc 
Dealt to a9db78e4 
Dealt to Hero [2c 5d]
4e73b393: folds
74d7d934: folds
33c459bc: calls $0.05
a9db78e4: folds
Hero: folds
c731b17a: raises $0.15 to $0.2
33c459bc: calls $0.15
*** FLOP *** [6c 3h Td]
c731b17a: bets $0.32
33c459bc: folds
Uncalled bet ($0.32) returned to c731b17a
*** SHOWDOWN ***
c731b17a collected $0.4 from pot
*** SUMMARY ***
Total pot $0.42 | Rake $0.02 | Jackpot $0 | Bingo $0 | Fortune $0
Board [6c 3h Td]
Seat 1: c731b17a (big blind) won ($0.4)
Seat 2: 4e73b393 folded before Flop (didn't bet)
Seat 3: 74d7d934 folded before Flop (didn't bet)
Seat 4: 33c459bc folded on the Flop
Seat 5: a9db78e4 (button) folded before Flop (didn't bet)
Seat 6: Hero (small blind) folded before Flop


Poker Hand #HD1171582633: Hold'em No Limit  ($0.02/$0.05) - 2023/03/22 20:54:14
Table 'NLHBlue102' 6-max Seat #4 is the button
Seat 1: c731b17a ($2.32 in chips)
Seat 2: 4e73b393 ($5 in chips)
Seat 3: 74d7d934 ($5.03 in chips)
Seat 4: 33c459bc ($1.64 in chips)
Seat 5: a9db78e4 ($6.44 in chips)
Seat 6: Hero ($5.14 in chips)
a9db78e4: posts small blind $0.02
Hero: posts big blind $0.05
*** HOLE CARDS ***
Dealt to c731b17a 
Dealt to 4e73b393 
Dealt to 74d7d934 
Dealt to 33c459bc 
Dealt to a9db78e4 
Dealt to Hero [Qc 3c]
c731b17a: raises $0.1 to $0.15
4e73b393: folds
74d7d934: folds
33c459bc: folds
a9db78e4: folds
Hero: calls $0.1
*** FLOP *** [8c 7c As]
Hero: checks
c731b17a: bets $0.15
Hero: calls $0.15
*** TURN *** [8c 7c As] [5s]
Hero: checks
c731b17a: checks
*** RIVER *** [8c 7c As 5s] [4c]
Hero: bets $0.47
c731b17a: folds
Uncalled bet ($0.47) returned to Hero
*** SHOWDOWN ***
Hero collected $0.59 from pot
*** SUMMARY ***
Total pot $0.62 | Rake $0.03 | Jackpot $0 | Bingo $0 | Fortune $0
Board [8c 7c As 5s 4c]
Seat 1: c731b17a folded on the River
Seat 2: 4e73b393 folded before Flop (didn't bet)
Seat 3: 74d7d934 folded before Flop (didn't bet)
Seat 4: 33c459bc (button) folded before Flop (didn't bet)
Seat 5: a9db78e4 (small blind) folded before Flop
Seat 6: Hero (big blind) won ($0.59)


Poker Hand #HD1171582565: Hold'em No Limit  ($0.02/$0.05) - 2023/03/22 20:53:53
Table 'NLHBlue102' 6-max Seat #3 is the button
Seat 1: c731b17a ($2.32 in chips)
Seat 2: 4e73b393 ($5 in chips)
Seat 3: 74d7d934 ($5.03 in chips)
Seat 4: 33c459bc ($1.66 in chips)
Seat 5: a9db78e4 ($6.42 in chips)
Seat 6: Hero ($5.14 in chips)
33c459bc: posts small blind $0.02
a9db78e4: posts big blind $0.05
*** HOLE CARDS ***
Dealt to c731b17a 
Dealt to 4e73b393 
Dealt to 74d7d934 
Dealt to 33c459bc 
Dealt to a9db78e4 
Dealt to Hero [6s Jc]
Hero: folds
c731b17a: folds
4e73b393: folds
74d7d934: folds
33c459bc: folds
Uncalled bet ($0.03) returned to a9db78e4
*** SHOWDOWN ***
a9db78e4 collected $0.04 from pot
*** SUMMARY ***
Total pot $0.04 | Rake $0 | Jackpot $0 | Bingo $0 | Fortune $0
Seat 1: c731b17a folded before Flop (didn't bet)
Seat 2: 4e73b393 folded before Flop (didn't bet)
Seat 3: 74d7d934 (button) folded before Flop (didn't bet)
Seat 4: 33c459bc (small blind) folded before Flop
Seat 5: a9db78e4 (big blind) collected ($0.04)
Seat 6: Hero folded before Flop (didn't bet)


Poker Hand #HD1171582509: Hold'em No Limit  ($0.02/$0.05) - 2023/03/22 20:53:33
Table 'NLHBlue102' 6-max Seat #2 is the button
Seat 1: c731b17a ($2.25 in chips)
Seat 2: 4e73b393 ($5 in chips)
Seat 3: 74d7d934 ($5.05 in chips)
Seat 4: 33c459bc ($1.71 in chips)
Seat 5: a9db78e4 ($6.42 in chips)
Seat 6: Hero ($5.14 in chips)
74d7d934: posts small blind $0.02
33c459bc: posts big blind $0.05
*** HOLE CARDS ***
Dealt to c731b17a 
Dealt to 4e73b393 
Dealt to 74d7d934 
Dealt to 33c459bc 
Dealt to a9db78e4 
Dealt to Hero [3c As]
a9db78e4: folds
Hero: folds
c731b17a: raises $0.1 to $0.15
4e73b393: folds
74d7d934: folds
33c459bc: folds
Uncalled bet ($0.1) returned to c731b17a
*** SHOWDOWN ***
c731b17a collected $0.12 from pot
*** SUMMARY ***
Total pot $0.12 | Rake $0 | Jackpot $0 | Bingo $0 | Fortune $0
Seat 1: c731b17a collected ($0.12)
Seat 2: 4e73b393 (button) folded before Flop (didn't bet)
Seat 3: 74d7d934 (small blind) folded before Flop
Seat 4: 33c459bc (big blind) folded before Flop
Seat 5: a9db78e4 folded before Flop (didn't bet)
Seat 6: Hero folded before Flop (didn't bet)


Poker Hand #HD1171582455: Hold'em No Limit  ($0.02/$0.05) - 2023/03/22 20:53:13
Table 'NLHBlue102' 6-max Seat #1 is the button
Seat 1: c731b17a ($2.25 in chips)
Seat 2: 4e73b393 ($5 in chips)
Seat 3: 74d7d934 ($5 in chips)
Seat 4: 33c459bc ($1.71 in chips)
Seat 5: a9db78e4 ($6.42 in chips)
Seat 6: Hero ($5.07 in chips)
4e73b393: posts small blind $0.02
74d7d934: posts big blind $0.05
*** HOLE CARDS ***
Dealt to c731b17a 
Dealt to 4e73b393 
Dealt to 74d7d934 
Dealt to 33c459bc 
Dealt to a9db78e4 
Dealt to Hero [Ks 7s]
33c459bc: folds
a9db78e4: folds
Hero: raises $0.07 to $0.12
c731b17a: folds
4e73b393: folds
74d7d934: folds
Uncalled bet ($0.07) returned to Hero
*** SHOWDOWN ***
Hero collected $0.12 from pot
*** SUMMARY ***
Total pot $0.12 | Rake $0 | Jackpot $0 | Bingo $0 | Fortune $0
Seat 1: c731b17a (button) folded before Flop (didn't bet)
Seat 2: 4e73b393 (small blind) folded before Flop
Seat 3: 74d7d934 (big blind) folded before Flop
Seat 4: 33c459bc folded before Flop (didn't bet)
Seat 5: a9db78e4 folded before Flop (didn't bet)
Seat 6: Hero collected ($0.12)


Poker Hand #HD1171582409: Hold'em No Limit  ($0.02/$0.05) - 2023/03/22 20:52:54
Table 'NLHBlue102' 6-max Seat #6 is the button
Seat 1: c731b17a ($2.27 in chips)
Seat 2: 4e73b393 ($5.05 in chips)
Seat 3: 74d7d934 ($5 in chips)
Seat 4: 33c459bc ($1.71 in chips)
Seat 5: a9db78e4 ($6.42 in chips)
Seat 6: Hero ($5 in chips)
c731b17a: posts small blind $0.02
4e73b393: posts big blind $0.05
*** HOLE CARDS ***
Dealt to c731b17a 
Dealt to 4e73b393 
Dealt to 74d7d934 
Dealt to 33c459bc 
Dealt to a9db78e4 
Dealt to Hero [9c Ts]
74d7d934: folds
33c459bc: folds
a9db78e4: folds
Hero: raises $0.07 to $0.12
c731b17a: folds
4e73b393: folds
Uncalled bet ($0.07) returned to Hero
*** SHOWDOWN ***
Hero collected $0.12 from pot
*** SUMMARY ***
Total pot $0.12 | Rake $0 | Jackpot $0 | Bingo $0 | Fortune $0
Seat 1: c731b17a (small blind) folded before Flop
Seat 2: 4e73b393 (big blind) folded before Flop
Seat 3: 74d7d934 folded before Flop (didn't bet)
Seat 4: 33c459bc folded before Flop (didn't bet)
Seat 5: a9db78e4 folded before Flop (didn't bet)
Seat 6: Hero (button) collected ($0.12)


Poker Hand #HD1171582249: Hold'em No Limit  ($0.02/$0.05) - 2023/03/22 20:51:52
Table 'NLHBlue102' 6-max Seat #5 is the button
Seat 1: c731b17a ($2.44 in chips)
Seat 3: 74d7d934 ($5 in chips)
Seat 4: 33c459bc ($0.93 in chips)
Seat 5: a9db78e4 ($6.42 in chips)
Seat 6: Hero ($5 in chips)
Hero: posts small blind $0.02
c731b17a: posts big blind $0.05
*** HOLE CARDS ***
Dealt to c731b17a 
Dealt to 74d7d934 
Dealt to 33c459bc 
Dealt to a9db78e4 
Dealt to Hero [2h Ah]
74d7d934: raises $0.07 to $0.12
33c459bc: calls $0.12
a9db78e4: folds
Hero: folds
c731b17a: calls $0.07
*** FLOP *** [6c 2d 8h]
c731b17a: bets $0.05
74d7d934: raises $0.63 to $0.68
33c459bc: raises $0.13 to $0.81 and is all-in
c731b17a: folds
74d7d934: calls $0.13
33c459bc: shows [6d 6s] (Three Sixes)
74d7d934: shows [Jd Js] (Pair of Jacks)
33c459bc: Chooses to EV Cashout 
*** TURN *** [6c 2d 8h] [5h]
*** RIVER *** [6c 2d 8h 5h] [As]
33c459bc: Pays Cashout Risk ($0.19)
*** SHOWDOWN ***
33c459bc collected $1.9 from pot
*** SUMMARY ***
Total pot $2.05 | Rake $0.1 | Jackpot $0.05 | Bingo $0 | Fortune $0
Board [6c 2d 8h 5h As]
Seat 1: c731b17a (big blind) folded on the Flop
Seat 3: 74d7d934 showed [Jd Js] and lost with Pair of Jacks
Seat 4: 33c459bc showed [6d 6s] and won ($1.9) with Three Sixes, Cashout Risk ($0.19)
Seat 5: a9db78e4 (button) folded before Flop (didn't bet)
Seat 6: Hero (small blind) folded before Flop


Poker Hand #HD1171582193: Hold'em No Limit  ($0.02/$0.05) - 2023/03/22 20:51:29
Table 'NLHBlue102' 6-max Seat #4 is the button
Seat 1: c731b17a ($2.37 in chips)
Seat 3: 74d7d934 ($5 in chips)
Seat 4: 33c459bc ($0.93 in chips)
Seat 5: a9db78e4 ($6.44 in chips)
Seat 6: Hero ($5 in chips)
a9db78e4: posts small blind $0.02
Hero: posts big blind $0.05
*** HOLE CARDS ***
Dealt to c731b17a 
Dealt to 74d7d934 
Dealt to 33c459bc 
Dealt to a9db78e4 
Dealt to Hero [7s Th]
c731b17a: raises $0.05 to $0.1
74d7d934: folds
33c459bc: folds
a9db78e4: folds
Hero: folds
Uncalled bet ($0.05) returned to c731b17a
*** SHOWDOWN ***
c731b17a collected $0.12 from pot
*** SUMMARY ***
Total pot $0.12 | Rake $0 | Jackpot $0 | Bingo $0 | Fortune $0
Seat 1: c731b17a collected ($0.12)
Seat 3: 74d7d934 folded before Flop (didn't bet)
Seat 4: 33c459bc (button) folded before Flop (didn't bet)
Seat 5: a9db78e4 (small blind) folded before Flop
Seat 6: Hero (big blind) folded before Flop


Poker Hand #HD1171582093: Hold'em No Limit  ($0.02/$0.05) - 2023/03/22 20:50:48
Table 'NLHBlue102' 6-max Seat #3 is the button
Seat 1: c731b17a ($2.37 in chips)
Seat 3: 74d7d934 ($5.07 in chips)
Seat 4: 33c459bc ($0.95 in chips)
Seat 5: a9db78e4 ($6.31 in chips)
Seat 6: Hero ($5 in chips)
33c459bc: posts small blind $0.02
a9db78e4: posts big blind $0.05
*** HOLE CARDS ***
Dealt to c731b17a 
Dealt to 74d7d934 
Dealt to 33c459bc 
Dealt to a9db78e4 
Dealt to Hero [Jh 5d]
Hero: folds
c731b17a: folds
74d7d934: raises $0.07 to $0.12
33c459bc: folds
a9db78e4: raises $0.48 to $0.6
74d7d934: folds
Uncalled bet ($0.48) returned to a9db78e4
a9db78e4: shows [Td Tc]
*** SHOWDOWN ***
a9db78e4 collected $0.25 from pot
*** SUMMARY ***
Total pot $0.26 | Rake $0.01 | Jackpot $0 | Bingo $0 | Fortune $0
Seat 1: c731b17a folded before Flop (didn't bet)
Seat 3: 74d7d934 (button) folded before Flop
Seat 4: 33c459bc (small blind) folded before Flop
Seat 5: a9db78e4 (big blind) showed [Td Tc] and collected ($0.25)
Seat 6: Hero folded before Flop (didn't bet)


Poker Hand #HD1171582038: Hold'em No Limit  ($0.02/$0.05) - 2023/03/22 20:50:27
Table 'NLHBlue102' 6-max Seat #1 is the button
Seat 1: c731b17a ($2.37 in chips)
Seat 3: 74d7d934 ($5.09 in chips)
Seat 4: 33c459bc ($1 in chips)
Seat 5: a9db78e4 ($6.24 in chips)
Seat 6: Hero ($5 in chips)
74d7d934: posts small blind $0.02
33c459bc: posts big blind $0.05
*** HOLE CARDS ***
Dealt to c731b17a 
Dealt to 74d7d934 
Dealt to 33c459bc 
Dealt to a9db78e4 
Dealt to Hero [Th 6h]
a9db78e4: raises $0.05 to $0.1
Hero: folds
c731b17a: folds
74d7d934: folds
33c459bc: folds
Uncalled bet ($0.05) returned to a9db78e4
*** SHOWDOWN ***
a9db78e4 collected $0.12 from pot
*** SUMMARY ***
Total pot $0.12 | Rake $0 | Jackpot $0 | Bingo $0 | Fortune $0
Seat 1: c731b17a (button) folded before Flop (didn't bet)
Seat 3: 74d7d934 (small blind) folded before Flop
Seat 4: 33c459bc (big blind) folded before Flop
Seat 5: a9db78e4 collected ($0.12)
Seat 6: Hero folded before Flop (didn't bet)


Poker Hand #HD1171581930: Hold'em No Limit  ($0.02/$0.05) - 2023/03/22 20:49:45
Table 'NLHBlue102' 6-max Seat #6 is the button
Seat 1: c731b17a ($1.95 in chips)
Seat 3: 74d7d934 ($5.14 in chips)
Seat 5: a9db78e4 ($6.34 in chips)
Seat 6: Hero ($5 in chips)
c731b17a: posts small blind $0.02
74d7d934: posts big blind $0.05
*** HOLE CARDS ***
Dealt to c731b17a 
Dealt to 74d7d934 
Dealt to a9db78e4 
Dealt to Hero [4h Ah]
a9db78e4: raises $0.05 to $0.1
Hero: raises $0.2 to $0.3
c731b17a: raises $1.65 to $1.95 and is all-in
74d7d934: folds
a9db78e4: folds
Hero: folds
Uncalled bet ($1.65) returned to c731b17a
*** SHOWDOWN ***
c731b17a collected $0.72 from pot
*** SUMMARY ***
Total pot $0.75 | Rake $0.03 | Jackpot $0 | Bingo $0 | Fortune $0
Seat 1: c731b17a (small blind) collected ($0.72)
Seat 3: 74d7d934 (big blind) folded before Flop
Seat 5: a9db78e4 folded before Flop
Seat 6: Hero (button) folded before Flop


Poker Hand #HD1171581892: Hold'em No Limit  ($0.02/$0.05) - 2023/03/22 20:49:32
Table 'NLHBlue102' 6-max Seat #5 is the button
Seat 1: c731b17a ($1.93 in chips)
Seat 3: 74d7d934 ($5.14 in chips)
Seat 5: a9db78e4 ($6.34 in chips)
Seat 6: Hero ($5 in chips)
Hero: posts small blind $0.02
c731b17a: posts big blind $0.05
*** HOLE CARDS ***
Dealt to c731b17a 
Dealt to 74d7d934 
Dealt to a9db78e4 
Dealt to Hero [3h 2c]
74d7d934: folds
a9db78e4: folds
Hero: folds
Uncalled bet ($0.03) returned to c731b17a
*** SHOWDOWN ***
c731b17a collected $0.04 from pot
*** SUMMARY ***
Total pot $0.04 | Rake $0 | Jackpot $0 | Bingo $0 | Fortune $0
Seat 1: c731b17a (big blind) collected ($0.04)
Seat 3: 74d7d934 folded before Flop (didn't bet)
Seat 5: a9db78e4 (button) folded before Flop (didn't bet)
Seat 6: Hero (small blind) folded before Flop


Poker Hand #HD1171581788: Hold'em No Limit  ($0.02/$0.05) - 2023/03/22 20:48:55
Table 'NLHBlue102' 6-max Seat #4 is the button
Seat 1: c731b17a ($1.93 in chips)
Seat 3: 74d7d934 ($5.14 in chips)
Seat 4: 5edf58ed ($1.24 in chips)
Seat 5: a9db78e4 ($6.29 in chips)
Seat 6: Hero ($5 in chips)
a9db78e4: posts small blind $0.02
Hero: posts big blind $0.05
*** HOLE CARDS ***
Dealt to c731b17a 
Dealt to 74d7d934 
Dealt to 5edf58ed 
Dealt to a9db78e4 
Dealt to Hero [5d 9c]
c731b17a: folds
74d7d934: folds
5edf58ed: folds
a9db78e4: raises $0.1 to $0.15
Hero: folds
Uncalled bet ($0.1) returned to a9db78e4
*** SHOWDOWN ***
a9db78e4 collected $0.1 from pot
*** SUMMARY ***
Total pot $0.1 | Rake $0 | Jackpot $0 | Bingo $0 | Fortune $0
Seat 1: c731b17a folded before Flop (didn't bet)
Seat 3: 74d7d934 folded before Flop (didn't bet)
Seat 4: 5edf58ed (button) folded before Flop (didn't bet)
Seat 5: a9db78e4 (small blind) collected ($0.1)
Seat 6: Hero (big blind) folded before Flop


Poker Hand #HD1171581592: Hold'em No Limit  ($0.02/$0.05) - 2023/03/22 20:47:42
Table 'NLHBlue102' 6-max Seat #3 is the button
Seat 1: c731b17a ($1.93 in chips)
Seat 3: 74d7d934 ($5.14 in chips)
Seat 4: 5edf58ed ($1.24 in chips)
Seat 5: a9db78e4 ($6.29 in chips)
Seat 6: Hero ($5 in chips)
5edf58ed: posts small blind $0.02
a9db78e4: posts big blind $0.05
*** HOLE CARDS ***
Dealt to c731b17a 
Dealt to 74d7d934 
Dealt to 5edf58ed 
Dealt to a9db78e4 
Dealt to Hero [Jd 6s]
Hero: folds
c731b17a: folds
74d7d934: folds
5edf58ed: calls $0.03
a9db78e4: checks
*** FLOP *** [Jc Ts Kd]
5edf58ed: checks
a9db78e4: checks
*** TURN *** [Jc Ts Kd] [Qd]
5edf58ed: checks
a9db78e4: checks
*** RIVER *** [Jc Ts Kd Qd] [As]
5edf58ed: bets $0.05
a9db78e4: calls $0.05
5edf58ed: shows [8h 5c] (Aces-High Straight)
a9db78e4: shows [8s 2h] (Aces-High Straight)
*** SHOWDOWN ***
5edf58ed collected $0.1 from pot
a9db78e4 collected $0.1 from pot
*** SUMMARY ***
Total pot $0.2 | Rake $0 | Jackpot $0 | Bingo $0 | Fortune $0
Board [Jc Ts Kd Qd As]
Seat 1: c731b17a folded before Flop (didn't bet)
Seat 3: 74d7d934 (button) folded before Flop (didn't bet)
Seat 4: 5edf58ed (small blind) showed [8h 5c] and won ($0.1) with Aces-High Straight
Seat 5: a9db78e4 (big blind) showed [8s 2h] and won ($0.1) with Aces-High Straight
Seat 6: Hero folded before Flop (didn't bet)


Poker Hand #HD1171581501: Hold'em No Limit  ($0.02/$0.05) - 2023/03/22 20:47:11
Table 'NLHBlue102' 6-max Seat #1 is the button
Seat 1: c731b17a ($1.77 in chips)
Seat 3: 74d7d934 ($5.16 in chips)
Seat 4: 5edf58ed ($1.29 in chips)
Seat 5: a9db78e4 ($6.39 in chips)
Seat 6: Hero ($5 in chips)
74d7d934: posts small blind $0.02
5edf58ed: posts big blind $0.05
*** HOLE CARDS ***
Dealt to c731b17a 
Dealt to 74d7d934 
Dealt to 5edf58ed 
Dealt to a9db78e4 
Dealt to Hero [3d 4h]
a9db78e4: raises $0.05 to $0.1
Hero: folds
c731b17a: raises $0.27 to $0.37
74d7d934: folds
5edf58ed: folds
a9db78e4: folds
Uncalled bet ($0.27) returned to c731b17a
*** SHOWDOWN ***
c731b17a collected $0.26 from pot
*** SUMMARY ***
Total pot $0.27 | Rake $0.01 | Jackpot $0 | Bingo $0 | Fortune $0
Seat 1: c731b17a (button) collected ($0.26)
Seat 3: 74d7d934 (small blind) folded before Flop
Seat 4: 5edf58ed (big blind) folded before Flop
Seat 5: a9db78e4 folded before Flop
Seat 6: Hero folded before Flop (didn't bet)


Poker Hand #HD1171581316: Hold'em No Limit  ($0.02/$0.05) - 2023/03/22 20:46:00
Table 'NLHBlue102' 6-max Seat #6 is the button
Seat 1: c731b17a ($1.79 in chips)
Seat 3: 74d7d934 ($5.36 in chips)
Seat 4: 5edf58ed ($1.29 in chips)
Seat 5: a9db78e4 ($6.19 in chips)
Seat 6: Hero ($5 in chips)
c731b17a: posts small blind $0.02
74d7d934: posts big blind $0.05
*** HOLE CARDS ***
Dealt to c731b17a 
Dealt to 74d7d934 
Dealt to 5edf58ed 
Dealt to a9db78e4 
Dealt to Hero [7c Qd]
5edf58ed: folds
a9db78e4: raises $0.05 to $0.1
Hero: folds
c731b17a: folds
74d7d934: calls $0.05
*** FLOP *** [Ac Kd Kc]
74d7d934: checks
a9db78e4: bets $0.05
74d7d934: calls $0.05
*** TURN *** [Ac Kd Kc] [3c]
74d7d934: checks
a9db78e4: checks
*** RIVER *** [Ac Kd Kc 3c] [Ts]
74d7d934: checks
a9db78e4: bets $0.05
74d7d934: calls $0.05
a9db78e4: shows [Kh Ah] (Kings Full over Aces)
74d7d934: shows [9c 9s] (Pair of Kings and Pair of Nines)
*** SHOWDOWN ***
a9db78e4 collected $0.4 from pot
*** SUMMARY ***
Total pot $0.42 | Rake $0.02 | Jackpot $0 | Bingo $0 | Fortune $0
Board [Ac Kd Kc 3c Ts]
Seat 1: c731b17a (small blind) folded before Flop
Seat 3: 74d7d934 (big blind) showed [9c 9s] and lost with Pair of Kings and Pair of Nines
Seat 4: 5edf58ed folded before Flop (didn't bet)
Seat 5: a9db78e4 showed [Kh Ah] and won ($0.4) with Kings Full over Aces
Seat 6: Hero (button) folded before Flop (didn't bet)


Poker Hand #HD1171581288: Hold'em No Limit  ($0.02/$0.05) - 2023/03/22 20:45:47
Table 'NLHBlue102' 6-max Seat #5 is the button
Seat 1: c731b17a ($1.77 in chips)
Seat 3: 74d7d934 ($5.36 in chips)
Seat 4: 5edf58ed ($1.29 in chips)
Seat 5: a9db78e4 ($6.19 in chips)
Seat 6: Hero ($5 in chips)
Hero: posts small blind $0.02
c731b17a: posts big blind $0.05
*** HOLE CARDS ***
Dealt to c731b17a 
Dealt to 74d7d934 
Dealt to 5edf58ed 
Dealt to a9db78e4 
Dealt to Hero [3d Td]
74d7d934: folds
5edf58ed: folds
a9db78e4: folds
Hero: folds
Uncalled bet ($0.03) returned to c731b17a
*** SHOWDOWN ***
c731b17a collected $0.04 from pot
*** SUMMARY ***
Total pot $0.04 | Rake $0 | Jackpot $0 | Bingo $0 | Fortune $0
Seat 1: c731b17a (big blind) collected ($0.04)
Seat 3: 74d7d934 folded before Flop (didn't bet)
Seat 4: 5edf58ed folded before Flop (didn't bet)
Seat 5: a9db78e4 (button) folded before Flop (didn't bet)
Seat 6: Hero (small blind) folded before Flop


Poker Hand #HD1171581151: Hold'em No Limit  ($0.02/$0.05) - 2023/03/22 20:45:01
Table 'NLHBlue102' 6-max Seat #4 is the button
Seat 1: c731b17a ($1.77 in chips)
Seat 3: 74d7d934 ($5.36 in chips)
Seat 4: 5edf58ed ($1.22 in chips)
Seat 5: a9db78e4 ($6.21 in chips)
Seat 6: Hero ($5 in chips)
a9db78e4: posts small blind $0.02
Hero: posts big blind $0.05
*** HOLE CARDS ***
Dealt to c731b17a 
Dealt to 74d7d934 
Dealt to 5edf58ed 
Dealt to a9db78e4 
Dealt to Hero [Qc 3c]
c731b17a: folds
74d7d934: folds
5edf58ed: calls $0.05
a9db78e4: folds
Hero: checks
*** FLOP *** [Ah 5s 5h]
Hero: checks
5edf58ed: checks
*** TURN *** [Ah 5s 5h] [Jh]
Hero: checks
5edf58ed: bets $0.06
Hero: folds
Uncalled bet ($0.06) returned to 5edf58ed
*** SHOWDOWN ***
5edf58ed collected $0.12 from pot
*** SUMMARY ***
Total pot $0.12 | Rake $0 | Jackpot $0 | Bingo $0 | Fortune $0
Board [Ah 5s 5h Jh]
Seat 1: c731b17a folded before Flop (didn't bet)
Seat 3: 74d7d934 folded before Flop (didn't bet)
Seat 4: 5edf58ed (button) won ($0.12)
Seat 5: a9db78e4 (small blind) folded before Flop
Seat 6: Hero (big blind) folded on the Turn


