Poker Hand #HD1176779370: Hold'em No Limit  ($0.02/$0.05) - 2023/03/26 15:32:02
Table 'NLHBlue71' 6-max Seat #1 is the button
Seat 1: 82cd1b98 ($5.26 in chips)
Seat 2: 74d13791 ($5.16 in chips)
Seat 3: c073c88 ($4.92 in chips)
Seat 4: Hero ($5.14 in chips)
Seat 5: 7e840cc8 ($4.11 in chips)
Seat 6: 8a6ee44 ($6.63 in chips)
74d13791: posts small blind $0.02
c073c88: posts big blind $0.05
*** HOLE CARDS ***
Dealt to 82cd1b98 
Dealt to 74d13791 
Dealt to c073c88 
Dealt to Hero [Jd 7c]
Dealt to 7e840cc8 
Dealt to 8a6ee44 
Hero: folds
7e840cc8: folds
8a6ee44: folds
82cd1b98: folds
74d13791: folds
Uncalled bet ($0.03) returned to c073c88
*** SHOWDOWN ***
c073c88 collected $0.04 from pot
*** SUMMARY ***
Total pot $0.04 | Rake $0 | Jackpot $0 | Bingo $0 | Fortune $0
Seat 1: 82cd1b98 (button) folded before Flop (didn't bet)
Seat 2: 74d13791 (small blind) folded before Flop
Seat 3: c073c88 (big blind) collected ($0.04)
Seat 4: Hero folded before Flop (didn't bet)
Seat 5: 7e840cc8 folded before Flop (didn't bet)
Seat 6: 8a6ee44 folded before Flop (didn't bet)


Poker Hand #HD1176779303: Hold'em No Limit  ($0.02/$0.05) - 2023/03/26 15:31:35
Table 'NLHBlue71' 6-max Seat #6 is the button
Seat 1: 82cd1b98 ($5.28 in chips)
Seat 2: 74d13791 ($5.21 in chips)
Seat 3: c073c88 ($4.85 in chips)
Seat 4: Hero ($5.14 in chips)
Seat 5: 7e840cc8 ($4.11 in chips)
Seat 6: 8a6ee44 ($6.63 in chips)
82cd1b98: posts small blind $0.02
74d13791: posts big blind $0.05
*** HOLE CARDS ***
Dealt to 82cd1b98 
Dealt to 74d13791 
Dealt to c073c88 
Dealt to Hero [8c Kh]
Dealt to 7e840cc8 
Dealt to 8a6ee44 
c073c88: raises $0.1 to $0.15
Hero: folds
7e840cc8: folds
8a6ee44: folds
82cd1b98: folds
74d13791: folds
Uncalled bet ($0.1) returned to c073c88
*** SHOWDOWN ***
c073c88 collected $0.12 from pot
*** SUMMARY ***
Total pot $0.12 | Rake $0 | Jackpot $0 | Bingo $0 | Fortune $0
Seat 1: 82cd1b98 (small blind) folded before Flop
Seat 2: 74d13791 (big blind) folded before Flop
Seat 3: c073c88 collected ($0.12)
Seat 4: Hero folded before Flop (didn't bet)
Seat 5: 7e840cc8 folded before Flop (didn't bet)
Seat 6: 8a6ee44 (button) folded before Flop (didn't bet)


Poker Hand #HD1176779274: Hold'em No Limit  ($0.02/$0.05) - 2023/03/26 15:31:25
Table 'NLHBlue71' 6-max Seat #5 is the button
Seat 1: 82cd1b98 ($5.26 in chips)
Seat 2: 74d13791 ($5.21 in chips)
Seat 3: c073c88 ($4.85 in chips)
Seat 4: Hero ($5.14 in chips)
Seat 5: 7e840cc8 ($4.11 in chips)
Seat 6: 8a6ee44 ($6.65 in chips)
8a6ee44: posts small blind $0.02
82cd1b98: posts big blind $0.05
*** HOLE CARDS ***
Dealt to 82cd1b98 
Dealt to 74d13791 
Dealt to c073c88 
Dealt to Hero [Ks 3c]
Dealt to 7e840cc8 
Dealt to 8a6ee44 
74d13791: folds
c073c88: folds
Hero: folds
7e840cc8: folds
8a6ee44: folds
Uncalled bet ($0.03) returned to 82cd1b98
*** SHOWDOWN ***
82cd1b98 collected $0.04 from pot
*** SUMMARY ***
Total pot $0.04 | Rake $0 | Jackpot $0 | Bingo $0 | Fortune $0
Seat 1: 82cd1b98 (big blind) collected ($0.04)
Seat 2: 74d13791 folded before Flop (didn't bet)
Seat 3: c073c88 folded before Flop (didn't bet)
Seat 4: Hero folded before Flop (didn't bet)
Seat 5: 7e840cc8 (button) folded before Flop (didn't bet)
Seat 6: 8a6ee44 (small blind) folded before Flop


Poker Hand #HD1176779255: Hold'em No Limit  ($0.02/$0.05) - 2023/03/26 15:31:16
Table 'NLHBlue71' 6-max Seat #4 is the button
Seat 1: 82cd1b98 ($5.19 in chips)
Seat 2: 74d13791 ($5.21 in chips)
Seat 3: c073c88 ($4.85 in chips)
Seat 4: Hero ($5.14 in chips)
Seat 5: 7e840cc8 ($4.13 in chips)
Seat 6: 8a6ee44 ($6.7 in chips)
7e840cc8: posts small blind $0.02
8a6ee44: posts big blind $0.05
*** HOLE CARDS ***
Dealt to 82cd1b98 
Dealt to 74d13791 
Dealt to c073c88 
Dealt to Hero [5d 5h]
Dealt to 7e840cc8 
Dealt to 8a6ee44 
82cd1b98: raises $0.1 to $0.15
74d13791: folds
c073c88: folds
Hero: folds
7e840cc8: folds
8a6ee44: folds
Uncalled bet ($0.1) returned to 82cd1b98
*** SHOWDOWN ***
82cd1b98 collected $0.12 from pot
*** SUMMARY ***
Total pot $0.12 | Rake $0 | Jackpot $0 | Bingo $0 | Fortune $0
Seat 1: 82cd1b98 collected ($0.12)
Seat 2: 74d13791 folded before Flop (didn't bet)
Seat 3: c073c88 folded before Flop (didn't bet)
Seat 4: Hero (button) folded before Flop (didn't bet)
Seat 5: 7e840cc8 (small blind) folded before Flop
Seat 6: 8a6ee44 (big blind) folded before Flop


Poker Hand #HD1176779166: Hold'em No Limit  ($0.02/$0.05) - 2023/03/26 15:30:39
Table 'NLHBlue71' 6-max Seat #3 is the button
Seat 1: 82cd1b98 ($5.34 in chips)
Seat 2: 74d13791 ($5.21 in chips)
Seat 3: c073c88 ($4.85 in chips)
Seat 4: Hero ($5.16 in chips)
Seat 5: 7e840cc8 ($3.98 in chips)
Seat 6: 8a6ee44 ($6.7 in chips)
Hero: posts small blind $0.02
7e840cc8: posts big blind $0.05
*** HOLE CARDS ***
Dealt to 82cd1b98 
Dealt to 74d13791 
Dealt to c073c88 
Dealt to Hero [7c 8h]
Dealt to 7e840cc8 
Dealt to 8a6ee44 
8a6ee44: folds
82cd1b98: raises $0.1 to $0.15
74d13791: folds
c073c88: folds
Hero: folds
7e840cc8: calls $0.1
*** FLOP *** [9h 6s 7h]
7e840cc8: checks
82cd1b98: checks
*** TURN *** [9h 6s 7h] [5c]
7e840cc8: bets $0.32
82cd1b98: folds
Uncalled bet ($0.32) returned to 7e840cc8
*** SHOWDOWN ***
7e840cc8 collected $0.3 from pot
*** SUMMARY ***
Total pot $0.32 | Rake $0.02 | Jackpot $0 | Bingo $0 | Fortune $0
Board [9h 6s 7h 5c]
Seat 1: 82cd1b98 folded on the Turn
Seat 2: 74d13791 folded before Flop (didn't bet)
Seat 3: c073c88 (button) folded before Flop (didn't bet)
Seat 4: Hero (small blind) folded before Flop
Seat 5: 7e840cc8 (big blind) won ($0.3)
Seat 6: 8a6ee44 folded before Flop (didn't bet)


Poker Hand #HD1176779087: Hold'em No Limit  ($0.02/$0.05) - 2023/03/26 15:30:08
Table 'NLHBlue71' 6-max Seat #2 is the button
Seat 1: 82cd1b98 ($5.34 in chips)
Seat 2: 74d13791 ($5.36 in chips)
Seat 3: c073c88 ($4.87 in chips)
Seat 4: Hero ($5 in chips)
Seat 5: 7e840cc8 ($3.98 in chips)
Seat 6: 8a6ee44 ($6.7 in chips)
c073c88: posts small blind $0.02
Hero: posts big blind $0.05
*** HOLE CARDS ***
Dealt to 82cd1b98 
Dealt to 74d13791 
Dealt to c073c88 
Dealt to Hero [Qc Kc]
Dealt to 7e840cc8 
Dealt to 8a6ee44 
7e840cc8: folds
8a6ee44: folds
82cd1b98: folds
74d13791: raises $0.1 to $0.15
c073c88: folds
Hero: raises $0.45 to $0.6
74d13791: folds
Uncalled bet ($0.45) returned to Hero
*** SHOWDOWN ***
Hero collected $0.31 from pot
*** SUMMARY ***
Total pot $0.32 | Rake $0.01 | Jackpot $0 | Bingo $0 | Fortune $0
Seat 1: 82cd1b98 folded before Flop (didn't bet)
Seat 2: 74d13791 (button) folded before Flop
Seat 3: c073c88 (small blind) folded before Flop
Seat 4: Hero (big blind) collected ($0.31)
Seat 5: 7e840cc8 folded before Flop (didn't bet)
Seat 6: 8a6ee44 folded before Flop (didn't bet)


