Poker Hand #HD1212497624: Hold'em No Limit  ($0.02/$0.05) - 2023/04/21 21:50:38
Table 'NLHBlue64' 6-max Seat #3 is the button
Seat 1: 1369c16d ($5.54 in chips)
Seat 2: b8f316ee ($5.12 in chips)
Seat 3: Hero ($5.07 in chips)
1369c16d: posts small blind $0.02
b8f316ee: posts big blind $0.05
*** HOLE CARDS ***
Dealt to 1369c16d 
Dealt to b8f316ee 
Dealt to Hero [Jd Kd]
Hero: raises $0.07 to $0.12
1369c16d: folds
b8f316ee: folds
Uncalled bet ($0.07) returned to Hero
*** SHOWDOWN ***
Hero collected $0.12 from pot
*** SUMMARY ***
Total pot $0.12 | Rake $0 | Jackpot $0 | Bingo $0 | Fortune $0
Seat 1: 1369c16d (small blind) folded before Flop
Seat 2: b8f316ee (big blind) folded before Flop
Seat 3: Hero (button) collected ($0.12)


Poker Hand #HD1212497611: Hold'em No Limit  ($0.02/$0.05) - 2023/04/21 21:50:29
Table 'NLHBlue64' 6-max Seat #2 is the button
Seat 1: 1369c16d ($5.52 in chips)
Seat 2: b8f316ee ($5.12 in chips)
Seat 3: Hero ($5.09 in chips)
Hero: posts small blind $0.02
1369c16d: posts big blind $0.05
*** HOLE CARDS ***
Dealt to 1369c16d 
Dealt to b8f316ee 
Dealt to Hero [4h 8s]
b8f316ee: folds
Hero: folds
Uncalled bet ($0.03) returned to 1369c16d
*** SHOWDOWN ***
1369c16d collected $0.04 from pot
*** SUMMARY ***
Total pot $0.04 | Rake $0 | Jackpot $0 | Bingo $0 | Fortune $0
Seat 1: 1369c16d (big blind) collected ($0.04)
Seat 2: b8f316ee (button) folded before Flop (didn't bet)
Seat 3: Hero (small blind) folded before Flop


Poker Hand #HD1212497585: Hold'em No Limit  ($0.02/$0.05) - 2023/04/21 21:50:15
Table 'NLHBlue64' 6-max Seat #1 is the button
Seat 1: 1369c16d ($5.52 in chips)
Seat 2: b8f316ee ($5.07 in chips)
Seat 3: Hero ($5.14 in chips)
b8f316ee: posts small blind $0.02
Hero: posts big blind $0.05
*** HOLE CARDS ***
Dealt to 1369c16d 
Dealt to b8f316ee 
Dealt to Hero [6h Kd]
1369c16d: folds
b8f316ee: raises $0.1 to $0.15
Hero: folds
Uncalled bet ($0.1) returned to b8f316ee
*** SHOWDOWN ***
b8f316ee collected $0.1 from pot
*** SUMMARY ***
Total pot $0.1 | Rake $0 | Jackpot $0 | Bingo $0 | Fortune $0
Seat 1: 1369c16d (button) folded before Flop (didn't bet)
Seat 2: b8f316ee (small blind) collected ($0.1)
Seat 3: Hero (big blind) folded before Flop


Poker Hand #HD1212497573: Hold'em No Limit  ($0.02/$0.05) - 2023/04/21 21:50:08
Table 'NLHBlue64' 6-max Seat #3 is the button
Seat 1: 1369c16d ($5.54 in chips)
Seat 2: b8f316ee ($5.05 in chips)
Seat 3: Hero ($5.14 in chips)
1369c16d: posts small blind $0.02
b8f316ee: posts big blind $0.05
*** HOLE CARDS ***
Dealt to 1369c16d 
Dealt to b8f316ee 
Dealt to Hero [Js 9c]
Hero: folds
1369c16d: folds
Uncalled bet ($0.03) returned to b8f316ee
*** SHOWDOWN ***
b8f316ee collected $0.04 from pot
*** SUMMARY ***
Total pot $0.04 | Rake $0 | Jackpot $0 | Bingo $0 | Fortune $0
Seat 1: 1369c16d (small blind) folded before Flop
Seat 2: b8f316ee (big blind) collected ($0.04)
Seat 3: Hero (button) folded before Flop (didn't bet)


Poker Hand #HD1212497544: Hold'em No Limit  ($0.02/$0.05) - 2023/04/21 21:49:51
Table 'NLHBlue64' 6-max Seat #2 is the button
Seat 1: 1369c16d ($5.54 in chips)
Seat 2: b8f316ee ($5.05 in chips)
Seat 3: Hero ($5.09 in chips)
Seat 5: 421cfe64 ($9.77 in chips)
Hero: posts small blind $0.02
421cfe64: posts big blind $0.05
*** HOLE CARDS ***
Dealt to 1369c16d 
Dealt to b8f316ee 
Dealt to Hero [Kh Qd]
Dealt to 421cfe64 
1369c16d: folds
b8f316ee: folds
Hero: raises $0.09 to $0.14
421cfe64: folds
Uncalled bet ($0.09) returned to Hero
*** SHOWDOWN ***
Hero collected $0.1 from pot
*** SUMMARY ***
Total pot $0.1 | Rake $0 | Jackpot $0 | Bingo $0 | Fortune $0
Seat 1: 1369c16d folded before Flop (didn't bet)
Seat 2: b8f316ee (button) folded before Flop (didn't bet)
Seat 3: Hero (small blind) collected ($0.1)
Seat 5: 421cfe64 (big blind) folded before Flop


Poker Hand #HD1212497519: Hold'em No Limit  ($0.02/$0.05) - 2023/04/21 21:49:34
Table 'NLHBlue64' 6-max Seat #1 is the button
Seat 1: 1369c16d ($5.54 in chips)
Seat 2: b8f316ee ($5 in chips)
Seat 3: Hero ($5.14 in chips)
Seat 5: 421cfe64 ($9.77 in chips)
b8f316ee: posts small blind $0.02
Hero: posts big blind $0.05
*** HOLE CARDS ***
Dealt to 1369c16d 
Dealt to b8f316ee 
Dealt to Hero [5h Jd]
Dealt to 421cfe64 
421cfe64: folds
1369c16d: folds
b8f316ee: raises $0.1 to $0.15
Hero: folds
Uncalled bet ($0.1) returned to b8f316ee
*** SHOWDOWN ***
b8f316ee collected $0.1 from pot
*** SUMMARY ***
Total pot $0.1 | Rake $0 | Jackpot $0 | Bingo $0 | Fortune $0
Seat 1: 1369c16d (button) folded before Flop (didn't bet)
Seat 2: b8f316ee (small blind) collected ($0.1)
Seat 3: Hero (big blind) folded before Flop
Seat 5: 421cfe64 folded before Flop (didn't bet)


Poker Hand #HD1212497428: Hold'em No Limit  ($0.02/$0.05) - 2023/04/21 21:48:34
Table 'NLHBlue64' 6-max Seat #5 is the button
Seat 1: 1369c16d ($6.56 in chips)
Seat 2: b8f316ee ($5.07 in chips)
Seat 3: Hero ($5.14 in chips)
Seat 5: 421cfe64 ($8.77 in chips)
1369c16d: posts small blind $0.02
b8f316ee: posts big blind $0.05
*** HOLE CARDS ***
Dealt to 1369c16d 
Dealt to b8f316ee 
Dealt to Hero [8d Tc]
Dealt to 421cfe64 
Hero: folds
421cfe64: raises $0.1 to $0.15
1369c16d: calls $0.13
b8f316ee: calls $0.1
*** FLOP *** [4c 9d 6d]
1369c16d: bets $0.27
b8f316ee: folds
421cfe64: calls $0.27
*** TURN *** [4c 9d 6d] [7h]
1369c16d: bets $0.6
421cfe64: calls $0.6
*** RIVER *** [4c 9d 6d 7h] [2d]
1369c16d: checks
421cfe64: checks
1369c16d: shows [5s 5c] (Pair of Fives)
421cfe64: shows [Ad Ah] (Pair of Aces)
*** SHOWDOWN ***
421cfe64 collected $2.02 from pot
*** SUMMARY ***
Total pot $2.19 | Rake $0.12 | Jackpot $0.05 | Bingo $0 | Fortune $0
Board [4c 9d 6d 7h 2d]
Seat 1: 1369c16d (small blind) showed [5s 5c] and lost with Pair of Fives
Seat 2: b8f316ee (big blind) folded on the Flop
Seat 3: Hero folded before Flop (didn't bet)
Seat 5: 421cfe64 (button) showed [Ad Ah] and won ($2.02) with Pair of Aces


Poker Hand #HD1212497382: Hold'em No Limit  ($0.02/$0.05) - 2023/04/21 21:48:07
Table 'NLHBlue64' 6-max Seat #3 is the button
Seat 1: 1369c16d ($6.61 in chips)
Seat 2: b8f316ee ($5 in chips)
Seat 3: Hero ($5.14 in chips)
Seat 5: 421cfe64 ($8.79 in chips)
421cfe64: posts small blind $0.02
1369c16d: posts big blind $0.05
*** HOLE CARDS ***
Dealt to 1369c16d 
Dealt to b8f316ee 
Dealt to Hero [5c Ks]
Dealt to 421cfe64 
b8f316ee: raises $0.08 to $0.13
Hero: folds
421cfe64: folds
1369c16d: folds
Uncalled bet ($0.08) returned to b8f316ee
*** SHOWDOWN ***
b8f316ee collected $0.12 from pot
*** SUMMARY ***
Total pot $0.12 | Rake $0 | Jackpot $0 | Bingo $0 | Fortune $0
Seat 1: 1369c16d (big blind) folded before Flop
Seat 2: b8f316ee collected ($0.12)
Seat 3: Hero (button) folded before Flop (didn't bet)
Seat 5: 421cfe64 (small blind) folded before Flop


Poker Hand #HD1212497367: Hold'em No Limit  ($0.02/$0.05) - 2023/04/21 21:47:55
Table 'NLHBlue64' 6-max Seat #2 is the button
Seat 1: 1369c16d ($6.61 in chips)
Seat 2: b8f316ee ($5 in chips)
Seat 3: Hero ($5.09 in chips)
Seat 5: 421cfe64 ($8.84 in chips)
Hero: posts small blind $0.02
421cfe64: posts big blind $0.05
*** HOLE CARDS ***
Dealt to 1369c16d 
Dealt to b8f316ee 
Dealt to Hero [Jh 8s]
Dealt to 421cfe64 
1369c16d: folds
b8f316ee: folds
Hero: raises $0.07 to $0.12
421cfe64: folds
Uncalled bet ($0.07) returned to Hero
*** SHOWDOWN ***
Hero collected $0.1 from pot
*** SUMMARY ***
Total pot $0.1 | Rake $0 | Jackpot $0 | Bingo $0 | Fortune $0
Seat 1: 1369c16d folded before Flop (didn't bet)
Seat 2: b8f316ee (button) folded before Flop (didn't bet)
Seat 3: Hero (small blind) collected ($0.1)
Seat 5: 421cfe64 (big blind) folded before Flop


Poker Hand #HD1212497343: Hold'em No Limit  ($0.02/$0.05) - 2023/04/21 21:47:43
Table 'NLHBlue64' 6-max Seat #1 is the button
Seat 1: 1369c16d ($6.61 in chips)
Seat 2: b8f316ee ($5.02 in chips)
Seat 3: Hero ($5.07 in chips)
Seat 5: 421cfe64 ($8.84 in chips)
b8f316ee: posts small blind $0.02
Hero: posts big blind $0.05
*** HOLE CARDS ***
Dealt to 1369c16d 
Dealt to b8f316ee 
Dealt to Hero [9s 2c]
Dealt to 421cfe64 
421cfe64: folds
1369c16d: folds
b8f316ee: folds
Uncalled bet ($0.03) returned to Hero
*** SHOWDOWN ***
Hero collected $0.04 from pot
*** SUMMARY ***
Total pot $0.04 | Rake $0 | Jackpot $0 | Bingo $0 | Fortune $0
Seat 1: 1369c16d (button) folded before Flop (didn't bet)
Seat 2: b8f316ee (small blind) folded before Flop
Seat 3: Hero (big blind) collected ($0.04)
Seat 5: 421cfe64 folded before Flop (didn't bet)


Poker Hand #HD1212497315: Hold'em No Limit  ($0.02/$0.05) - 2023/04/21 21:47:31
Table 'NLHBlue64' 6-max Seat #5 is the button
Seat 1: 1369c16d ($6.63 in chips)
Seat 2: b8f316ee ($5 in chips)
Seat 3: Hero ($5.07 in chips)
Seat 5: 421cfe64 ($8.84 in chips)
1369c16d: posts small blind $0.02
b8f316ee: posts big blind $0.05
*** HOLE CARDS ***
Dealt to 1369c16d 
Dealt to b8f316ee 
Dealt to Hero [4s Ks]
Dealt to 421cfe64 
Hero: folds
421cfe64: folds
1369c16d: folds
Uncalled bet ($0.03) returned to b8f316ee
*** SHOWDOWN ***
b8f316ee collected $0.04 from pot
*** SUMMARY ***
Total pot $0.04 | Rake $0 | Jackpot $0 | Bingo $0 | Fortune $0
Seat 1: 1369c16d (small blind) folded before Flop
Seat 2: b8f316ee (big blind) collected ($0.04)
Seat 3: Hero folded before Flop (didn't bet)
Seat 5: 421cfe64 (button) folded before Flop (didn't bet)


Poker Hand #HD1212497292: Hold'em No Limit  ($0.02/$0.05) - 2023/04/21 21:47:14
Table 'NLHBlue64' 6-max Seat #4 is the button
Seat 1: 1369c16d ($6.68 in chips)
Seat 2: b8f316ee ($5 in chips)
Seat 3: Hero ($5.07 in chips)
Seat 4: 28cfdf97 ($13.28 in chips)
Seat 5: 421cfe64 ($8.79 in chips)
421cfe64: posts small blind $0.02
1369c16d: posts big blind $0.05
*** HOLE CARDS ***
Dealt to 1369c16d 
Dealt to b8f316ee 
Dealt to Hero [4d Kd]
Dealt to 28cfdf97 
Dealt to 421cfe64 
b8f316ee: folds
Hero: folds
28cfdf97: folds
421cfe64: raises $0.1 to $0.15
1369c16d: folds
Uncalled bet ($0.1) returned to 421cfe64
*** SHOWDOWN ***
421cfe64 collected $0.1 from pot
*** SUMMARY ***
Total pot $0.1 | Rake $0 | Jackpot $0 | Bingo $0 | Fortune $0
Seat 1: 1369c16d (big blind) folded before Flop
Seat 2: b8f316ee folded before Flop (didn't bet)
Seat 3: Hero folded before Flop (didn't bet)
Seat 4: 28cfdf97 (button) folded before Flop (didn't bet)
Seat 5: 421cfe64 (small blind) collected ($0.1)


Poker Hand #HD1212497271: Hold'em No Limit  ($0.02/$0.05) - 2023/04/21 21:47:03
Table 'NLHBlue64' 6-max Seat #3 is the button
Seat 1: 1369c16d ($6.68 in chips)
Seat 2: b8f316ee ($5 in chips)
Seat 3: Hero ($5 in chips)
Seat 4: 28cfdf97 ($13.3 in chips)
Seat 5: 421cfe64 ($8.84 in chips)
28cfdf97: posts small blind $0.02
421cfe64: posts big blind $0.05
*** HOLE CARDS ***
Dealt to 1369c16d 
Dealt to b8f316ee 
Dealt to Hero [Ks 5s]
Dealt to 28cfdf97 
Dealt to 421cfe64 
1369c16d: folds
b8f316ee: folds
Hero: raises $0.07 to $0.12
28cfdf97: folds
421cfe64: folds
Uncalled bet ($0.07) returned to Hero
*** SHOWDOWN ***
Hero collected $0.12 from pot
*** SUMMARY ***
Total pot $0.12 | Rake $0 | Jackpot $0 | Bingo $0 | Fortune $0
Seat 1: 1369c16d folded before Flop (didn't bet)
Seat 2: b8f316ee folded before Flop (didn't bet)
Seat 3: Hero (button) collected ($0.12)
Seat 4: 28cfdf97 (small blind) folded before Flop
Seat 5: 421cfe64 (big blind) folded before Flop


Poker Hand #HD1212497221: Hold'em No Limit  ($0.02/$0.05) - 2023/04/21 21:46:24
Table 'NLHBlue64' 6-max Seat #2 is the button
Seat 1: 1369c16d ($6.68 in chips)
Seat 2: b8f316ee ($5 in chips)
Seat 3: Hero ($5 in chips)
Seat 4: 28cfdf97 ($12.87 in chips)
Seat 5: 421cfe64 ($9.29 in chips)
Hero: posts small blind $0.02
28cfdf97: posts big blind $0.05
*** HOLE CARDS ***
Dealt to 1369c16d 
Dealt to b8f316ee 
Dealt to Hero [2s 3h]
Dealt to 28cfdf97 
Dealt to 421cfe64 
421cfe64: raises $0.08 to $0.13
1369c16d: folds
b8f316ee: folds
Hero: folds
28cfdf97: raises $0.32 to $0.45
421cfe64: calls $0.32
*** FLOP *** [3c Js Ah]
28cfdf97: bets $0.46
421cfe64: folds
Uncalled bet ($0.46) returned to 28cfdf97
*** SHOWDOWN ***
28cfdf97 collected $0.88 from pot
*** SUMMARY ***
Total pot $0.92 | Rake $0.04 | Jackpot $0 | Bingo $0 | Fortune $0
Board [3c Js Ah]
Seat 1: 1369c16d folded before Flop (didn't bet)
Seat 2: b8f316ee (button) folded before Flop (didn't bet)
Seat 3: Hero (small blind) folded before Flop
Seat 4: 28cfdf97 (big blind) won ($0.88)
Seat 5: 421cfe64 folded on the Flop


Poker Hand #HD1212497115: Hold'em No Limit  ($0.02/$0.05) - 2023/04/21 21:45:06
Table 'NLHBlue64' 6-max Seat #1 is the button
Seat 1: 1369c16d ($6.68 in chips)
Seat 2: b8f316ee ($5 in chips)
Seat 3: Hero ($5.07 in chips)
Seat 4: 28cfdf97 ($8.33 in chips)
Seat 5: 421cfe64 ($9.29 in chips)
b8f316ee: posts small blind $0.02
Hero: posts big blind $0.05
*** HOLE CARDS ***
Dealt to 1369c16d 
Dealt to b8f316ee 
Dealt to Hero [9d 6d]
Dealt to 28cfdf97 
Dealt to 421cfe64 
28cfdf97: raises $0.1 to $0.15
421cfe64: folds
1369c16d: folds
b8f316ee: folds
Hero: calls $0.1
*** FLOP *** [9s 6c Js]
Hero: checks
28cfdf97: bets $0.2
Hero: raises $0.36 to $0.56
28cfdf97: raises $0.74 to $1.3
Hero: calls $0.74
*** TURN *** [9s 6c Js] [3d]
Hero: checks
28cfdf97: bets $1.7
Hero: calls $1.7
*** RIVER *** [9s 6c Js 3d] [9c]
Hero: bets $1.92 and is all-in
28cfdf97: calls $1.92
Hero: shows [9d 6d] (Nines Full over Sixes)
28cfdf97: shows [Jc Jh] (Jacks Full over Nines)
*** SHOWDOWN ***
28cfdf97 collected $9.61 from pot
*** SUMMARY ***
Total pot $10.16 | Rake $0.5 | Jackpot $0.05 | Bingo $0 | Fortune $0
Board [9s 6c Js 3d 9c]
Seat 1: 1369c16d (button) folded before Flop (didn't bet)
Seat 2: b8f316ee (small blind) folded before Flop
Seat 3: Hero (big blind) showed [9d 6d] and lost with Nines Full over Sixes
Seat 4: 28cfdf97 showed [Jc Jh] and won ($9.61) with Jacks Full over Nines
Seat 5: 421cfe64 folded before Flop (didn't bet)


Poker Hand #HD1212497088: Hold'em No Limit  ($0.02/$0.05) - 2023/04/21 21:44:52
Table 'NLHBlue64' 6-max Seat #5 is the button
Seat 1: 1369c16d ($6.63 in chips)
Seat 2: b8f316ee ($5.05 in chips)
Seat 3: Hero ($5.07 in chips)
Seat 4: 28cfdf97 ($8.33 in chips)
Seat 5: 421cfe64 ($9.29 in chips)
1369c16d: posts small blind $0.02
b8f316ee: posts big blind $0.05
*** HOLE CARDS ***
Dealt to 1369c16d 
Dealt to b8f316ee 
Dealt to Hero [6h 5d]
Dealt to 28cfdf97 
Dealt to 421cfe64 
Hero: folds
28cfdf97: folds
421cfe64: folds
1369c16d: raises $0.1 to $0.15
b8f316ee: folds
Uncalled bet ($0.1) returned to 1369c16d
*** SHOWDOWN ***
1369c16d collected $0.1 from pot
*** SUMMARY ***
Total pot $0.1 | Rake $0 | Jackpot $0 | Bingo $0 | Fortune $0
Seat 1: 1369c16d (small blind) collected ($0.1)
Seat 2: b8f316ee (big blind) folded before Flop
Seat 3: Hero folded before Flop (didn't bet)
Seat 4: 28cfdf97 folded before Flop (didn't bet)
Seat 5: 421cfe64 (button) folded before Flop (didn't bet)


Poker Hand #HD1212497053: Hold'em No Limit  ($0.02/$0.05) - 2023/04/21 21:44:33
Table 'NLHBlue64' 6-max Seat #4 is the button
Seat 1: 1369c16d ($6.68 in chips)
Seat 2: b8f316ee ($5.05 in chips)
Seat 3: Hero ($5.07 in chips)
Seat 4: 28cfdf97 ($8.26 in chips)
Seat 5: 421cfe64 ($9.31 in chips)
421cfe64: posts small blind $0.02
1369c16d: posts big blind $0.05
*** HOLE CARDS ***
Dealt to 1369c16d 
Dealt to b8f316ee 
Dealt to Hero [7h Ts]
Dealt to 28cfdf97 
Dealt to 421cfe64 
b8f316ee: folds
Hero: folds
28cfdf97: raises $0.08 to $0.13
421cfe64: folds
1369c16d: folds
Uncalled bet ($0.08) returned to 28cfdf97
*** SHOWDOWN ***
28cfdf97 collected $0.12 from pot
*** SUMMARY ***
Total pot $0.12 | Rake $0 | Jackpot $0 | Bingo $0 | Fortune $0
Seat 1: 1369c16d (big blind) folded before Flop
Seat 2: b8f316ee folded before Flop (didn't bet)
Seat 3: Hero folded before Flop (didn't bet)
Seat 4: 28cfdf97 (button) collected ($0.12)
Seat 5: 421cfe64 (small blind) folded before Flop


Poker Hand #HD1212497041: Hold'em No Limit  ($0.02/$0.05) - 2023/04/21 21:44:24
Table 'NLHBlue64' 6-max Seat #3 is the button
Seat 1: 1369c16d ($6.68 in chips)
Seat 2: b8f316ee ($5.05 in chips)
Seat 3: Hero ($5.07 in chips)
Seat 4: 28cfdf97 ($8.28 in chips)
Seat 5: 421cfe64 ($9.29 in chips)
28cfdf97: posts small blind $0.02
421cfe64: posts big blind $0.05
*** HOLE CARDS ***
Dealt to 1369c16d 
Dealt to b8f316ee 
Dealt to Hero [5d Qc]
Dealt to 28cfdf97 
Dealt to 421cfe64 
1369c16d: folds
b8f316ee: folds
Hero: folds
28cfdf97: folds
Uncalled bet ($0.03) returned to 421cfe64
*** SHOWDOWN ***
421cfe64 collected $0.04 from pot
*** SUMMARY ***
Total pot $0.04 | Rake $0 | Jackpot $0 | Bingo $0 | Fortune $0
Seat 1: 1369c16d folded before Flop (didn't bet)
Seat 2: b8f316ee folded before Flop (didn't bet)
Seat 3: Hero (button) folded before Flop (didn't bet)
Seat 4: 28cfdf97 (small blind) folded before Flop
Seat 5: 421cfe64 (big blind) collected ($0.04)


Poker Hand #HD1212496953: Hold'em No Limit  ($0.02/$0.05) - 2023/04/21 21:43:23
Table 'NLHBlue64' 6-max Seat #2 is the button
Seat 1: 1369c16d ($6.83 in chips)
Seat 2: b8f316ee ($5.05 in chips)
Seat 3: Hero ($5.09 in chips)
Seat 4: 28cfdf97 ($8.12 in chips)
Seat 5: 421cfe64 ($9.29 in chips)
Hero: posts small blind $0.02
28cfdf97: posts big blind $0.05
*** HOLE CARDS ***
Dealt to 1369c16d 
Dealt to b8f316ee 
Dealt to Hero [6c As]
Dealt to 28cfdf97 
Dealt to 421cfe64 
421cfe64: folds
1369c16d: raises $0.1 to $0.15
b8f316ee: folds
Hero: folds
28cfdf97: calls $0.1
*** FLOP *** [7s Td Qh]
28cfdf97: checks
1369c16d: checks
*** TURN *** [7s Td Qh] [5d]
28cfdf97: checks
1369c16d: checks
*** RIVER *** [7s Td Qh 5d] [Qs]
28cfdf97: checks
1369c16d: checks
28cfdf97: shows [9d 9s] (Pair of Queens and Pair of Nines)
1369c16d: shows [Ac 7c] (Pair of Queens and Pair of Sevens)
*** SHOWDOWN ***
28cfdf97 collected $0.31 from pot
*** SUMMARY ***
Total pot $0.32 | Rake $0.01 | Jackpot $0 | Bingo $0 | Fortune $0
Board [7s Td Qh 5d Qs]
Seat 1: 1369c16d showed [Ac 7c] and lost with Pair of Queens and Pair of Sevens
Seat 2: b8f316ee (button) folded before Flop (didn't bet)
Seat 3: Hero (small blind) folded before Flop
Seat 4: 28cfdf97 (big blind) showed [9d 9s] and won ($0.31) with Pair of Queens and Pair of Nines
Seat 5: 421cfe64 folded before Flop (didn't bet)


Poker Hand #HD1212496923: Hold'em No Limit  ($0.02/$0.05) - 2023/04/21 21:43:09
Table 'NLHBlue64' 6-max Seat #1 is the button
Seat 1: 1369c16d ($6.83 in chips)
Seat 2: b8f316ee ($5.07 in chips)
Seat 3: Hero ($5.07 in chips)
Seat 4: 28cfdf97 ($8.12 in chips)
Seat 5: 421cfe64 ($9.29 in chips)
b8f316ee: posts small blind $0.02
Hero: posts big blind $0.05
*** HOLE CARDS ***
Dealt to 1369c16d 
Dealt to b8f316ee 
Dealt to Hero [Js Th]
Dealt to 28cfdf97 
Dealt to 421cfe64 
28cfdf97: folds
421cfe64: folds
1369c16d: folds
b8f316ee: folds
Uncalled bet ($0.03) returned to Hero
*** SHOWDOWN ***
Hero collected $0.04 from pot
*** SUMMARY ***
Total pot $0.04 | Rake $0 | Jackpot $0 | Bingo $0 | Fortune $0
Seat 1: 1369c16d (button) folded before Flop (didn't bet)
Seat 2: b8f316ee (small blind) folded before Flop
Seat 3: Hero (big blind) collected ($0.04)
Seat 4: 28cfdf97 folded before Flop (didn't bet)
Seat 5: 421cfe64 folded before Flop (didn't bet)


Poker Hand #HD1212496908: Hold'em No Limit  ($0.02/$0.05) - 2023/04/21 21:42:57
Table 'NLHBlue64' 6-max Seat #5 is the button
Seat 1: 1369c16d ($6.85 in chips)
Seat 2: b8f316ee ($5.12 in chips)
Seat 3: Hero ($5.07 in chips)
Seat 4: 28cfdf97 ($8.05 in chips)
Seat 5: 421cfe64 ($9.29 in chips)
1369c16d: posts small blind $0.02
b8f316ee: posts big blind $0.05
*** HOLE CARDS ***
Dealt to 1369c16d 
Dealt to b8f316ee 
Dealt to Hero [3s Js]
Dealt to 28cfdf97 
Dealt to 421cfe64 
Hero: folds
28cfdf97: raises $0.08 to $0.13
421cfe64: folds
1369c16d: folds
b8f316ee: folds
Uncalled bet ($0.08) returned to 28cfdf97
*** SHOWDOWN ***
28cfdf97 collected $0.12 from pot
*** SUMMARY ***
Total pot $0.12 | Rake $0 | Jackpot $0 | Bingo $0 | Fortune $0
Seat 1: 1369c16d (small blind) folded before Flop
Seat 2: b8f316ee (big blind) folded before Flop
Seat 3: Hero folded before Flop (didn't bet)
Seat 4: 28cfdf97 collected ($0.12)
Seat 5: 421cfe64 (button) folded before Flop (didn't bet)


Poker Hand #HD1212496821: Hold'em No Limit  ($0.02/$0.05) - 2023/04/21 21:41:54
Table 'NLHBlue64' 6-max Seat #4 is the button
Seat 1: 1369c16d ($7 in chips)
Seat 2: b8f316ee ($5.12 in chips)
Seat 3: Hero ($5.07 in chips)
Seat 4: 28cfdf97 ($8.05 in chips)
Seat 5: 421cfe64 ($5.16 in chips)
Seat 6: 1c327ffe ($4.57 in chips)
421cfe64: posts small blind $0.02
1c327ffe: posts big blind $0.05
*** HOLE CARDS ***
Dealt to 1369c16d 
Dealt to b8f316ee 
Dealt to Hero [4h Ts]
Dealt to 28cfdf97 
Dealt to 421cfe64 
Dealt to 1c327ffe 
1369c16d: raises $0.1 to $0.15
b8f316ee: folds
Hero: folds
28cfdf97: folds
421cfe64: raises $0.35 to $0.5
1c327ffe: calls $0.45
1369c16d: folds
*** FLOP *** [7h 7s 3h]
421cfe64: bets $0.76
1c327ffe: raises $2.67 to $3.43
421cfe64: calls $2.67
*** TURN *** [7h 7s 3h] [Js]
421cfe64: checks
1c327ffe: bets $0.64 and is all-in
421cfe64: calls $0.64
1c327ffe: shows [Qh Ad] (Pair of Sevens)
421cfe64: shows [Kc Kd] (Pair of Kings and Pair of Sevens)
*** FIRST RIVER *** [7h 7s 3h Js] [Jc]
*** SECOND RIVER *** [7h 7s 3h Js] [Qc]
*** FIRST SHOWDOWN ***
421cfe64 collected $4.35 from pot
*** SECOND SHOWDOWN ***
421cfe64 collected $4.35 from pot
*** SUMMARY ***
Total pot $9.29 | Rake $0.54 | Jackpot $0.05 | Bingo $0 | Fortune $0
Hand was run two times
FIRST Board [7h 7s 3h Js Jc]
SECOND Board [Qc]
Seat 1: 1369c16d folded before Flop
Seat 2: b8f316ee folded before Flop (didn't bet)
Seat 3: Hero folded before Flop (didn't bet)
Seat 4: 28cfdf97 (button) folded before Flop (didn't bet)
Seat 5: 421cfe64 (small blind) showed [Kc Kd] and won ($4.35) with Pair of Kings and Pair of Jacks, and won ($4.35)
Seat 6: 1c327ffe (big blind) showed [Qh Ad] and lost with Pair of Jacks and Pair of Sevens, and lost


Poker Hand #HD1212496774: Hold'em No Limit  ($0.02/$0.05) - 2023/04/21 21:41:20
Table 'NLHBlue64' 6-max Seat #3 is the button
Seat 1: 1369c16d ($7 in chips)
Seat 2: b8f316ee ($5.12 in chips)
Seat 3: Hero ($5.19 in chips)
Seat 4: 28cfdf97 ($7.89 in chips)
Seat 5: 421cfe64 ($5.21 in chips)
Seat 6: 1c327ffe ($4.57 in chips)
28cfdf97: posts small blind $0.02
421cfe64: posts big blind $0.05
*** HOLE CARDS ***
Dealt to 1369c16d 
Dealt to b8f316ee 
Dealt to Hero [9s Ac]
Dealt to 28cfdf97 
Dealt to 421cfe64 
Dealt to 1c327ffe 
1c327ffe: folds
1369c16d: folds
b8f316ee: folds
Hero: raises $0.07 to $0.12
28cfdf97: calls $0.1
421cfe64: folds
*** FLOP *** [2d Th 4h]
28cfdf97: checks
Hero: checks
*** TURN *** [2d Th 4h] [Qs]
28cfdf97: bets $0.15
Hero: folds
Uncalled bet ($0.15) returned to 28cfdf97
*** SHOWDOWN ***
28cfdf97 collected $0.28 from pot
*** SUMMARY ***
Total pot $0.29 | Rake $0.01 | Jackpot $0 | Bingo $0 | Fortune $0
Board [2d Th 4h Qs]
Seat 1: 1369c16d folded before Flop (didn't bet)
Seat 2: b8f316ee folded before Flop (didn't bet)
Seat 3: Hero (button) folded on the Turn
Seat 4: 28cfdf97 (small blind) won ($0.28)
Seat 5: 421cfe64 (big blind) folded before Flop
Seat 6: 1c327ffe folded before Flop (didn't bet)


Poker Hand #HD1212496690: Hold'em No Limit  ($0.02/$0.05) - 2023/04/21 21:40:24
Table 'NLHBlue64' 6-max Seat #2 is the button
Seat 1: 1369c16d ($7.45 in chips)
Seat 2: b8f316ee ($5.12 in chips)
Seat 3: Hero ($5.21 in chips)
Seat 4: 28cfdf97 ($7.46 in chips)
Seat 5: 421cfe64 ($5.21 in chips)
Seat 6: 1c327ffe ($4.57 in chips)
Hero: posts small blind $0.02
28cfdf97: posts big blind $0.05
*** HOLE CARDS ***
Dealt to 1369c16d 
Dealt to b8f316ee 
Dealt to Hero [3d 2s]
Dealt to 28cfdf97 
Dealt to 421cfe64 
Dealt to 1c327ffe 
421cfe64: folds
1c327ffe: folds
1369c16d: raises $0.1 to $0.15
b8f316ee: folds
Hero: folds
28cfdf97: raises $0.3 to $0.45
1369c16d: calls $0.3
*** FLOP *** [Ts 4d Tc]
28cfdf97: bets $0.46
1369c16d: folds
Uncalled bet ($0.46) returned to 28cfdf97
*** SHOWDOWN ***
28cfdf97 collected $0.88 from pot
*** SUMMARY ***
Total pot $0.92 | Rake $0.04 | Jackpot $0 | Bingo $0 | Fortune $0
Board [Ts 4d Tc]
Seat 1: 1369c16d folded on the Flop
Seat 2: b8f316ee (button) folded before Flop (didn't bet)
Seat 3: Hero (small blind) folded before Flop
Seat 4: 28cfdf97 (big blind) won ($0.88)
Seat 5: 421cfe64 folded before Flop (didn't bet)
Seat 6: 1c327ffe folded before Flop (didn't bet)


Poker Hand #HD1212496585: Hold'em No Limit  ($0.02/$0.05) - 2023/04/21 21:39:22
Table 'NLHBlue64' 6-max Seat #1 is the button
Seat 1: 1369c16d ($7.61 in chips)
Seat 2: b8f316ee ($5.14 in chips)
Seat 3: Hero ($5.26 in chips)
Seat 4: 28cfdf97 ($7.46 in chips)
Seat 5: 421cfe64 ($5 in chips)
Seat 6: 1c327ffe ($4.57 in chips)
b8f316ee: posts small blind $0.02
Hero: posts big blind $0.05
*** HOLE CARDS ***
Dealt to 1369c16d 
Dealt to b8f316ee 
Dealt to Hero [4s Kh]
Dealt to 28cfdf97 
Dealt to 421cfe64 
Dealt to 1c327ffe 
28cfdf97: folds
421cfe64: calls $0.05
1c327ffe: folds
1369c16d: raises $0.11 to $0.16
b8f316ee: folds
Hero: folds
421cfe64: calls $0.11
*** FLOP *** [7c Ks 3h]
421cfe64: checks
1369c16d: checks
*** TURN *** [7c Ks 3h] [6s]
421cfe64: bets $0.26
1369c16d: folds
Uncalled bet ($0.26) returned to 421cfe64
*** SHOWDOWN ***
421cfe64 collected $0.37 from pot
*** SUMMARY ***
Total pot $0.39 | Rake $0.02 | Jackpot $0 | Bingo $0 | Fortune $0
Board [7c Ks 3h 6s]
Seat 1: 1369c16d (button) folded on the Turn
Seat 2: b8f316ee (small blind) folded before Flop
Seat 3: Hero (big blind) folded before Flop
Seat 4: 28cfdf97 folded before Flop (didn't bet)
Seat 5: 421cfe64 won ($0.37)
Seat 6: 1c327ffe folded before Flop (didn't bet)


Poker Hand #HD1212496552: Hold'em No Limit  ($0.02/$0.05) - 2023/04/21 21:39:01
Table 'NLHBlue64' 6-max Seat #6 is the button
Seat 1: 1369c16d ($7.63 in chips)
Seat 2: b8f316ee ($5.12 in chips)
Seat 3: Hero ($5.26 in chips)
Seat 4: 28cfdf97 ($7.46 in chips)
Seat 5: 421cfe64 ($5 in chips)
Seat 6: 1c327ffe ($4.57 in chips)
1369c16d: posts small blind $0.02
b8f316ee: posts big blind $0.05
*** HOLE CARDS ***
Dealt to 1369c16d 
Dealt to b8f316ee 
Dealt to Hero [As 7c]
Dealt to 28cfdf97 
Dealt to 421cfe64 
Dealt to 1c327ffe 
Hero: folds
28cfdf97: folds
421cfe64: folds
1c327ffe: folds
1369c16d: folds
Uncalled bet ($0.03) returned to b8f316ee
*** SHOWDOWN ***
b8f316ee collected $0.04 from pot
*** SUMMARY ***
Total pot $0.04 | Rake $0 | Jackpot $0 | Bingo $0 | Fortune $0
Seat 1: 1369c16d (small blind) folded before Flop
Seat 2: b8f316ee (big blind) collected ($0.04)
Seat 3: Hero folded before Flop (didn't bet)
Seat 4: 28cfdf97 folded before Flop (didn't bet)
Seat 5: 421cfe64 folded before Flop (didn't bet)
Seat 6: 1c327ffe (button) folded before Flop (didn't bet)


Poker Hand #HD1212496501: Hold'em No Limit  ($0.02/$0.05) - 2023/04/21 21:38:25
Table 'NLHBlue64' 6-max Seat #5 is the button
Seat 1: 1369c16d ($7.22 in chips)
Seat 2: b8f316ee ($5.12 in chips)
Seat 3: Hero ($5.26 in chips)
Seat 4: 28cfdf97 ($7.46 in chips)
Seat 5: 421cfe64 ($5 in chips)
Seat 6: 1c327ffe ($5.02 in chips)
1c327ffe: posts small blind $0.02
1369c16d: posts big blind $0.05
*** HOLE CARDS ***
Dealt to 1369c16d 
Dealt to b8f316ee 
Dealt to Hero [Td 7d]
Dealt to 28cfdf97 
Dealt to 421cfe64 
Dealt to 1c327ffe 
b8f316ee: folds
Hero: folds
28cfdf97: folds
421cfe64: folds
1c327ffe: calls $0.03
1369c16d: raises $0.1 to $0.15
1c327ffe: calls $0.1
*** FLOP *** [4d 6c Qd]
1c327ffe: checks
1369c16d: checks
*** TURN *** [4d 6c Qd] [8h]
1c327ffe: bets $0.3
1369c16d: calls $0.3
*** RIVER *** [4d 6c Qd 8h] [Jc]
1c327ffe: checks
1369c16d: checks
1c327ffe: shows [6d 7s] (Pair of Sixes)
1369c16d: shows [8s Ts] (Pair of Eights)
*** SHOWDOWN ***
1369c16d collected $0.86 from pot
*** SUMMARY ***
Total pot $0.9 | Rake $0.04 | Jackpot $0 | Bingo $0 | Fortune $0
Board [4d 6c Qd 8h Jc]
Seat 1: 1369c16d (big blind) showed [8s Ts] and won ($0.86) with Pair of Eights
Seat 2: b8f316ee folded before Flop (didn't bet)
Seat 3: Hero folded before Flop (didn't bet)
Seat 4: 28cfdf97 folded before Flop (didn't bet)
Seat 5: 421cfe64 (button) folded before Flop (didn't bet)
Seat 6: 1c327ffe (small blind) showed [6d 7s] and lost with Pair of Sixes


Poker Hand #HD1212496463: Hold'em No Limit  ($0.02/$0.05) - 2023/04/21 21:37:58
Table 'NLHBlue64' 6-max Seat #4 is the button
Seat 1: 1369c16d ($7.22 in chips)
Seat 2: b8f316ee ($5.12 in chips)
Seat 3: Hero ($5.1 in chips)
Seat 4: 28cfdf97 ($7.46 in chips)
Seat 5: 421cfe64 ($5.02 in chips)
Seat 6: 1c327ffe ($5.07 in chips)
421cfe64: posts small blind $0.02
1c327ffe: posts big blind $0.05
*** HOLE CARDS ***
Dealt to 1369c16d 
Dealt to b8f316ee 
Dealt to Hero [Jc Qd]
Dealt to 28cfdf97 
Dealt to 421cfe64 
Dealt to 1c327ffe 
1369c16d: folds
b8f316ee: folds
Hero: raises $0.07 to $0.12
28cfdf97: folds
421cfe64: calls $0.1
1c327ffe: folds
*** FLOP *** [5c 7c Jd]
421cfe64: checks
Hero: bets $0.15
421cfe64: folds
Uncalled bet ($0.15) returned to Hero
*** SHOWDOWN ***
Hero collected $0.28 from pot
*** SUMMARY ***
Total pot $0.29 | Rake $0.01 | Jackpot $0 | Bingo $0 | Fortune $0
Board [5c 7c Jd]
Seat 1: 1369c16d folded before Flop (didn't bet)
Seat 2: b8f316ee folded before Flop (didn't bet)
Seat 3: Hero won ($0.28)
Seat 4: 28cfdf97 (button) folded before Flop (didn't bet)
Seat 5: 421cfe64 (small blind) folded on the Flop
Seat 6: 1c327ffe (big blind) folded before Flop


Poker Hand #HD1212496390: Hold'em No Limit  ($0.02/$0.05) - 2023/04/21 21:37:06
Table 'NLHBlue64' 6-max Seat #3 is the button
Seat 1: 1369c16d ($7.27 in chips)
Seat 2: b8f316ee ($5.12 in chips)
Seat 3: Hero ($5.1 in chips)
Seat 4: 28cfdf97 ($7.48 in chips)
Seat 5: 421cfe64 ($5.07 in chips)
Seat 6: 1c327ffe ($4.95 in chips)
28cfdf97: posts small blind $0.02
421cfe64: posts big blind $0.05
*** HOLE CARDS ***
Dealt to 1369c16d 
Dealt to b8f316ee 
Dealt to Hero [Kh 3c]
Dealt to 28cfdf97 
Dealt to 421cfe64 
Dealt to 1c327ffe 
1c327ffe: calls $0.05
1369c16d: calls $0.05
b8f316ee: folds
Hero: folds
28cfdf97: folds
421cfe64: checks
*** FLOP *** [Kc Ac Js]
421cfe64: checks
1c327ffe: checks
1369c16d: checks
*** TURN *** [Kc Ac Js] [7c]
421cfe64: checks
1c327ffe: bets $0.17
1369c16d: folds
421cfe64: folds
Uncalled bet ($0.17) returned to 1c327ffe
*** SHOWDOWN ***
1c327ffe collected $0.17 from pot
*** SUMMARY ***
Total pot $0.17 | Rake $0 | Jackpot $0 | Bingo $0 | Fortune $0
Board [Kc Ac Js 7c]
Seat 1: 1369c16d folded on the Turn
Seat 2: b8f316ee folded before Flop (didn't bet)
Seat 3: Hero (button) folded before Flop (didn't bet)
Seat 4: 28cfdf97 (small blind) folded before Flop
Seat 5: 421cfe64 (big blind) folded on the Turn
Seat 6: 1c327ffe won ($0.17)


Poker Hand #HD1212496334: Hold'em No Limit  ($0.02/$0.05) - 2023/04/21 21:36:25
Table 'NLHBlue64' 6-max Seat #2 is the button
Seat 1: 1369c16d ($7.27 in chips)
Seat 2: b8f316ee ($5.12 in chips)
Seat 3: Hero ($5 in chips)
Seat 4: 28cfdf97 ($7.53 in chips)
Seat 5: 421cfe64 ($5.07 in chips)
Seat 6: 1c327ffe ($5 in chips)
Hero: posts small blind $0.02
28cfdf97: posts big blind $0.05
1c327ffe: posts big blind $0.05
*** HOLE CARDS ***
Dealt to 1369c16d 
Dealt to b8f316ee 
Dealt to Hero [Kd Jd]
Dealt to 28cfdf97 
Dealt to 421cfe64 
Dealt to 1c327ffe 
421cfe64: folds
1c327ffe: checks
1369c16d: folds
b8f316ee: folds
Hero: raises $0.15 to $0.2
28cfdf97: folds
1c327ffe: folds
Uncalled bet ($0.15) returned to Hero
*** SHOWDOWN ***
Hero collected $0.15 from pot
*** SUMMARY ***
Total pot $0.15 | Rake $0 | Jackpot $0 | Bingo $0 | Fortune $0
Seat 1: 1369c16d folded before Flop (didn't bet)
Seat 2: b8f316ee (button) folded before Flop (didn't bet)
Seat 3: Hero (small blind) collected ($0.15)
Seat 4: 28cfdf97 (big blind) folded before Flop
Seat 5: 421cfe64 folded before Flop (didn't bet)
Seat 6: 1c327ffe folded before Flop


Poker Hand #HD1212496304: Hold'em No Limit  ($0.02/$0.05) - 2023/04/21 21:36:04
Table 'NLHBlue64' 6-max Seat #1 is the button
Seat 1: 1369c16d ($7.27 in chips)
Seat 2: b8f316ee ($5.14 in chips)
Seat 3: Hero ($5 in chips)
Seat 4: 28cfdf97 ($7.53 in chips)
Seat 5: 421cfe64 ($5 in chips)
b8f316ee: posts small blind $0.02
Hero: posts big blind $0.05
*** HOLE CARDS ***
Dealt to 1369c16d 
Dealt to b8f316ee 
Dealt to Hero [3d Qh]
Dealt to 28cfdf97 
Dealt to 421cfe64 
28cfdf97: folds
421cfe64: raises $0.05 to $0.1
1369c16d: folds
b8f316ee: folds
Hero: folds
Uncalled bet ($0.05) returned to 421cfe64
*** SHOWDOWN ***
421cfe64 collected $0.12 from pot
*** SUMMARY ***
Total pot $0.12 | Rake $0 | Jackpot $0 | Bingo $0 | Fortune $0
Seat 1: 1369c16d (button) folded before Flop (didn't bet)
Seat 2: b8f316ee (small blind) folded before Flop
Seat 3: Hero (big blind) folded before Flop
Seat 4: 28cfdf97 folded before Flop (didn't bet)
Seat 5: 421cfe64 collected ($0.12)


Poker Hand #HD1212496247: Hold'em No Limit  ($0.02/$0.05) - 2023/04/21 21:35:29
Table 'NLHBlue64' 6-max Seat #5 is the button
Seat 1: 1369c16d ($7.29 in chips)
Seat 2: b8f316ee ($5 in chips)
Seat 3: Hero ($5 in chips)
Seat 4: 28cfdf97 ($7.66 in chips)
Seat 5: 421cfe64 ($5 in chips)
1369c16d: posts small blind $0.02
b8f316ee: posts big blind $0.05
*** HOLE CARDS ***
Dealt to 1369c16d 
Dealt to b8f316ee 
Dealt to Hero [Qs Td]
Dealt to 28cfdf97 
Dealt to 421cfe64 
Hero: folds
28cfdf97: raises $0.08 to $0.13
421cfe64: folds
1369c16d: folds
b8f316ee: calls $0.08
*** FLOP *** [2h Jh 4h]
b8f316ee: bets $0.1
28cfdf97: folds
Uncalled bet ($0.1) returned to b8f316ee
*** SHOWDOWN ***
b8f316ee collected $0.27 from pot
*** SUMMARY ***
Total pot $0.28 | Rake $0.01 | Jackpot $0 | Bingo $0 | Fortune $0
Board [2h Jh 4h]
Seat 1: 1369c16d (small blind) folded before Flop
Seat 2: b8f316ee (big blind) won ($0.27)
Seat 3: Hero folded before Flop (didn't bet)
Seat 4: 28cfdf97 folded on the Flop
Seat 5: 421cfe64 (button) folded before Flop (didn't bet)


Poker Hand #HD1212496234: Hold'em No Limit  ($0.02/$0.05) - 2023/04/21 21:35:20
Table 'NLHBlue64' 6-max Seat #4 is the button
Seat 1: 1369c16d ($7.27 in chips)
Seat 3: Hero ($5 in chips)
Seat 4: 28cfdf97 ($7.66 in chips)
Seat 5: 421cfe64 ($5 in chips)
421cfe64: posts small blind $0.02
1369c16d: posts big blind $0.05
*** HOLE CARDS ***
Dealt to 1369c16d 
Dealt to Hero [9c 2s]
Dealt to 28cfdf97 
Dealt to 421cfe64 
Hero: folds
28cfdf97: folds
421cfe64: folds
Uncalled bet ($0.03) returned to 1369c16d
*** SHOWDOWN ***
1369c16d collected $0.04 from pot
*** SUMMARY ***
Total pot $0.04 | Rake $0 | Jackpot $0 | Bingo $0 | Fortune $0
Seat 1: 1369c16d (big blind) collected ($0.04)
Seat 3: Hero folded before Flop (didn't bet)
Seat 4: 28cfdf97 (button) folded before Flop (didn't bet)
Seat 5: 421cfe64 (small blind) folded before Flop


Poker Hand #HD1212496125: Hold'em No Limit  ($0.02/$0.05) - 2023/04/21 21:34:07
Table 'NLHBlue64' 6-max Seat #3 is the button
Seat 1: 1369c16d ($6.07 in chips)
Seat 3: Hero ($5 in chips)
Seat 4: 28cfdf97 ($7.68 in chips)
Seat 5: 421cfe64 ($5 in chips)
Seat 6: 52f3df98 ($5.07 in chips)
28cfdf97: posts small blind $0.02
421cfe64: posts big blind $0.05
*** HOLE CARDS ***
Dealt to 1369c16d 
Dealt to Hero [Kh 2h]
Dealt to 28cfdf97 
Dealt to 421cfe64 
Dealt to 52f3df98 
52f3df98: raises $0.1 to $0.15
1369c16d: calls $0.15
Hero: folds
28cfdf97: folds
421cfe64: calls $0.1
*** FLOP *** [2d 9h 3c]
421cfe64: checks
52f3df98: checks
1369c16d: checks
*** TURN *** [2d 9h 3c] [Th]
421cfe64: checks
52f3df98: bets $0.3
1369c16d: calls $0.3
421cfe64: folds
*** RIVER *** [2d 9h 3c Th] [Jc]
52f3df98: checks
1369c16d: bets $0.75
52f3df98: calls $0.75
1369c16d: shows [Ks Qh] (Kings-High Straight)
52f3df98: shows [Ah Tc] (Pair of Tens)
*** SHOWDOWN ***
1369c16d collected $2.4 from pot
*** SUMMARY ***
Total pot $2.57 | Rake $0.12 | Jackpot $0.05 | Bingo $0 | Fortune $0
Board [2d 9h 3c Th Jc]
Seat 1: 1369c16d showed [Ks Qh] and won ($2.4) with Kings-High Straight
Seat 3: Hero (button) folded before Flop (didn't bet)
Seat 4: 28cfdf97 (small blind) folded before Flop
Seat 5: 421cfe64 (big blind) folded on the Turn
Seat 6: 52f3df98 showed [Ah Tc] and lost with Pair of Tens


Poker Hand #HD1212496091: Hold'em No Limit  ($0.02/$0.05) - 2023/04/21 21:33:52
Table 'NLHBlue64' 6-max Seat #1 is the button
Seat 1: 1369c16d ($6 in chips)
Seat 3: Hero ($5 in chips)
Seat 4: 28cfdf97 ($7.73 in chips)
Seat 5: 421cfe64 ($5 in chips)
Seat 6: 52f3df98 ($5.07 in chips)
Hero: posts small blind $0.02
28cfdf97: posts big blind $0.05
*** HOLE CARDS ***
Dealt to 1369c16d 
Dealt to Hero [Jc Ts]
Dealt to 28cfdf97 
Dealt to 421cfe64 
Dealt to 52f3df98 
421cfe64: folds
52f3df98: folds
1369c16d: raises $0.1 to $0.15
Hero: folds
28cfdf97: folds
Uncalled bet ($0.1) returned to 1369c16d
*** SHOWDOWN ***
1369c16d collected $0.12 from pot
*** SUMMARY ***
Total pot $0.12 | Rake $0 | Jackpot $0 | Bingo $0 | Fortune $0
Seat 1: 1369c16d (button) collected ($0.12)
Seat 3: Hero (small blind) folded before Flop
Seat 4: 28cfdf97 (big blind) folded before Flop
Seat 5: 421cfe64 folded before Flop (didn't bet)
Seat 6: 52f3df98 folded before Flop (didn't bet)


Poker Hand #HD1212496013: Hold'em No Limit  ($0.02/$0.05) - 2023/04/21 21:33:03
Table 'NLHBlue64' 6-max Seat #6 is the button
Seat 1: 1369c16d ($6.15 in chips)
Seat 3: Hero ($5 in chips)
Seat 4: 28cfdf97 ($7.54 in chips)
Seat 6: 52f3df98 ($5.07 in chips)
1369c16d: posts small blind $0.02
Hero: posts big blind $0.05
*** HOLE CARDS ***
Dealt to 1369c16d 
Dealt to Hero [6d 9h]
Dealt to 28cfdf97 
Dealt to 52f3df98 
28cfdf97: raises $0.1 to $0.15
52f3df98: folds
1369c16d: calls $0.13
Hero: folds
*** FLOP *** [3c 3h 8d]
1369c16d: checks
28cfdf97: checks
*** TURN *** [3c 3h 8d] [6c]
1369c16d: checks
28cfdf97: checks
*** RIVER *** [3c 3h 8d 6c] [2h]
1369c16d: checks
28cfdf97: checks
1369c16d: shows [Jd 9s] (Pair of Treys)
28cfdf97: shows [Qc Ah] (Pair of Treys)
*** SHOWDOWN ***
28cfdf97 collected $0.34 from pot
*** SUMMARY ***
Total pot $0.35 | Rake $0.01 | Jackpot $0 | Bingo $0 | Fortune $0
Board [3c 3h 8d 6c 2h]
Seat 1: 1369c16d (small blind) showed [Jd 9s] and lost with Pair of Treys
Seat 3: Hero (big blind) folded before Flop
Seat 4: 28cfdf97 showed [Qc Ah] and won ($0.34) with Pair of Treys
Seat 6: 52f3df98 (button) folded before Flop (didn't bet)


Poker Hand #HD1212495974: Hold'em No Limit  ($0.02/$0.05) - 2023/04/21 21:32:40
Table 'NLHBlue64' 6-max Seat #5 is the button
Seat 1: 1369c16d ($6.2 in chips)
Seat 3: Hero ($5 in chips)
Seat 4: 28cfdf97 ($7.47 in chips)
Seat 5: 421cfe64 ($5 in chips)
Seat 6: 52f3df98 ($5.09 in chips)
52f3df98: posts small blind $0.02
1369c16d: posts big blind $0.05
*** HOLE CARDS ***
Dealt to 1369c16d 
Dealt to Hero [7c Qc]
Dealt to 28cfdf97 
Dealt to 421cfe64 
Dealt to 52f3df98 
Hero: folds
28cfdf97: raises $0.1 to $0.15
421cfe64: folds
52f3df98: folds
1369c16d: folds
Uncalled bet ($0.1) returned to 28cfdf97
*** SHOWDOWN ***
28cfdf97 collected $0.12 from pot
*** SUMMARY ***
Total pot $0.12 | Rake $0 | Jackpot $0 | Bingo $0 | Fortune $0
Seat 1: 1369c16d (big blind) folded before Flop
Seat 3: Hero folded before Flop (didn't bet)
Seat 4: 28cfdf97 collected ($0.12)
Seat 5: 421cfe64 (button) folded before Flop (didn't bet)
Seat 6: 52f3df98 (small blind) folded before Flop


Poker Hand #HD1212495942: Hold'em No Limit  ($0.02/$0.05) - 2023/04/21 21:32:23
Table 'NLHBlue64' 6-max Seat #4 is the button
Seat 1: 1369c16d ($6.13 in chips)
Seat 3: Hero ($5 in chips)
Seat 4: 28cfdf97 ($7.47 in chips)
Seat 5: 421cfe64 ($5 in chips)
Seat 6: 52f3df98 ($5.14 in chips)
421cfe64: posts small blind $0.02
52f3df98: posts big blind $0.05
*** HOLE CARDS ***
Dealt to 1369c16d 
Dealt to Hero [Ks 9c]
Dealt to 28cfdf97 
Dealt to 421cfe64 
Dealt to 52f3df98 
1369c16d: raises $0.1 to $0.15
Hero: folds
28cfdf97: folds
421cfe64: folds
52f3df98: folds
Uncalled bet ($0.1) returned to 1369c16d
*** SHOWDOWN ***
1369c16d collected $0.12 from pot
*** SUMMARY ***
Total pot $0.12 | Rake $0 | Jackpot $0 | Bingo $0 | Fortune $0
Seat 1: 1369c16d collected ($0.12)
Seat 3: Hero folded before Flop (didn't bet)
Seat 4: 28cfdf97 (button) folded before Flop (didn't bet)
Seat 5: 421cfe64 (small blind) folded before Flop
Seat 6: 52f3df98 (big blind) folded before Flop


Poker Hand #HD1212495886: Hold'em No Limit  ($0.02/$0.05) - 2023/04/21 21:31:49
Table 'NLHBlue64' 6-max Seat #3 is the button
Seat 1: 1369c16d ($5.97 in chips)
Seat 3: Hero ($5 in chips)
Seat 4: 28cfdf97 ($7.49 in chips)
Seat 5: 421cfe64 ($5 in chips)
Seat 6: 52f3df98 ($5.14 in chips)
28cfdf97: posts small blind $0.02
421cfe64: posts big blind $0.05
*** HOLE CARDS ***
Dealt to 1369c16d 
Dealt to Hero [Ts 4c]
Dealt to 28cfdf97 
Dealt to 421cfe64 
Dealt to 52f3df98 
52f3df98: folds
1369c16d: raises $0.1 to $0.15
Hero: folds
28cfdf97: folds
421cfe64: calls $0.1
*** FLOP *** [3h 5s 8c]
421cfe64: checks
1369c16d: bets $0.13
421cfe64: folds
Uncalled bet ($0.13) returned to 1369c16d
*** SHOWDOWN ***
1369c16d collected $0.31 from pot
*** SUMMARY ***
Total pot $0.32 | Rake $0.01 | Jackpot $0 | Bingo $0 | Fortune $0
Board [3h 5s 8c]
Seat 1: 1369c16d won ($0.31)
Seat 3: Hero (button) folded before Flop (didn't bet)
Seat 4: 28cfdf97 (small blind) folded before Flop
Seat 5: 421cfe64 (big blind) folded on the Flop
Seat 6: 52f3df98 folded before Flop (didn't bet)


Poker Hand #HD1212495805: Hold'em No Limit  ($0.02/$0.05) - 2023/04/21 21:30:58
Table 'NLHBlue64' 6-max Seat #1 is the button
Seat 1: 1369c16d ($6.1 in chips)
Seat 2: d4a9a960 ($1.87 in chips)
Seat 3: Hero ($5 in chips)
Seat 4: 28cfdf97 ($5.68 in chips)
Seat 6: 52f3df98 ($5.14 in chips)
d4a9a960: posts small blind $0.02
Hero: posts big blind $0.05
*** HOLE CARDS ***
Dealt to 1369c16d 
Dealt to d4a9a960 
Dealt to Hero [7c 8h]
Dealt to 28cfdf97 
Dealt to 52f3df98 
28cfdf97: raises $0.08 to $0.13
52f3df98: folds
1369c16d: calls $0.13
d4a9a960: raises $1.74 to $1.87 and is all-in
Hero: folds
28cfdf97: calls $1.74
1369c16d: folds
d4a9a960: shows [Ac Jd]
28cfdf97: shows [Kh Kc]
*** FLOP *** [7h Jc Ks]
*** TURN *** [7h Jc Ks] [Ad]
*** RIVER *** [7h Jc Ks Ad] [6h]
*** SHOWDOWN ***
28cfdf97 collected $3.68 from pot
*** SUMMARY ***
Total pot $3.92 | Rake $0.19 | Jackpot $0.05 | Bingo $0 | Fortune $0
Board [7h Jc Ks Ad 6h]
Seat 1: 1369c16d (button) folded before Flop
Seat 2: d4a9a960 (small blind) showed [Ac Jd] and lost with Pair of Aces and Pair of Jacks
Seat 3: Hero (big blind) folded before Flop
Seat 4: 28cfdf97 showed [Kh Kc] and won ($3.68) with Three Kings
Seat 6: 52f3df98 folded before Flop (didn't bet)


Poker Hand #HD1212495782: Hold'em No Limit  ($0.02/$0.05) - 2023/04/21 21:30:45
Table 'NLHBlue64' 6-max Seat #6 is the button
Seat 1: 1369c16d ($6.12 in chips)
Seat 2: d4a9a960 ($1.92 in chips)
Seat 3: Hero ($5 in chips)
Seat 4: 28cfdf97 ($5.61 in chips)
Seat 6: 52f3df98 ($5.14 in chips)
1369c16d: posts small blind $0.02
d4a9a960: posts big blind $0.05
*** HOLE CARDS ***
Dealt to 1369c16d 
Dealt to d4a9a960 
Dealt to Hero [7h Jc]
Dealt to 28cfdf97 
Dealt to 52f3df98 
Hero: folds
28cfdf97: raises $0.08 to $0.13
52f3df98: folds
1369c16d: folds
d4a9a960: folds
Uncalled bet ($0.08) returned to 28cfdf97
*** SHOWDOWN ***
28cfdf97 collected $0.12 from pot
*** SUMMARY ***
Total pot $0.12 | Rake $0 | Jackpot $0 | Bingo $0 | Fortune $0
Seat 1: 1369c16d (small blind) folded before Flop
Seat 2: d4a9a960 (big blind) folded before Flop
Seat 3: Hero folded before Flop (didn't bet)
Seat 4: 28cfdf97 collected ($0.12)
Seat 6: 52f3df98 (button) folded before Flop (didn't bet)


Poker Hand #HD1212495768: Hold'em No Limit  ($0.02/$0.05) - 2023/04/21 21:30:35
Table 'NLHBlue64' 6-max Seat #4 is the button
Seat 1: 1369c16d ($6.1 in chips)
Seat 2: d4a9a960 ($1.92 in chips)
Seat 3: Hero ($5 in chips)
Seat 4: 28cfdf97 ($5.61 in chips)
Seat 6: 52f3df98 ($5.16 in chips)
52f3df98: posts small blind $0.02
1369c16d: posts big blind $0.05
*** HOLE CARDS ***
Dealt to 1369c16d 
Dealt to d4a9a960 
Dealt to Hero [7c Kh]
Dealt to 28cfdf97 
Dealt to 52f3df98 
d4a9a960: folds
Hero: folds
28cfdf97: folds
52f3df98: folds
Uncalled bet ($0.03) returned to 1369c16d
*** SHOWDOWN ***
1369c16d collected $0.04 from pot
*** SUMMARY ***
Total pot $0.04 | Rake $0 | Jackpot $0 | Bingo $0 | Fortune $0
Seat 1: 1369c16d (big blind) collected ($0.04)
Seat 2: d4a9a960 folded before Flop (didn't bet)
Seat 3: Hero folded before Flop (didn't bet)
Seat 4: 28cfdf97 (button) folded before Flop (didn't bet)
Seat 6: 52f3df98 (small blind) folded before Flop


Poker Hand #HD1212495750: Hold'em No Limit  ($0.02/$0.05) - 2023/04/21 21:30:26
Table 'NLHBlue64' 6-max Seat #3 is the button
Seat 1: 1369c16d ($6.1 in chips)
Seat 2: d4a9a960 ($1.92 in chips)
Seat 3: Hero ($5 in chips)
Seat 4: 28cfdf97 ($5.63 in chips)
Seat 6: 52f3df98 ($5.14 in chips)
28cfdf97: posts small blind $0.02
52f3df98: posts big blind $0.05
*** HOLE CARDS ***
Dealt to 1369c16d 
Dealt to d4a9a960 
Dealt to Hero [Kc 7s]
Dealt to 28cfdf97 
Dealt to 52f3df98 
1369c16d: folds
d4a9a960: folds
Hero: folds
28cfdf97: folds
Uncalled bet ($0.03) returned to 52f3df98
*** SHOWDOWN ***
52f3df98 collected $0.04 from pot
*** SUMMARY ***
Total pot $0.04 | Rake $0 | Jackpot $0 | Bingo $0 | Fortune $0
Seat 1: 1369c16d folded before Flop (didn't bet)
Seat 2: d4a9a960 folded before Flop (didn't bet)
Seat 3: Hero (button) folded before Flop (didn't bet)
Seat 4: 28cfdf97 (small blind) folded before Flop
Seat 6: 52f3df98 (big blind) collected ($0.04)


Poker Hand #HD1212495677: Hold'em No Limit  ($0.02/$0.05) - 2023/04/21 21:29:43
Table 'NLHBlue64' 6-max Seat #2 is the button
Seat 1: 1369c16d ($5.8 in chips)
Seat 2: d4a9a960 ($2.07 in chips)
Seat 3: Hero ($5.02 in chips)
Seat 4: 28cfdf97 ($5.78 in chips)
Seat 6: 52f3df98 ($5.14 in chips)
Hero: posts small blind $0.02
28cfdf97: posts big blind $0.05
*** HOLE CARDS ***
Dealt to 1369c16d 
Dealt to d4a9a960 
Dealt to Hero [2d 4h]
Dealt to 28cfdf97 
Dealt to 52f3df98 
52f3df98: folds
1369c16d: raises $0.1 to $0.15
d4a9a960: calls $0.15
Hero: folds
28cfdf97: calls $0.1
*** FLOP *** [Jh 5c 5s]
28cfdf97: checks
1369c16d: bets $0.19
d4a9a960: folds
28cfdf97: folds
Uncalled bet ($0.19) returned to 1369c16d
*** SHOWDOWN ***
1369c16d collected $0.45 from pot
*** SUMMARY ***
Total pot $0.47 | Rake $0.02 | Jackpot $0 | Bingo $0 | Fortune $0
Board [Jh 5c 5s]
Seat 1: 1369c16d won ($0.45)
Seat 2: d4a9a960 (button) folded on the Flop
Seat 3: Hero (small blind) folded before Flop
Seat 4: 28cfdf97 (big blind) folded on the Flop
Seat 6: 52f3df98 folded before Flop (didn't bet)


Poker Hand #HD1212495649: Hold'em No Limit  ($0.02/$0.05) - 2023/04/21 21:29:29
Table 'NLHBlue64' 6-max Seat #1 is the button
Seat 1: 1369c16d ($5.8 in chips)
Seat 2: d4a9a960 ($2.09 in chips)
Seat 3: Hero ($5.07 in chips)
Seat 4: 28cfdf97 ($5.71 in chips)
Seat 6: 52f3df98 ($5.14 in chips)
d4a9a960: posts small blind $0.02
Hero: posts big blind $0.05
*** HOLE CARDS ***
Dealt to 1369c16d 
Dealt to d4a9a960 
Dealt to Hero [6d 3h]
Dealt to 28cfdf97 
Dealt to 52f3df98 
28cfdf97: raises $0.08 to $0.13
52f3df98: folds
1369c16d: folds
d4a9a960: folds
Hero: folds
Uncalled bet ($0.08) returned to 28cfdf97
*** SHOWDOWN ***
28cfdf97 collected $0.12 from pot
*** SUMMARY ***
Total pot $0.12 | Rake $0 | Jackpot $0 | Bingo $0 | Fortune $0
Seat 1: 1369c16d (button) folded before Flop (didn't bet)
Seat 2: d4a9a960 (small blind) folded before Flop
Seat 3: Hero (big blind) folded before Flop
Seat 4: 28cfdf97 collected ($0.12)
Seat 6: 52f3df98 folded before Flop (didn't bet)


Poker Hand #HD1212395633: Hold'em No Limit  ($0.02/$0.05) - 2023/04/21 21:29:20
Table 'NLHBlue64' 6-max Seat #6 is the button
Seat 1: 1369c16d ($5.82 in chips)
Seat 2: d4a9a960 ($2.14 in chips)
Seat 3: Hero ($5 in chips)
Seat 4: 28cfdf97 ($5.71 in chips)
Seat 6: 52f3df98 ($5.14 in chips)
1369c16d: posts small blind $0.02
d4a9a960: posts big blind $0.05
*** HOLE CARDS ***
Dealt to 1369c16d 
Dealt to d4a9a960 
Dealt to Hero [7d 7h]
Dealt to 28cfdf97 
Dealt to 52f3df98 
Hero: raises $0.07 to $0.12
28cfdf97: folds
52f3df98: folds
1369c16d: folds
d4a9a960: folds
Uncalled bet ($0.07) returned to Hero
*** SHOWDOWN ***
Hero collected $0.12 from pot
*** SUMMARY ***
Total pot $0.12 | Rake $0 | Jackpot $0 | Bingo $0 | Fortune $0
Seat 1: 1369c16d (small blind) folded before Flop
Seat 2: d4a9a960 (big blind) folded before Flop
Seat 3: Hero collected ($0.12)
Seat 4: 28cfdf97 folded before Flop (didn't bet)
Seat 6: 52f3df98 (button) folded before Flop (didn't bet)


Poker Hand #HD1212395553: Hold'em No Limit  ($0.02/$0.05) - 2023/04/21 21:28:32
Table 'NLHBlue64' 6-max Seat #4 is the button
Seat 1: 1369c16d ($5.82 in chips)
Seat 3: Hero ($5 in chips)
Seat 4: 28cfdf97 ($5.71 in chips)
Seat 5: 18fd5fda ($5.19 in chips)
Seat 6: 52f3df98 ($5 in chips)
18fd5fda: posts small blind $0.02
52f3df98: posts big blind $0.05
*** HOLE CARDS ***
Dealt to 1369c16d 
Dealt to Hero [Jd 5d]
Dealt to 28cfdf97 
Dealt to 18fd5fda 
Dealt to 52f3df98 
1369c16d: folds
Hero: folds
28cfdf97: folds
18fd5fda: raises $0.1 to $0.15
52f3df98: calls $0.1
*** FLOP *** [Kd 8c 4s]
18fd5fda: checks
52f3df98: checks
*** TURN *** [Kd 8c 4s] [6d]
18fd5fda: checks
52f3df98: bets $0.15
18fd5fda: folds
Uncalled bet ($0.15) returned to 52f3df98
*** SHOWDOWN ***
52f3df98 collected $0.29 from pot
*** SUMMARY ***
Total pot $0.3 | Rake $0.01 | Jackpot $0 | Bingo $0 | Fortune $0
Board [Kd 8c 4s 6d]
Seat 1: 1369c16d folded before Flop (didn't bet)
Seat 3: Hero folded before Flop (didn't bet)
Seat 4: 28cfdf97 (button) folded before Flop (didn't bet)
Seat 5: 18fd5fda (small blind) folded on the Turn
Seat 6: 52f3df98 (big blind) won ($0.29)


Poker Hand #HD1212395431: Hold'em No Limit  ($0.02/$0.05) - 2023/04/21 21:27:18
Table 'NLHBlue64' 6-max Seat #3 is the button
Seat 1: 1369c16d ($5.82 in chips)
Seat 3: Hero ($5 in chips)
Seat 4: 28cfdf97 ($5.73 in chips)
Seat 5: 18fd5fda ($4.93 in chips)
Seat 6: 52f3df98 ($5 in chips)
28cfdf97: posts small blind $0.02
18fd5fda: posts big blind $0.05
*** HOLE CARDS ***
Dealt to 1369c16d 
Dealt to Hero [Td Ah]
Dealt to 28cfdf97 
Dealt to 18fd5fda 
Dealt to 52f3df98 
52f3df98: folds
1369c16d: folds
Hero: raises $0.07 to $0.12
28cfdf97: folds
18fd5fda: calls $0.07
*** FLOP *** [3d Kc Jh]
18fd5fda: checks
Hero: bets $0.14
18fd5fda: calls $0.14
*** TURN *** [3d Kc Jh] [Kh]
18fd5fda: checks
Hero: checks
*** RIVER *** [3d Kc Jh Kh] [7h]
18fd5fda: checks
Hero: checks
18fd5fda: shows [Js 2s] (Pair of Kings and Pair of Jacks)
Hero: shows [Td Ah] (Pair of Kings)
*** SHOWDOWN ***
18fd5fda collected $0.52 from pot
*** SUMMARY ***
Total pot $0.54 | Rake $0.02 | Jackpot $0 | Bingo $0 | Fortune $0
Board [3d Kc Jh Kh 7h]
Seat 1: 1369c16d folded before Flop (didn't bet)
Seat 3: Hero (button) showed [Td Ah] and lost with Pair of Kings
Seat 4: 28cfdf97 (small blind) folded before Flop
Seat 5: 18fd5fda (big blind) showed [Js 2s] and won ($0.52) with Pair of Kings and Pair of Jacks
Seat 6: 52f3df98 folded before Flop (didn't bet)


Poker Hand #HD1212395418: Hold'em No Limit  ($0.02/$0.05) - 2023/04/21 21:27:06
Table 'NLHBlue64' 6-max Seat #1 is the button
Seat 1: 1369c16d ($5.82 in chips)
Seat 3: Hero ($5.02 in chips)
Seat 4: 28cfdf97 ($5.71 in chips)
Seat 5: 18fd5fda ($4.93 in chips)
Seat 6: 52f3df98 ($5 in chips)
Hero: posts small blind $0.02
28cfdf97: posts big blind $0.05
*** HOLE CARDS ***
Dealt to 1369c16d 
Dealt to Hero [4d Ks]
Dealt to 28cfdf97 
Dealt to 18fd5fda 
Dealt to 52f3df98 
18fd5fda: folds
52f3df98: folds
1369c16d: folds
Hero: folds
Uncalled bet ($0.03) returned to 28cfdf97
*** SHOWDOWN ***
28cfdf97 collected $0.04 from pot
*** SUMMARY ***
Total pot $0.04 | Rake $0 | Jackpot $0 | Bingo $0 | Fortune $0
Seat 1: 1369c16d (button) folded before Flop (didn't bet)
Seat 3: Hero (small blind) folded before Flop
Seat 4: 28cfdf97 (big blind) collected ($0.04)
Seat 5: 18fd5fda folded before Flop (didn't bet)
Seat 6: 52f3df98 folded before Flop (didn't bet)


Poker Hand #HD1212395403: Hold'em No Limit  ($0.02/$0.05) - 2023/04/21 21:26:56
Table 'NLHBlue64' 6-max Seat #6 is the button
Seat 1: 1369c16d ($5.84 in chips)
Seat 3: Hero ($5 in chips)
Seat 4: 28cfdf97 ($5.71 in chips)
Seat 5: 18fd5fda ($4.93 in chips)
Seat 6: 52f3df98 ($5 in chips)
1369c16d: posts small blind $0.02
Hero: posts big blind $0.05
*** HOLE CARDS ***
Dealt to 1369c16d 
Dealt to Hero [6h 5d]
Dealt to 28cfdf97 
Dealt to 18fd5fda 
Dealt to 52f3df98 
28cfdf97: folds
18fd5fda: folds
52f3df98: folds
1369c16d: folds
Uncalled bet ($0.03) returned to Hero
*** SHOWDOWN ***
Hero collected $0.04 from pot
*** SUMMARY ***
Total pot $0.04 | Rake $0 | Jackpot $0 | Bingo $0 | Fortune $0
Seat 1: 1369c16d (small blind) folded before Flop
Seat 3: Hero (big blind) collected ($0.04)
Seat 4: 28cfdf97 folded before Flop (didn't bet)
Seat 5: 18fd5fda folded before Flop (didn't bet)
Seat 6: 52f3df98 (button) folded before Flop (didn't bet)


Poker Hand #HD1212395350: Hold'em No Limit  ($0.02/$0.05) - 2023/04/21 21:26:25
Table 'NLHBlue64' 6-max Seat #5 is the button
Seat 1: 1369c16d ($5.89 in chips)
Seat 2: 90be432 ($5.28 in chips)
Seat 3: Hero ($5 in chips)
Seat 4: 28cfdf97 ($5.53 in chips)
Seat 5: 18fd5fda ($4.93 in chips)
Seat 6: 52f3df98 ($5 in chips)
52f3df98: posts small blind $0.02
1369c16d: posts big blind $0.05
*** HOLE CARDS ***
Dealt to 1369c16d 
Dealt to 90be432 
Dealt to Hero [5c 5s]
Dealt to 28cfdf97 
Dealt to 18fd5fda 
Dealt to 52f3df98 
90be432: folds
Hero: raises $0.07 to $0.12
28cfdf97: raises $0.23 to $0.35
18fd5fda: folds
52f3df98: folds
1369c16d: folds
Hero: folds
Uncalled bet ($0.23) returned to 28cfdf97
*** SHOWDOWN ***
28cfdf97 collected $0.3 from pot
*** SUMMARY ***
Total pot $0.31 | Rake $0.01 | Jackpot $0 | Bingo $0 | Fortune $0
Seat 1: 1369c16d (big blind) folded before Flop
Seat 2: 90be432 folded before Flop (didn't bet)
Seat 3: Hero folded before Flop
Seat 4: 28cfdf97 collected ($0.3)
Seat 5: 18fd5fda (button) folded before Flop (didn't bet)
Seat 6: 52f3df98 (small blind) folded before Flop


Poker Hand #HD1212395319: Hold'em No Limit  ($0.02/$0.05) - 2023/04/21 21:26:10
Table 'NLHBlue64' 6-max Seat #4 is the button
Seat 1: 1369c16d ($5.82 in chips)
Seat 2: 90be432 ($5.28 in chips)
Seat 3: Hero ($5 in chips)
Seat 4: 28cfdf97 ($5.53 in chips)
Seat 5: 18fd5fda ($4.95 in chips)
Seat 6: 52f3df98 ($5 in chips)
18fd5fda: posts small blind $0.02
52f3df98: posts big blind $0.05
*** HOLE CARDS ***
Dealt to 1369c16d 
Dealt to 90be432 
Dealt to Hero [9d 7c]
Dealt to 28cfdf97 
Dealt to 18fd5fda 
Dealt to 52f3df98 
1369c16d: raises $0.1 to $0.15
90be432: folds
Hero: folds
28cfdf97: folds
18fd5fda: folds
52f3df98: folds
Uncalled bet ($0.1) returned to 1369c16d
*** SHOWDOWN ***
1369c16d collected $0.12 from pot
*** SUMMARY ***
Total pot $0.12 | Rake $0 | Jackpot $0 | Bingo $0 | Fortune $0
Seat 1: 1369c16d collected ($0.12)
Seat 2: 90be432 folded before Flop (didn't bet)
Seat 3: Hero folded before Flop (didn't bet)
Seat 4: 28cfdf97 (button) folded before Flop (didn't bet)
Seat 5: 18fd5fda (small blind) folded before Flop
Seat 6: 52f3df98 (big blind) folded before Flop


Poker Hand #HD1212395296: Hold'em No Limit  ($0.02/$0.05) - 2023/04/21 21:25:54
Table 'NLHBlue64' 6-max Seat #3 is the button
Seat 1: 1369c16d ($5.82 in chips)
Seat 2: 90be432 ($5.21 in chips)
Seat 3: Hero ($5 in chips)
Seat 4: 28cfdf97 ($5.55 in chips)
Seat 5: 18fd5fda ($5 in chips)
Seat 6: 52f3df98 ($5 in chips)
28cfdf97: posts small blind $0.02
18fd5fda: posts big blind $0.05
*** HOLE CARDS ***
Dealt to 1369c16d 
Dealt to 90be432 
Dealt to Hero [Qs 8d]
Dealt to 28cfdf97 
Dealt to 18fd5fda 
Dealt to 52f3df98 
52f3df98: folds
1369c16d: folds
90be432: raises $0.08 to $0.13
Hero: folds
28cfdf97: folds
18fd5fda: folds
Uncalled bet ($0.08) returned to 90be432
*** SHOWDOWN ***
90be432 collected $0.12 from pot
*** SUMMARY ***
Total pot $0.12 | Rake $0 | Jackpot $0 | Bingo $0 | Fortune $0
Seat 1: 1369c16d folded before Flop (didn't bet)
Seat 2: 90be432 collected ($0.12)
Seat 3: Hero (button) folded before Flop (didn't bet)
Seat 4: 28cfdf97 (small blind) folded before Flop
Seat 5: 18fd5fda (big blind) folded before Flop
Seat 6: 52f3df98 folded before Flop (didn't bet)


Poker Hand #HD1212395261: Hold'em No Limit  ($0.02/$0.05) - 2023/04/21 21:25:37
Table 'NLHBlue64' 6-max Seat #2 is the button
Seat 1: 1369c16d ($5.82 in chips)
Seat 2: 90be432 ($5.14 in chips)
Seat 3: Hero ($5 in chips)
Seat 4: 28cfdf97 ($5.6 in chips)
Seat 5: 18fd5fda ($5 in chips)
Seat 6: 52f3df98 ($5 in chips)
Hero: posts small blind $0.02
28cfdf97: posts big blind $0.05
*** HOLE CARDS ***
Dealt to 1369c16d 
Dealt to 90be432 
Dealt to Hero [6h Jc]
Dealt to 28cfdf97 
Dealt to 18fd5fda 
Dealt to 52f3df98 
18fd5fda: folds
52f3df98: folds
1369c16d: folds
90be432: raises $0.08 to $0.13
Hero: folds
28cfdf97: folds
Uncalled bet ($0.08) returned to 90be432
*** SHOWDOWN ***
90be432 collected $0.12 from pot
*** SUMMARY ***
Total pot $0.12 | Rake $0 | Jackpot $0 | Bingo $0 | Fortune $0
Seat 1: 1369c16d folded before Flop (didn't bet)
Seat 2: 90be432 (button) collected ($0.12)
Seat 3: Hero (small blind) folded before Flop
Seat 4: 28cfdf97 (big blind) folded before Flop
Seat 5: 18fd5fda folded before Flop (didn't bet)
Seat 6: 52f3df98 folded before Flop (didn't bet)


Poker Hand #HD1212395136: Hold'em No Limit  ($0.02/$0.05) - 2023/04/21 21:24:19
Table 'NLHBlue64' 6-max Seat #1 is the button
Seat 1: 1369c16d ($5.45 in chips)
Seat 2: 90be432 ($5.16 in chips)
Seat 3: Hero ($5 in chips)
Seat 4: 28cfdf97 ($5.6 in chips)
Seat 5: 18fd5fda ($4.76 in chips)
Seat 6: 52f3df98 ($5 in chips)
90be432: posts small blind $0.02
Hero: posts big blind $0.05
*** HOLE CARDS ***
Dealt to 1369c16d 
Dealt to 90be432 
Dealt to Hero [5s 6c]
Dealt to 28cfdf97 
Dealt to 18fd5fda 
Dealt to 52f3df98 
28cfdf97: folds
18fd5fda: raises $0.08 to $0.13
52f3df98: folds
1369c16d: calls $0.13
90be432: folds
Hero: folds
*** FLOP *** [Th 2c 6d]
18fd5fda: checks
1369c16d: bets $0.2
18fd5fda: calls $0.2
*** TURN *** [Th 2c 6d] [4s]
18fd5fda: checks
1369c16d: checks
*** RIVER *** [Th 2c 6d 4s] [Td]
18fd5fda: checks
1369c16d: checks
18fd5fda: shows [Qc Kc] (Pair of Tens)
1369c16d: shows [6h 8h] (Pair of Tens and Pair of Sixes)
*** SHOWDOWN ***
1369c16d collected $0.7 from pot
*** SUMMARY ***
Total pot $0.73 | Rake $0.03 | Jackpot $0 | Bingo $0 | Fortune $0
Board [Th 2c 6d 4s Td]
Seat 1: 1369c16d (button) showed [6h 8h] and won ($0.7) with Pair of Tens and Pair of Sixes
Seat 2: 90be432 (small blind) folded before Flop
Seat 3: Hero (big blind) folded before Flop
Seat 4: 28cfdf97 folded before Flop (didn't bet)
Seat 5: 18fd5fda showed [Qc Kc] and lost with Pair of Tens
Seat 6: 52f3df98 folded before Flop (didn't bet)


