Poker Hand #HD1176548491: Hold'em No Limit  ($0.02/$0.05) - 2023/03/26 12:19:13
Table 'NLHBlue70' 6-max Seat #1 is the button
Seat 1: cceca890 ($6.44 in chips)
Seat 2: b69a282 ($5.12 in chips)
Seat 3: c7d3bde1 ($5.09 in chips)
Seat 4: Hero ($6.43 in chips)
Seat 6: 5444c151 ($5.02 in chips)
b69a282: posts small blind $0.02
c7d3bde1: posts big blind $0.05
*** HOLE CARDS ***
Dealt to cceca890 
Dealt to b69a282 
Dealt to c7d3bde1 
Dealt to Hero [8d Ac]
Dealt to 5444c151 
Hero: folds
5444c151: folds
cceca890: folds
b69a282: folds
Uncalled bet ($0.03) returned to c7d3bde1
*** SHOWDOWN ***
c7d3bde1 collected $0.04 from pot
*** SUMMARY ***
Total pot $0.04 | Rake $0 | Jackpot $0 | Bingo $0 | Fortune $0
Seat 1: cceca890 (button) folded before Flop (didn't bet)
Seat 2: b69a282 (small blind) folded before Flop
Seat 3: c7d3bde1 (big blind) collected ($0.04)
Seat 4: Hero folded before Flop (didn't bet)
Seat 6: 5444c151 folded before Flop (didn't bet)


Poker Hand #HD1176548468: Hold'em No Limit  ($0.02/$0.05) - 2023/03/26 12:19:02
Table 'NLHBlue70' 6-max Seat #6 is the button
Seat 1: cceca890 ($6.46 in chips)
Seat 2: b69a282 ($5.17 in chips)
Seat 3: c7d3bde1 ($5.09 in chips)
Seat 4: Hero ($6.36 in chips)
Seat 6: 5444c151 ($5.02 in chips)
cceca890: posts small blind $0.02
b69a282: posts big blind $0.05
*** HOLE CARDS ***
Dealt to cceca890 
Dealt to b69a282 
Dealt to c7d3bde1 
Dealt to Hero [Jh Jd]
Dealt to 5444c151 
c7d3bde1: folds
Hero: raises $0.07 to $0.12
5444c151: folds
cceca890: folds
b69a282: folds
Uncalled bet ($0.07) returned to Hero
*** SHOWDOWN ***
Hero collected $0.12 from pot
*** SUMMARY ***
Total pot $0.12 | Rake $0 | Jackpot $0 | Bingo $0 | Fortune $0
Seat 1: cceca890 (small blind) folded before Flop
Seat 2: b69a282 (big blind) folded before Flop
Seat 3: c7d3bde1 folded before Flop (didn't bet)
Seat 4: Hero collected ($0.12)
Seat 6: 5444c151 (button) folded before Flop (didn't bet)


Poker Hand #HD1176548422: Hold'em No Limit  ($0.02/$0.05) - 2023/03/26 12:18:38
Table 'NLHBlue70' 6-max Seat #4 is the button
Seat 1: cceca890 ($6.51 in chips)
Seat 2: b69a282 ($5.1 in chips)
Seat 3: c7d3bde1 ($5.09 in chips)
Seat 4: Hero ($6.36 in chips)
Seat 6: 5444c151 ($5.04 in chips)
5444c151: posts small blind $0.02
cceca890: posts big blind $0.05
*** HOLE CARDS ***
Dealt to cceca890 
Dealt to b69a282 
Dealt to c7d3bde1 
Dealt to Hero [Kc Qh]
Dealt to 5444c151 
b69a282: raises $0.08 to $0.13
c7d3bde1: folds
Hero: folds
5444c151: folds
cceca890: folds
Uncalled bet ($0.08) returned to b69a282
*** SHOWDOWN ***
b69a282 collected $0.12 from pot
*** SUMMARY ***
Total pot $0.12 | Rake $0 | Jackpot $0 | Bingo $0 | Fortune $0
Seat 1: cceca890 (big blind) folded before Flop
Seat 2: b69a282 collected ($0.12)
Seat 3: c7d3bde1 folded before Flop (didn't bet)
Seat 4: Hero (button) folded before Flop (didn't bet)
Seat 6: 5444c151 (small blind) folded before Flop


Poker Hand #HD1176548392: Hold'em No Limit  ($0.02/$0.05) - 2023/03/26 12:18:22
Table 'NLHBlue70' 6-max Seat #3 is the button
Seat 1: cceca890 ($6.51 in chips)
Seat 2: b69a282 ($5.1 in chips)
Seat 3: c7d3bde1 ($5.02 in chips)
Seat 4: Hero ($6.38 in chips)
Seat 6: 5444c151 ($5.09 in chips)
Hero: posts small blind $0.02
5444c151: posts big blind $0.05
*** HOLE CARDS ***
Dealt to cceca890 
Dealt to b69a282 
Dealt to c7d3bde1 
Dealt to Hero [Jd 3d]
Dealt to 5444c151 
cceca890: folds
b69a282: folds
c7d3bde1: raises $0.08 to $0.13
Hero: folds
5444c151: folds
Uncalled bet ($0.08) returned to c7d3bde1
*** SHOWDOWN ***
c7d3bde1 collected $0.12 from pot
*** SUMMARY ***
Total pot $0.12 | Rake $0 | Jackpot $0 | Bingo $0 | Fortune $0
Seat 1: cceca890 folded before Flop (didn't bet)
Seat 2: b69a282 folded before Flop (didn't bet)
Seat 3: c7d3bde1 (button) collected ($0.12)
Seat 4: Hero (small blind) folded before Flop
Seat 6: 5444c151 (big blind) folded before Flop


Poker Hand #HD1176548372: Hold'em No Limit  ($0.02/$0.05) - 2023/03/26 12:18:12
Table 'NLHBlue70' 6-max Seat #2 is the button
Seat 1: cceca890 ($6.51 in chips)
Seat 2: b69a282 ($5.1 in chips)
Seat 3: c7d3bde1 ($5 in chips)
Seat 4: Hero ($6.36 in chips)
Seat 6: 5444c151 ($5.09 in chips)
c7d3bde1: posts small blind $0.02
Hero: posts big blind $0.05
*** HOLE CARDS ***
Dealt to cceca890 
Dealt to b69a282 
Dealt to c7d3bde1 
Dealt to Hero [2s Qd]
Dealt to 5444c151 
5444c151: folds
cceca890: folds
b69a282: folds
c7d3bde1: folds
Uncalled bet ($0.03) returned to Hero
*** SHOWDOWN ***
Hero collected $0.04 from pot
*** SUMMARY ***
Total pot $0.04 | Rake $0 | Jackpot $0 | Bingo $0 | Fortune $0
Seat 1: cceca890 folded before Flop (didn't bet)
Seat 2: b69a282 (button) folded before Flop (didn't bet)
Seat 3: c7d3bde1 (small blind) folded before Flop
Seat 4: Hero (big blind) collected ($0.04)
Seat 6: 5444c151 folded before Flop (didn't bet)


Poker Hand #HD1176548333: Hold'em No Limit  ($0.02/$0.05) - 2023/03/26 12:17:54
Table 'NLHBlue70' 6-max Seat #1 is the button
Seat 1: cceca890 ($6.44 in chips)
Seat 2: b69a282 ($5.12 in chips)
Seat 3: c7d3bde1 ($5.03 in chips)
Seat 4: Hero ($6.36 in chips)
Seat 6: 5444c151 ($5.09 in chips)
b69a282: posts small blind $0.02
c7d3bde1: posts big blind $0.05
*** HOLE CARDS ***
Dealt to cceca890 
Dealt to b69a282 
Dealt to c7d3bde1 
Dealt to Hero [Js 5h]
Dealt to 5444c151 
Hero: folds
5444c151: folds
cceca890: raises $0.1 to $0.15
b69a282: folds
c7d3bde1: folds
Uncalled bet ($0.1) returned to cceca890
*** SHOWDOWN ***
cceca890 collected $0.12 from pot
*** SUMMARY ***
Total pot $0.12 | Rake $0 | Jackpot $0 | Bingo $0 | Fortune $0
Seat 1: cceca890 (button) collected ($0.12)
Seat 2: b69a282 (small blind) folded before Flop
Seat 3: c7d3bde1 (big blind) folded before Flop
Seat 4: Hero folded before Flop (didn't bet)
Seat 6: 5444c151 folded before Flop (didn't bet)


Poker Hand #HD1176548308: Hold'em No Limit  ($0.02/$0.05) - 2023/03/26 12:17:42
Table 'NLHBlue70' 6-max Seat #6 is the button
Seat 1: cceca890 ($6.46 in chips)
Seat 2: b69a282 ($5.1 in chips)
Seat 3: c7d3bde1 ($5.03 in chips)
Seat 4: Hero ($6.36 in chips)
Seat 6: 5444c151 ($5.09 in chips)
cceca890: posts small blind $0.02
b69a282: posts big blind $0.05
*** HOLE CARDS ***
Dealt to cceca890 
Dealt to b69a282 
Dealt to c7d3bde1 
Dealt to Hero [8h 6c]
Dealt to 5444c151 
c7d3bde1: folds
Hero: folds
5444c151: folds
cceca890: folds
Uncalled bet ($0.03) returned to b69a282
*** SHOWDOWN ***
b69a282 collected $0.04 from pot
*** SUMMARY ***
Total pot $0.04 | Rake $0 | Jackpot $0 | Bingo $0 | Fortune $0
Seat 1: cceca890 (small blind) folded before Flop
Seat 2: b69a282 (big blind) collected ($0.04)
Seat 3: c7d3bde1 folded before Flop (didn't bet)
Seat 4: Hero folded before Flop (didn't bet)
Seat 6: 5444c151 (button) folded before Flop (didn't bet)


Poker Hand #HD1176548278: Hold'em No Limit  ($0.02/$0.05) - 2023/03/26 12:17:25
Table 'NLHBlue70' 6-max Seat #4 is the button
Seat 1: cceca890 ($6.44 in chips)
Seat 2: b69a282 ($5.1 in chips)
Seat 3: c7d3bde1 ($5.03 in chips)
Seat 4: Hero ($6.36 in chips)
Seat 6: 5444c151 ($5.11 in chips)
5444c151: posts small blind $0.02
cceca890: posts big blind $0.05
*** HOLE CARDS ***
Dealt to cceca890 
Dealt to b69a282 
Dealt to c7d3bde1 
Dealt to Hero [4c 7h]
Dealt to 5444c151 
b69a282: folds
c7d3bde1: folds
Hero: folds
5444c151: folds
Uncalled bet ($0.03) returned to cceca890
*** SHOWDOWN ***
cceca890 collected $0.04 from pot
*** SUMMARY ***
Total pot $0.04 | Rake $0 | Jackpot $0 | Bingo $0 | Fortune $0
Seat 1: cceca890 (big blind) collected ($0.04)
Seat 2: b69a282 folded before Flop (didn't bet)
Seat 3: c7d3bde1 folded before Flop (didn't bet)
Seat 4: Hero (button) folded before Flop (didn't bet)
Seat 6: 5444c151 (small blind) folded before Flop


Poker Hand #HD1176548256: Hold'em No Limit  ($0.02/$0.05) - 2023/03/26 12:17:12
Table 'NLHBlue70' 6-max Seat #3 is the button
Seat 1: cceca890 ($6.44 in chips)
Seat 2: b69a282 ($5.1 in chips)
Seat 3: c7d3bde1 ($5.03 in chips)
Seat 4: Hero ($6.31 in chips)
Seat 6: 5444c151 ($5.16 in chips)
Hero: posts small blind $0.02
5444c151: posts big blind $0.05
*** HOLE CARDS ***
Dealt to cceca890 
Dealt to b69a282 
Dealt to c7d3bde1 
Dealt to Hero [Qh As]
Dealt to 5444c151 
cceca890: folds
b69a282: folds
c7d3bde1: folds
Hero: raises $0.09 to $0.14
5444c151: folds
Uncalled bet ($0.09) returned to Hero
*** SHOWDOWN ***
Hero collected $0.1 from pot
*** SUMMARY ***
Total pot $0.1 | Rake $0 | Jackpot $0 | Bingo $0 | Fortune $0
Seat 1: cceca890 folded before Flop (didn't bet)
Seat 2: b69a282 folded before Flop (didn't bet)
Seat 3: c7d3bde1 (button) folded before Flop (didn't bet)
Seat 4: Hero (small blind) collected ($0.1)
Seat 6: 5444c151 (big blind) folded before Flop


Poker Hand #HD1176548225: Hold'em No Limit  ($0.02/$0.05) - 2023/03/26 12:16:56
Table 'NLHBlue70' 6-max Seat #2 is the button
Seat 1: cceca890 ($6.44 in chips)
Seat 2: b69a282 ($5.1 in chips)
Seat 3: c7d3bde1 ($5.05 in chips)
Seat 4: Hero ($6.29 in chips)
Seat 6: 5444c151 ($5.16 in chips)
c7d3bde1: posts small blind $0.02
Hero: posts big blind $0.05
*** HOLE CARDS ***
Dealt to cceca890 
Dealt to b69a282 
Dealt to c7d3bde1 
Dealt to Hero [Ts 9d]
Dealt to 5444c151 
5444c151: folds
cceca890: folds
b69a282: folds
c7d3bde1: folds
Uncalled bet ($0.03) returned to Hero
*** SHOWDOWN ***
Hero collected $0.04 from pot
*** SUMMARY ***
Total pot $0.04 | Rake $0 | Jackpot $0 | Bingo $0 | Fortune $0
Seat 1: cceca890 folded before Flop (didn't bet)
Seat 2: b69a282 (button) folded before Flop (didn't bet)
Seat 3: c7d3bde1 (small blind) folded before Flop
Seat 4: Hero (big blind) collected ($0.04)
Seat 6: 5444c151 folded before Flop (didn't bet)


Poker Hand #HD1176548191: Hold'em No Limit  ($0.02/$0.05) - 2023/03/26 12:16:36
Table 'NLHBlue70' 6-max Seat #1 is the button
Seat 1: cceca890 ($6.44 in chips)
Seat 2: b69a282 ($5.05 in chips)
Seat 3: c7d3bde1 ($5.1 in chips)
Seat 4: Hero ($6.29 in chips)
Seat 6: 5444c151 ($5.16 in chips)
b69a282: posts small blind $0.02
c7d3bde1: posts big blind $0.05
*** HOLE CARDS ***
Dealt to cceca890 
Dealt to b69a282 
Dealt to c7d3bde1 
Dealt to Hero [7d 9d]
Dealt to 5444c151 
Hero: folds
5444c151: folds
cceca890: folds
b69a282: raises $0.1 to $0.15
c7d3bde1: folds
Uncalled bet ($0.1) returned to b69a282
*** SHOWDOWN ***
b69a282 collected $0.1 from pot
*** SUMMARY ***
Total pot $0.1 | Rake $0 | Jackpot $0 | Bingo $0 | Fortune $0
Seat 1: cceca890 (button) folded before Flop (didn't bet)
Seat 2: b69a282 (small blind) collected ($0.1)
Seat 3: c7d3bde1 (big blind) folded before Flop
Seat 4: Hero folded before Flop (didn't bet)
Seat 6: 5444c151 folded before Flop (didn't bet)


Poker Hand #HD1176548140: Hold'em No Limit  ($0.02/$0.05) - 2023/03/26 12:16:14
Table 'NLHBlue70' 6-max Seat #6 is the button
Seat 1: cceca890 ($6.46 in chips)
Seat 2: b69a282 ($5 in chips)
Seat 3: c7d3bde1 ($5.1 in chips)
Seat 4: Hero ($6.22 in chips)
Seat 6: 5444c151 ($5.16 in chips)
cceca890: posts small blind $0.02
b69a282: posts big blind $0.05
*** HOLE CARDS ***
Dealt to cceca890 
Dealt to b69a282 
Dealt to c7d3bde1 
Dealt to Hero [3d 3s]
Dealt to 5444c151 
c7d3bde1: folds
Hero: raises $0.07 to $0.12
5444c151: folds
cceca890: folds
b69a282: folds
Uncalled bet ($0.07) returned to Hero
*** SHOWDOWN ***
Hero collected $0.12 from pot
*** SUMMARY ***
Total pot $0.12 | Rake $0 | Jackpot $0 | Bingo $0 | Fortune $0
Seat 1: cceca890 (small blind) folded before Flop
Seat 2: b69a282 (big blind) folded before Flop
Seat 3: c7d3bde1 folded before Flop (didn't bet)
Seat 4: Hero collected ($0.12)
Seat 6: 5444c151 (button) folded before Flop (didn't bet)


Poker Hand #HD1176548093: Hold'em No Limit  ($0.02/$0.05) - 2023/03/26 12:15:52
Table 'NLHBlue70' 6-max Seat #4 is the button
Seat 1: cceca890 ($6.51 in chips)
Seat 2: b69a282 ($5 in chips)
Seat 3: c7d3bde1 ($5.1 in chips)
Seat 4: Hero ($6.34 in chips)
Seat 6: 5444c151 ($5 in chips)
5444c151: posts small blind $0.02
cceca890: posts big blind $0.05
*** HOLE CARDS ***
Dealt to cceca890 
Dealt to b69a282 
Dealt to c7d3bde1 
Dealt to Hero [8h 7h]
Dealt to 5444c151 
b69a282: folds
c7d3bde1: folds
Hero: raises $0.07 to $0.12
5444c151: raises $0.43 to $0.55
cceca890: folds
Hero: folds
Uncalled bet ($0.43) returned to 5444c151
*** SHOWDOWN ***
5444c151 collected $0.28 from pot
*** SUMMARY ***
Total pot $0.29 | Rake $0.01 | Jackpot $0 | Bingo $0 | Fortune $0
Seat 1: cceca890 (big blind) folded before Flop
Seat 2: b69a282 folded before Flop (didn't bet)
Seat 3: c7d3bde1 folded before Flop (didn't bet)
Seat 4: Hero (button) folded before Flop
Seat 6: 5444c151 (small blind) collected ($0.28)


Poker Hand #HD1176548018: Hold'em No Limit  ($0.02/$0.05) - 2023/03/26 12:15:11
Table 'NLHBlue70' 6-max Seat #3 is the button
Seat 1: cceca890 ($6.51 in chips)
Seat 2: b69a282 ($5.09 in chips)
Seat 3: c7d3bde1 ($5.1 in chips)
Seat 4: Hero ($6.17 in chips)
Seat 6: 5444c151 ($5 in chips)
Hero: posts small blind $0.02
5444c151: posts big blind $0.05
*** HOLE CARDS ***
Dealt to cceca890 
Dealt to b69a282 
Dealt to c7d3bde1 
Dealt to Hero [Ac Jc]
Dealt to 5444c151 
cceca890: folds
b69a282: raises $0.08 to $0.13
c7d3bde1: folds
Hero: raises $0.47 to $0.6
5444c151: folds
b69a282: folds
Uncalled bet ($0.47) returned to Hero
*** SHOWDOWN ***
Hero collected $0.3 from pot
*** SUMMARY ***
Total pot $0.31 | Rake $0.01 | Jackpot $0 | Bingo $0 | Fortune $0
Seat 1: cceca890 folded before Flop (didn't bet)
Seat 2: b69a282 folded before Flop
Seat 3: c7d3bde1 (button) folded before Flop (didn't bet)
Seat 4: Hero (small blind) collected ($0.3)
Seat 6: 5444c151 (big blind) folded before Flop


Poker Hand #HD1176547985: Hold'em No Limit  ($0.02/$0.05) - 2023/03/26 12:14:53
Table 'NLHBlue70' 6-max Seat #2 is the button
Seat 1: cceca890 ($6.51 in chips)
Seat 2: b69a282 ($5.09 in chips)
Seat 3: c7d3bde1 ($5.05 in chips)
Seat 4: Hero ($6.22 in chips)
c7d3bde1: posts small blind $0.02
Hero: posts big blind $0.05
*** HOLE CARDS ***
Dealt to cceca890 
Dealt to b69a282 
Dealt to c7d3bde1 
Dealt to Hero [9c 4s]
cceca890: folds
b69a282: folds
c7d3bde1: raises $0.08 to $0.13
Hero: folds
Uncalled bet ($0.08) returned to c7d3bde1
*** SHOWDOWN ***
c7d3bde1 collected $0.1 from pot
*** SUMMARY ***
Total pot $0.1 | Rake $0 | Jackpot $0 | Bingo $0 | Fortune $0
Seat 1: cceca890 folded before Flop (didn't bet)
Seat 2: b69a282 (button) folded before Flop (didn't bet)
Seat 3: c7d3bde1 (small blind) collected ($0.1)
Seat 4: Hero (big blind) folded before Flop


Poker Hand #HD1176547948: Hold'em No Limit  ($0.02/$0.05) - 2023/03/26 12:14:34
Table 'NLHBlue70' 6-max Seat #1 is the button
Seat 1: cceca890 ($6.51 in chips)
Seat 2: b69a282 ($5.04 in chips)
Seat 3: c7d3bde1 ($5.1 in chips)
Seat 4: Hero ($6.22 in chips)
b69a282: posts small blind $0.02
c7d3bde1: posts big blind $0.05
*** HOLE CARDS ***
Dealt to cceca890 
Dealt to b69a282 
Dealt to c7d3bde1 
Dealt to Hero [Jh 2c]
Hero: folds
cceca890: folds
b69a282: raises $0.1 to $0.15
c7d3bde1: folds
Uncalled bet ($0.1) returned to b69a282
*** SHOWDOWN ***
b69a282 collected $0.1 from pot
*** SUMMARY ***
Total pot $0.1 | Rake $0 | Jackpot $0 | Bingo $0 | Fortune $0
Seat 1: cceca890 (button) folded before Flop (didn't bet)
Seat 2: b69a282 (small blind) collected ($0.1)
Seat 3: c7d3bde1 (big blind) folded before Flop
Seat 4: Hero folded before Flop (didn't bet)


Poker Hand #HD1176547932: Hold'em No Limit  ($0.02/$0.05) - 2023/03/26 12:14:26
Table 'NLHBlue70' 6-max Seat #4 is the button
Seat 1: cceca890 ($6.53 in chips)
Seat 2: b69a282 ($5.02 in chips)
Seat 3: c7d3bde1 ($5.1 in chips)
Seat 4: Hero ($6.22 in chips)
cceca890: posts small blind $0.02
b69a282: posts big blind $0.05
*** HOLE CARDS ***
Dealt to cceca890 
Dealt to b69a282 
Dealt to c7d3bde1 
Dealt to Hero [6d 5c]
c7d3bde1: folds
Hero: folds
cceca890: folds
Uncalled bet ($0.03) returned to b69a282
*** SHOWDOWN ***
b69a282 collected $0.04 from pot
*** SUMMARY ***
Total pot $0.04 | Rake $0 | Jackpot $0 | Bingo $0 | Fortune $0
Seat 1: cceca890 (small blind) folded before Flop
Seat 2: b69a282 (big blind) collected ($0.04)
Seat 3: c7d3bde1 folded before Flop (didn't bet)
Seat 4: Hero (button) folded before Flop (didn't bet)


Poker Hand #HD1176547818: Hold'em No Limit  ($0.02/$0.05) - 2023/03/26 12:13:25
Table 'NLHBlue70' 6-max Seat #3 is the button
Seat 1: cceca890 ($5.74 in chips)
Seat 2: b69a282 ($5.93 in chips)
Seat 3: c7d3bde1 ($5.1 in chips)
Seat 4: Hero ($6.24 in chips)
Hero: posts small blind $0.02
cceca890: posts big blind $0.05
*** HOLE CARDS ***
Dealt to cceca890 
Dealt to b69a282 
Dealt to c7d3bde1 
Dealt to Hero [3s 8s]
b69a282: raises $0.08 to $0.13
c7d3bde1: folds
Hero: folds
cceca890: raises $0.32 to $0.45
b69a282: calls $0.32
*** FLOP *** [Kc 7d Tc]
cceca890: bets $0.46
b69a282: calls $0.46
*** TURN *** [Kc 7d Tc] [Qs]
cceca890: checks
b69a282: checks
*** RIVER *** [Kc 7d Tc Qs] [Jh]
cceca890: checks
b69a282: checks
cceca890: shows [9s 9c] (Kings-High Straight)
b69a282: shows [8d Td] (Pair of Tens)
*** SHOWDOWN ***
cceca890 collected $1.7 from pot
*** SUMMARY ***
Total pot $1.84 | Rake $0.09 | Jackpot $0.05 | Bingo $0 | Fortune $0
Board [Kc 7d Tc Qs Jh]
Seat 1: cceca890 (big blind) showed [9s 9c] and won ($1.7) with Kings-High Straight
Seat 2: b69a282 showed [8d Td] and lost with Pair of Tens
Seat 3: c7d3bde1 (button) folded before Flop (didn't bet)
Seat 4: Hero (small blind) folded before Flop


Poker Hand #HD1176547801: Hold'em No Limit  ($0.02/$0.05) - 2023/03/26 12:13:17
Table 'NLHBlue70' 6-max Seat #2 is the button
Seat 1: cceca890 ($5.74 in chips)
Seat 2: b69a282 ($5.93 in chips)
Seat 3: c7d3bde1 ($5.05 in chips)
Seat 4: Hero ($6.29 in chips)
c7d3bde1: posts small blind $0.02
Hero: posts big blind $0.05
*** HOLE CARDS ***
Dealt to cceca890 
Dealt to b69a282 
Dealt to c7d3bde1 
Dealt to Hero [7c 3s]
cceca890: folds
b69a282: folds
c7d3bde1: raises $0.08 to $0.13
Hero: folds
Uncalled bet ($0.08) returned to c7d3bde1
*** SHOWDOWN ***
c7d3bde1 collected $0.1 from pot
*** SUMMARY ***
Total pot $0.1 | Rake $0 | Jackpot $0 | Bingo $0 | Fortune $0
Seat 1: cceca890 folded before Flop (didn't bet)
Seat 2: b69a282 (button) folded before Flop (didn't bet)
Seat 3: c7d3bde1 (small blind) collected ($0.1)
Seat 4: Hero (big blind) folded before Flop


Poker Hand #HD1176547781: Hold'em No Limit  ($0.02/$0.05) - 2023/03/26 12:13:06
Table 'NLHBlue70' 6-max Seat #1 is the button
Seat 1: cceca890 ($5.67 in chips)
Seat 2: b69a282 ($5.95 in chips)
Seat 3: c7d3bde1 ($5.1 in chips)
Seat 4: Hero ($6.29 in chips)
b69a282: posts small blind $0.02
c7d3bde1: posts big blind $0.05
*** HOLE CARDS ***
Dealt to cceca890 
Dealt to b69a282 
Dealt to c7d3bde1 
Dealt to Hero [4s 7c]
Hero: folds
cceca890: raises $0.1 to $0.15
b69a282: folds
c7d3bde1: folds
Uncalled bet ($0.1) returned to cceca890
*** SHOWDOWN ***
cceca890 collected $0.12 from pot
*** SUMMARY ***
Total pot $0.12 | Rake $0 | Jackpot $0 | Bingo $0 | Fortune $0
Seat 1: cceca890 (button) collected ($0.12)
Seat 2: b69a282 (small blind) folded before Flop
Seat 3: c7d3bde1 (big blind) folded before Flop
Seat 4: Hero folded before Flop (didn't bet)


Poker Hand #HD1176547765: Hold'em No Limit  ($0.02/$0.05) - 2023/03/26 12:12:57
Table 'NLHBlue70' 6-max Seat #4 is the button
Seat 1: cceca890 ($5.69 in chips)
Seat 2: b69a282 ($5.93 in chips)
Seat 3: c7d3bde1 ($5.1 in chips)
Seat 4: Hero ($6.29 in chips)
cceca890: posts small blind $0.02
b69a282: posts big blind $0.05
*** HOLE CARDS ***
Dealt to cceca890 
Dealt to b69a282 
Dealt to c7d3bde1 
Dealt to Hero [2c Kh]
c7d3bde1: folds
Hero: folds
cceca890: folds
Uncalled bet ($0.03) returned to b69a282
*** SHOWDOWN ***
b69a282 collected $0.04 from pot
*** SUMMARY ***
Total pot $0.04 | Rake $0 | Jackpot $0 | Bingo $0 | Fortune $0
Seat 1: cceca890 (small blind) folded before Flop
Seat 2: b69a282 (big blind) collected ($0.04)
Seat 3: c7d3bde1 folded before Flop (didn't bet)
Seat 4: Hero (button) folded before Flop (didn't bet)


Poker Hand #HD1176547737: Hold'em No Limit  ($0.02/$0.05) - 2023/03/26 12:12:44
Table 'NLHBlue70' 6-max Seat #3 is the button
Seat 1: cceca890 ($5.67 in chips)
Seat 2: b69a282 ($5.93 in chips)
Seat 3: c7d3bde1 ($5.1 in chips)
Seat 4: Hero ($6.31 in chips)
Hero: posts small blind $0.02
cceca890: posts big blind $0.05
*** HOLE CARDS ***
Dealt to cceca890 
Dealt to b69a282 
Dealt to c7d3bde1 
Dealt to Hero [7d Kh]
b69a282: folds
c7d3bde1: folds
Hero: folds
Uncalled bet ($0.03) returned to cceca890
*** SHOWDOWN ***
cceca890 collected $0.04 from pot
*** SUMMARY ***
Total pot $0.04 | Rake $0 | Jackpot $0 | Bingo $0 | Fortune $0
Seat 1: cceca890 (big blind) collected ($0.04)
Seat 2: b69a282 folded before Flop (didn't bet)
Seat 3: c7d3bde1 (button) folded before Flop (didn't bet)
Seat 4: Hero (small blind) folded before Flop


Poker Hand #HD1176547712: Hold'em No Limit  ($0.02/$0.05) - 2023/03/26 12:12:34
Table 'NLHBlue70' 6-max Seat #2 is the button
Seat 1: cceca890 ($5.67 in chips)
Seat 2: b69a282 ($5.93 in chips)
Seat 3: c7d3bde1 ($5.12 in chips)
Seat 4: Hero ($6.29 in chips)
c7d3bde1: posts small blind $0.02
Hero: posts big blind $0.05
*** HOLE CARDS ***
Dealt to cceca890 
Dealt to b69a282 
Dealt to c7d3bde1 
Dealt to Hero [9c 5d]
cceca890: folds
b69a282: folds
c7d3bde1: folds
Uncalled bet ($0.03) returned to Hero
*** SHOWDOWN ***
Hero collected $0.04 from pot
*** SUMMARY ***
Total pot $0.04 | Rake $0 | Jackpot $0 | Bingo $0 | Fortune $0
Seat 1: cceca890 folded before Flop (didn't bet)
Seat 2: b69a282 (button) folded before Flop (didn't bet)
Seat 3: c7d3bde1 (small blind) folded before Flop
Seat 4: Hero (big blind) collected ($0.04)


Poker Hand #HD1176547671: Hold'em No Limit  ($0.02/$0.05) - 2023/03/26 12:12:11
Table 'NLHBlue70' 6-max Seat #1 is the button
Seat 1: cceca890 ($5.97 in chips)
Seat 2: b69a282 ($5.95 in chips)
Seat 3: c7d3bde1 ($5.17 in chips)
Seat 4: Hero ($5.95 in chips)
b69a282: posts small blind $0.02
c7d3bde1: posts big blind $0.05
*** HOLE CARDS ***
Dealt to cceca890 
Dealt to b69a282 
Dealt to c7d3bde1 
Dealt to Hero [Kd Kc]
Hero: raises $0.07 to $0.12
cceca890: calls $0.12
b69a282: folds
c7d3bde1: folds
*** FLOP *** [9c 3d 6d]
Hero: bets $0.18
cceca890: calls $0.18
*** TURN *** [9c 3d 6d] [Jh]
Hero: bets $0.51
cceca890: folds
Uncalled bet ($0.51) returned to Hero
*** SHOWDOWN ***
Hero collected $0.64 from pot
*** SUMMARY ***
Total pot $0.67 | Rake $0.03 | Jackpot $0 | Bingo $0 | Fortune $0
Board [9c 3d 6d Jh]
Seat 1: cceca890 (button) folded on the Turn
Seat 2: b69a282 (small blind) folded before Flop
Seat 3: c7d3bde1 (big blind) folded before Flop
Seat 4: Hero won ($0.64)


Poker Hand #HD1176547602: Hold'em No Limit  ($0.02/$0.05) - 2023/03/26 12:11:37
Table 'NLHBlue70' 6-max Seat #4 is the button
Seat 1: cceca890 ($5.99 in chips)
Seat 2: b69a282 ($5.82 in chips)
Seat 3: c7d3bde1 ($5.17 in chips)
Seat 4: Hero ($6.07 in chips)
cceca890: posts small blind $0.02
b69a282: posts big blind $0.05
*** HOLE CARDS ***
Dealt to cceca890 
Dealt to b69a282 
Dealt to c7d3bde1 
Dealt to Hero [7s 7d]
c7d3bde1: folds
Hero: raises $0.07 to $0.12
cceca890: folds
b69a282: raises $0.38 to $0.5
Hero: folds
Uncalled bet ($0.38) returned to b69a282
*** SHOWDOWN ***
b69a282 collected $0.25 from pot
*** SUMMARY ***
Total pot $0.26 | Rake $0.01 | Jackpot $0 | Bingo $0 | Fortune $0
Seat 1: cceca890 (small blind) folded before Flop
Seat 2: b69a282 (big blind) collected ($0.25)
Seat 3: c7d3bde1 folded before Flop (didn't bet)
Seat 4: Hero (button) folded before Flop


Poker Hand #HD1176547584: Hold'em No Limit  ($0.02/$0.05) - 2023/03/26 12:11:28
Table 'NLHBlue70' 6-max Seat #3 is the button
Seat 1: cceca890 ($6.04 in chips)
Seat 2: b69a282 ($5.75 in chips)
Seat 3: c7d3bde1 ($5.17 in chips)
Seat 4: Hero ($6.09 in chips)
Hero: posts small blind $0.02
cceca890: posts big blind $0.05
*** HOLE CARDS ***
Dealt to cceca890 
Dealt to b69a282 
Dealt to c7d3bde1 
Dealt to Hero [8s Kc]
b69a282: raises $0.08 to $0.13
c7d3bde1: folds
Hero: folds
cceca890: folds
Uncalled bet ($0.08) returned to b69a282
*** SHOWDOWN ***
b69a282 collected $0.12 from pot
*** SUMMARY ***
Total pot $0.12 | Rake $0 | Jackpot $0 | Bingo $0 | Fortune $0
Seat 1: cceca890 (big blind) folded before Flop
Seat 2: b69a282 collected ($0.12)
Seat 3: c7d3bde1 (button) folded before Flop (didn't bet)
Seat 4: Hero (small blind) folded before Flop


Poker Hand #HD1176547565: Hold'em No Limit  ($0.02/$0.05) - 2023/03/26 12:11:17
Table 'NLHBlue70' 6-max Seat #2 is the button
Seat 1: cceca890 ($5.97 in chips)
Seat 2: b69a282 ($5.75 in chips)
Seat 3: c7d3bde1 ($5.19 in chips)
Seat 4: Hero ($6.14 in chips)
c7d3bde1: posts small blind $0.02
Hero: posts big blind $0.05
*** HOLE CARDS ***
Dealt to cceca890 
Dealt to b69a282 
Dealt to c7d3bde1 
Dealt to Hero [2d Jc]
cceca890: raises $0.1 to $0.15
b69a282: folds
c7d3bde1: folds
Hero: folds
Uncalled bet ($0.1) returned to cceca890
*** SHOWDOWN ***
cceca890 collected $0.12 from pot
*** SUMMARY ***
Total pot $0.12 | Rake $0 | Jackpot $0 | Bingo $0 | Fortune $0
Seat 1: cceca890 collected ($0.12)
Seat 2: b69a282 (button) folded before Flop (didn't bet)
Seat 3: c7d3bde1 (small blind) folded before Flop
Seat 4: Hero (big blind) folded before Flop


Poker Hand #HD1176547539: Hold'em No Limit  ($0.02/$0.05) - 2023/03/26 12:11:03
Table 'NLHBlue70' 6-max Seat #1 is the button
Seat 1: cceca890 ($5.97 in chips)
Seat 2: b69a282 ($5.77 in chips)
Seat 3: c7d3bde1 ($5.17 in chips)
Seat 4: Hero ($6.14 in chips)
b69a282: posts small blind $0.02
c7d3bde1: posts big blind $0.05
*** HOLE CARDS ***
Dealt to cceca890 
Dealt to b69a282 
Dealt to c7d3bde1 
Dealt to Hero [2c Jh]
Hero: folds
cceca890: folds
b69a282: folds
Uncalled bet ($0.03) returned to c7d3bde1
*** SHOWDOWN ***
c7d3bde1 collected $0.04 from pot
*** SUMMARY ***
Total pot $0.04 | Rake $0 | Jackpot $0 | Bingo $0 | Fortune $0
Seat 1: cceca890 (button) folded before Flop (didn't bet)
Seat 2: b69a282 (small blind) folded before Flop
Seat 3: c7d3bde1 (big blind) collected ($0.04)
Seat 4: Hero folded before Flop (didn't bet)


Poker Hand #HD1176547462: Hold'em No Limit  ($0.02/$0.05) - 2023/03/26 12:10:24
Table 'NLHBlue70' 6-max Seat #4 is the button
Seat 1: cceca890 ($6.1 in chips)
Seat 2: b69a282 ($5.82 in chips)
Seat 3: c7d3bde1 ($5 in chips)
Seat 4: Hero ($6.14 in chips)
cceca890: posts small blind $0.02
b69a282: posts big blind $0.05
*** HOLE CARDS ***
Dealt to cceca890 
Dealt to b69a282 
Dealt to c7d3bde1 
Dealt to Hero [Jd 9s]
c7d3bde1: raises $0.08 to $0.13
Hero: folds
cceca890: calls $0.11
b69a282: folds
*** FLOP *** [8d 9c 5s]
cceca890: checks
c7d3bde1: checks
*** TURN *** [8d 9c 5s] [8c]
cceca890: checks
c7d3bde1: checks
*** RIVER *** [8d 9c 5s 8c] [4c]
cceca890: checks
c7d3bde1: checks
cceca890: shows [Jc Qs] (Pair of Eights)
c7d3bde1: shows [Js Kh] (Pair of Eights)
*** SHOWDOWN ***
c7d3bde1 collected $0.3 from pot
*** SUMMARY ***
Total pot $0.31 | Rake $0.01 | Jackpot $0 | Bingo $0 | Fortune $0
Board [8d 9c 5s 8c 4c]
Seat 1: cceca890 (small blind) showed [Jc Qs] and lost with Pair of Eights
Seat 2: b69a282 (big blind) folded before Flop
Seat 3: c7d3bde1 showed [Js Kh] and won ($0.3) with Pair of Eights
Seat 4: Hero (button) folded before Flop (didn't bet)


Poker Hand #HD1176547444: Hold'em No Limit  ($0.02/$0.05) - 2023/03/26 12:10:14
Table 'NLHBlue70' 6-max Seat #3 is the button
Seat 1: cceca890 ($6.15 in chips)
Seat 2: b69a282 ($5.75 in chips)
Seat 3: c7d3bde1 ($5 in chips)
Seat 4: Hero ($6.16 in chips)
Hero: posts small blind $0.02
cceca890: posts big blind $0.05
*** HOLE CARDS ***
Dealt to cceca890 
Dealt to b69a282 
Dealt to c7d3bde1 
Dealt to Hero [9d 5s]
b69a282: raises $0.08 to $0.13
c7d3bde1: folds
Hero: folds
cceca890: folds
Uncalled bet ($0.08) returned to b69a282
*** SHOWDOWN ***
b69a282 collected $0.12 from pot
*** SUMMARY ***
Total pot $0.12 | Rake $0 | Jackpot $0 | Bingo $0 | Fortune $0
Seat 1: cceca890 (big blind) folded before Flop
Seat 2: b69a282 collected ($0.12)
Seat 3: c7d3bde1 (button) folded before Flop (didn't bet)
Seat 4: Hero (small blind) folded before Flop


Poker Hand #HD1176547397: Hold'em No Limit  ($0.02/$0.05) - 2023/03/26 12:09:48
Table 'NLHBlue70' 6-max Seat #2 is the button
Seat 1: cceca890 ($6.15 in chips)
Seat 2: b69a282 ($5.88 in chips)
Seat 3: c7d3bde1 ($5 in chips)
Seat 4: Hero ($6.02 in chips)
c7d3bde1: posts small blind $0.02
Hero: posts big blind $0.05
*** HOLE CARDS ***
Dealt to cceca890 
Dealt to b69a282 
Dealt to c7d3bde1 
Dealt to Hero [Kd Ad]
cceca890: folds
b69a282: raises $0.08 to $0.13
c7d3bde1: folds
Hero: raises $0.42 to $0.55
b69a282: folds
Uncalled bet ($0.42) returned to Hero
*** SHOWDOWN ***
Hero collected $0.27 from pot
*** SUMMARY ***
Total pot $0.28 | Rake $0.01 | Jackpot $0 | Bingo $0 | Fortune $0
Seat 1: cceca890 folded before Flop (didn't bet)
Seat 2: b69a282 (button) folded before Flop
Seat 3: c7d3bde1 (small blind) folded before Flop
Seat 4: Hero (big blind) collected ($0.27)


Poker Hand #HD1176547379: Hold'em No Limit  ($0.02/$0.05) - 2023/03/26 12:09:37
Table 'NLHBlue70' 6-max Seat #1 is the button
Seat 1: cceca890 ($6.08 in chips)
Seat 2: b69a282 ($5.9 in chips)
Seat 3: c7d3bde1 ($5 in chips)
Seat 4: Hero ($6.02 in chips)
b69a282: posts small blind $0.02
c7d3bde1: posts big blind $0.05
*** HOLE CARDS ***
Dealt to cceca890 
Dealt to b69a282 
Dealt to c7d3bde1 
Dealt to Hero [9s 3s]
Hero: folds
cceca890: raises $0.1 to $0.15
b69a282: folds
c7d3bde1: folds
Uncalled bet ($0.1) returned to cceca890
*** SHOWDOWN ***
cceca890 collected $0.12 from pot
*** SUMMARY ***
Total pot $0.12 | Rake $0 | Jackpot $0 | Bingo $0 | Fortune $0
Seat 1: cceca890 (button) collected ($0.12)
Seat 2: b69a282 (small blind) folded before Flop
Seat 3: c7d3bde1 (big blind) folded before Flop
Seat 4: Hero folded before Flop (didn't bet)


Poker Hand #HD1176547304: Hold'em No Limit  ($0.02/$0.05) - 2023/03/26 12:09:01
Table 'NLHBlue70' 6-max Seat #5 is the button
Seat 1: cceca890 ($6.1 in chips)
Seat 2: b69a282 ($5 in chips)
Seat 4: Hero ($6.02 in chips)
Seat 5: cac7ecdf ($1.03 in chips)
cceca890: posts small blind $0.02
b69a282: posts big blind $0.05
*** HOLE CARDS ***
Dealt to cceca890 
Dealt to b69a282 
Dealt to Hero [3s 7d]
Dealt to cac7ecdf 
Hero: folds
cac7ecdf: raises $0.1 to $0.15
cceca890: folds
b69a282: calls $0.1
*** FLOP *** [5c 8s Kc]
b69a282: checks
cac7ecdf: bets $0.16
b69a282: calls $0.16
*** TURN *** [5c 8s Kc] [Ad]
b69a282: checks
cac7ecdf: bets $0.72 and is all-in
b69a282: calls $0.72
cac7ecdf: shows [9c 8d] (Pair of Eights)
b69a282: shows [9s Ks] (Pair of Kings)
*** RIVER *** [5c 8s Kc Ad] [As]
*** SHOWDOWN ***
b69a282 collected $1.93 from pot
*** SUMMARY ***
Total pot $2.08 | Rake $0.1 | Jackpot $0.05 | Bingo $0 | Fortune $0
Board [5c 8s Kc Ad As]
Seat 1: cceca890 (small blind) folded before Flop
Seat 2: b69a282 (big blind) showed [9s Ks] and won ($1.93) with Pair of Aces and Pair of Kings
Seat 4: Hero folded before Flop (didn't bet)
Seat 5: cac7ecdf (button) showed [9c 8d] and lost with Pair of Aces and Pair of Eights


Poker Hand #HD1176547271: Hold'em No Limit  ($0.02/$0.05) - 2023/03/26 12:08:43
Table 'NLHBlue70' 6-max Seat #4 is the button
Seat 1: cceca890 ($6.15 in chips)
Seat 2: b69a282 ($5.29 in chips)
Seat 4: Hero ($5.66 in chips)
Seat 5: cac7ecdf ($1.05 in chips)
cac7ecdf: posts small blind $0.02
cceca890: posts big blind $0.05
*** HOLE CARDS ***
Dealt to cceca890 
Dealt to b69a282 
Dealt to Hero [Qs Qd]
Dealt to cac7ecdf 
b69a282: raises $0.08 to $0.13
Hero: raises $0.19 to $0.32
cac7ecdf: folds
cceca890: folds
b69a282: calls $0.19
*** FLOP *** [Jd 8d Jh]
b69a282: checks
Hero: bets $0.24
b69a282: folds
Uncalled bet ($0.24) returned to Hero
*** SHOWDOWN ***
Hero collected $0.68 from pot
*** SUMMARY ***
Total pot $0.71 | Rake $0.03 | Jackpot $0 | Bingo $0 | Fortune $0
Board [Jd 8d Jh]
Seat 1: cceca890 (big blind) folded before Flop
Seat 2: b69a282 folded on the Flop
Seat 4: Hero (button) won ($0.68)
Seat 5: cac7ecdf (small blind) folded before Flop


Poker Hand #HD1176547240: Hold'em No Limit  ($0.02/$0.05) - 2023/03/26 12:08:25
Table 'NLHBlue70' 6-max Seat #2 is the button
Seat 1: cceca890 ($6.15 in chips)
Seat 2: b69a282 ($5.29 in chips)
Seat 4: Hero ($5.78 in chips)
Seat 5: cac7ecdf ($0.94 in chips)
Seat 6: 5444c151 ($5 in chips)
Hero: posts small blind $0.02
cac7ecdf: posts big blind $0.05
*** HOLE CARDS ***
Dealt to cceca890 
Dealt to b69a282 
Dealt to Hero [9h Ac]
Dealt to cac7ecdf 
Dealt to 5444c151 
5444c151: folds
cceca890: folds
b69a282: folds
Hero: raises $0.07 to $0.12
cac7ecdf: raises $0.82 to $0.94 and is all-in
Hero: folds
Uncalled bet ($0.82) returned to cac7ecdf
*** SHOWDOWN ***
cac7ecdf collected $0.23 from pot
*** SUMMARY ***
Total pot $0.24 | Rake $0.01 | Jackpot $0 | Bingo $0 | Fortune $0
Seat 1: cceca890 folded before Flop (didn't bet)
Seat 2: b69a282 (button) folded before Flop (didn't bet)
Seat 4: Hero (small blind) folded before Flop
Seat 5: cac7ecdf (big blind) collected ($0.23)
Seat 6: 5444c151 folded before Flop (didn't bet)


Poker Hand #HD1176547199: Hold'em No Limit  ($0.02/$0.05) - 2023/03/26 12:07:59
Table 'NLHBlue70' 6-max Seat #1 is the button
Seat 1: cceca890 ($6.15 in chips)
Seat 2: b69a282 ($5.31 in chips)
Seat 4: Hero ($5.48 in chips)
Seat 5: cac7ecdf ($1.25 in chips)
Seat 6: 5444c151 ($5 in chips)
b69a282: posts small blind $0.02
Hero: posts big blind $0.05
*** HOLE CARDS ***
Dealt to cceca890 
Dealt to b69a282 
Dealt to Hero [Td Jd]
Dealt to cac7ecdf 
Dealt to 5444c151 
cac7ecdf: raises $0.1 to $0.15
5444c151: folds
cceca890: folds
b69a282: folds
Hero: calls $0.1
*** FLOP *** [7c 5d Js]
Hero: bets $0.16
cac7ecdf: calls $0.16
*** TURN *** [7c 5d Js] [8c]
Hero: bets $0.32
cac7ecdf: folds
Uncalled bet ($0.32) returned to Hero
*** SHOWDOWN ***
Hero collected $0.61 from pot
*** SUMMARY ***
Total pot $0.64 | Rake $0.03 | Jackpot $0 | Bingo $0 | Fortune $0
Board [7c 5d Js 8c]
Seat 1: cceca890 (button) folded before Flop (didn't bet)
Seat 2: b69a282 (small blind) folded before Flop
Seat 4: Hero (big blind) won ($0.61)
Seat 5: cac7ecdf folded on the Turn
Seat 6: 5444c151 folded before Flop (didn't bet)


Poker Hand #HD1176547064: Hold'em No Limit  ($0.02/$0.05) - 2023/03/26 12:06:48
Table 'NLHBlue70' 6-max Seat #6 is the button
Seat 1: cceca890 ($6.17 in chips)
Seat 2: b69a282 ($5 in chips)
Seat 4: Hero ($5.48 in chips)
Seat 5: cac7ecdf ($1.25 in chips)
Seat 6: 5444c151 ($5 in chips)
cceca890: posts small blind $0.02
b69a282: posts big blind $0.05
*** HOLE CARDS ***
Dealt to cceca890 
Dealt to b69a282 
Dealt to Hero [3d 7c]
Dealt to cac7ecdf 
Dealt to 5444c151 
Hero: folds
cac7ecdf: folds
5444c151: raises $0.08 to $0.13
cceca890: folds
b69a282: calls $0.08
*** FLOP *** [Qh Jc 5h]
b69a282: checks
5444c151: checks
*** TURN *** [Qh Jc 5h] [3c]
b69a282: bets $0.19
5444c151: calls $0.19
*** RIVER *** [Qh Jc 5h 3c] [Kc]
b69a282: checks
5444c151: checks
b69a282: shows [Ah Js] (Pair of Jacks)
5444c151: shows [Td Jh] (Pair of Jacks)
*** SHOWDOWN ***
b69a282 collected $0.63 from pot
*** SUMMARY ***
Total pot $0.66 | Rake $0.03 | Jackpot $0 | Bingo $0 | Fortune $0
Board [Qh Jc 5h 3c Kc]
Seat 1: cceca890 (small blind) folded before Flop
Seat 2: b69a282 (big blind) showed [Ah Js] and won ($0.63) with Pair of Jacks
Seat 4: Hero folded before Flop (didn't bet)
Seat 5: cac7ecdf folded before Flop (didn't bet)
Seat 6: 5444c151 (button) showed [Td Jh] and lost with Pair of Jacks


Poker Hand #HD1176547041: Hold'em No Limit  ($0.02/$0.05) - 2023/03/26 12:06:33
Table 'NLHBlue70' 6-max Seat #5 is the button
Seat 1: cceca890 ($6.22 in chips)
Seat 2: b69a282 ($5 in chips)
Seat 4: Hero ($5.48 in chips)
Seat 5: cac7ecdf ($1.18 in chips)
Seat 6: 5444c151 ($5.02 in chips)
5444c151: posts small blind $0.02
cceca890: posts big blind $0.05
*** HOLE CARDS ***
Dealt to cceca890 
Dealt to b69a282 
Dealt to Hero [4s 8d]
Dealt to cac7ecdf 
Dealt to 5444c151 
b69a282: folds
Hero: folds
cac7ecdf: raises $0.1 to $0.15
5444c151: folds
cceca890: folds
Uncalled bet ($0.1) returned to cac7ecdf
*** SHOWDOWN ***
cac7ecdf collected $0.12 from pot
*** SUMMARY ***
Total pot $0.12 | Rake $0 | Jackpot $0 | Bingo $0 | Fortune $0
Seat 1: cceca890 (big blind) folded before Flop
Seat 2: b69a282 folded before Flop (didn't bet)
Seat 4: Hero folded before Flop (didn't bet)
Seat 5: cac7ecdf (button) collected ($0.12)
Seat 6: 5444c151 (small blind) folded before Flop


Poker Hand #HD1176546999: Hold'em No Limit  ($0.02/$0.05) - 2023/03/26 12:06:12
Table 'NLHBlue70' 6-max Seat #4 is the button
Seat 2: b69a282 ($5 in chips)
Seat 4: Hero ($5.48 in chips)
Seat 5: cac7ecdf ($1.2 in chips)
Seat 6: 5444c151 ($5 in chips)
cac7ecdf: posts small blind $0.02
5444c151: posts big blind $0.05
*** HOLE CARDS ***
Dealt to b69a282 
Dealt to Hero [Ac 4d]
Dealt to cac7ecdf 
Dealt to 5444c151 
b69a282: folds
Hero: folds
cac7ecdf: folds
Uncalled bet ($0.03) returned to 5444c151
*** SHOWDOWN ***
5444c151 collected $0.04 from pot
*** SUMMARY ***
Total pot $0.04 | Rake $0 | Jackpot $0 | Bingo $0 | Fortune $0
Seat 2: b69a282 folded before Flop (didn't bet)
Seat 4: Hero (button) folded before Flop (didn't bet)
Seat 5: cac7ecdf (small blind) folded before Flop
Seat 6: 5444c151 (big blind) collected ($0.04)


Poker Hand #HD1176546915: Hold'em No Limit  ($0.02/$0.05) - 2023/03/26 12:05:29
Table 'NLHBlue70' 6-max Seat #2 is the button
Seat 2: b69a282 ($5 in chips)
Seat 4: Hero ($5.73 in chips)
Seat 5: cac7ecdf ($0.97 in chips)
Seat 6: 5444c151 ($5 in chips)
Hero: posts small blind $0.02
cac7ecdf: posts big blind $0.05
*** HOLE CARDS ***
Dealt to b69a282 
Dealt to Hero [5s 8s]
Dealt to cac7ecdf 
Dealt to 5444c151 
5444c151: folds
b69a282: folds
Hero: raises $0.05 to $0.1
cac7ecdf: calls $0.05
*** FLOP *** [Qh Kc 8h]
Hero: checks
cac7ecdf: bets $0.15
Hero: calls $0.15
*** TURN *** [Qh Kc 8h] [Ad]
Hero: checks
cac7ecdf: checks
*** RIVER *** [Qh Kc 8h Ad] [2h]
Hero: checks
cac7ecdf: checks
Hero: shows [5s 8s] (Pair of Eights)
cac7ecdf: shows [Qs Jc] (Pair of Queens)
*** SHOWDOWN ***
cac7ecdf collected $0.48 from pot
*** SUMMARY ***
Total pot $0.5 | Rake $0.02 | Jackpot $0 | Bingo $0 | Fortune $0
Board [Qh Kc 8h Ad 2h]
Seat 2: b69a282 (button) folded before Flop (didn't bet)
Seat 4: Hero (small blind) showed [5s 8s] and lost with Pair of Eights
Seat 5: cac7ecdf (big blind) showed [Qs Jc] and won ($0.48) with Pair of Queens
Seat 6: 5444c151 folded before Flop (didn't bet)


Poker Hand #HD1176546872: Hold'em No Limit  ($0.02/$0.05) - 2023/03/26 12:05:07
Table 'NLHBlue70' 6-max Seat #6 is the button
Seat 2: b69a282 ($5 in chips)
Seat 4: Hero ($5.88 in chips)
Seat 5: cac7ecdf ($0.81 in chips)
Seat 6: 5444c151 ($5 in chips)
b69a282: posts small blind $0.02
Hero: posts big blind $0.05
*** HOLE CARDS ***
Dealt to b69a282 
Dealt to Hero [Kh 7h]
Dealt to cac7ecdf 
Dealt to 5444c151 
cac7ecdf: raises $0.1 to $0.15
5444c151: folds
b69a282: folds
Hero: calls $0.1
*** FLOP *** [7d Qc Jd]
Hero: checks
cac7ecdf: bets $0.16
Hero: folds
Uncalled bet ($0.16) returned to cac7ecdf
*** SHOWDOWN ***
cac7ecdf collected $0.31 from pot
*** SUMMARY ***
Total pot $0.32 | Rake $0.01 | Jackpot $0 | Bingo $0 | Fortune $0
Board [7d Qc Jd]
Seat 2: b69a282 (small blind) folded before Flop
Seat 4: Hero (big blind) folded on the Flop
Seat 5: cac7ecdf won ($0.31)
Seat 6: 5444c151 (button) folded before Flop (didn't bet)


Poker Hand #HD1176546825: Hold'em No Limit  ($0.02/$0.05) - 2023/03/26 12:04:44
Table 'NLHBlue70' 6-max Seat #5 is the button
Seat 1: cceca890 ($6.27 in chips)
Seat 2: b69a282 ($5 in chips)
Seat 4: Hero ($5.88 in chips)
Seat 5: cac7ecdf ($0.74 in chips)
Seat 6: 5444c151 ($5 in chips)
5444c151: posts small blind $0.02
cceca890: posts big blind $0.05
*** HOLE CARDS ***
Dealt to cceca890 
Dealt to b69a282 
Dealt to Hero [3h Qs]
Dealt to cac7ecdf 
Dealt to 5444c151 
b69a282: folds
Hero: folds
cac7ecdf: raises $0.1 to $0.15
5444c151: folds
cceca890: folds
Uncalled bet ($0.1) returned to cac7ecdf
*** SHOWDOWN ***
cac7ecdf collected $0.12 from pot
*** SUMMARY ***
Total pot $0.12 | Rake $0 | Jackpot $0 | Bingo $0 | Fortune $0
Seat 1: cceca890 (big blind) folded before Flop
Seat 2: b69a282 folded before Flop (didn't bet)
Seat 4: Hero folded before Flop (didn't bet)
Seat 5: cac7ecdf (button) collected ($0.12)
Seat 6: 5444c151 (small blind) folded before Flop


Poker Hand #HD1176546750: Hold'em No Limit  ($0.02/$0.05) - 2023/03/26 12:04:04
Table 'NLHBlue70' 6-max Seat #4 is the button
Seat 1: cceca890 ($6.27 in chips)
Seat 2: b69a282 ($5 in chips)
Seat 4: Hero ($5.28 in chips)
Seat 5: cac7ecdf ($0.76 in chips)
Seat 6: 5444c151 ($5 in chips)
cac7ecdf: posts small blind $0.02
5444c151: posts big blind $0.05
*** HOLE CARDS ***
Dealt to cceca890 
Dealt to b69a282 
Dealt to Hero [9s 9h]
Dealt to cac7ecdf 
Dealt to 5444c151 
cceca890: folds
b69a282: folds
Hero: raises $0.07 to $0.12
cac7ecdf: folds
5444c151: calls $0.07
*** FLOP *** [7h 5d 3h]
5444c151: checks
Hero: bets $0.13
5444c151: calls $0.13
*** TURN *** [7h 5d 3h] [8s]
5444c151: checks
Hero: bets $0.39
5444c151: calls $0.39
*** RIVER *** [7h 5d 3h 8s] [As]
5444c151: checks
Hero: checks
5444c151: shows [Qd 8d] (Pair of Eights)
Hero: shows [9s 9h] (Pair of Nines)
*** SHOWDOWN ***
Hero collected $1.24 from pot
*** SUMMARY ***
Total pot $1.3 | Rake $0.06 | Jackpot $0 | Bingo $0 | Fortune $0
Board [7h 5d 3h 8s As]
Seat 1: cceca890 folded before Flop (didn't bet)
Seat 2: b69a282 folded before Flop (didn't bet)
Seat 4: Hero (button) showed [9s 9h] and won ($1.24) with Pair of Nines
Seat 5: cac7ecdf (small blind) folded before Flop
Seat 6: 5444c151 (big blind) showed [Qd 8d] and lost with Pair of Eights


Poker Hand #HD1176546679: Hold'em No Limit  ($0.02/$0.05) - 2023/03/26 12:03:26
Table 'NLHBlue70' 6-max Seat #2 is the button
Seat 1: cceca890 ($6.27 in chips)
Seat 2: b69a282 ($5 in chips)
Seat 4: Hero ($5.02 in chips)
Seat 5: cac7ecdf ($1.04 in chips)
Seat 6: 5444c151 ($5 in chips)
Hero: posts small blind $0.02
cac7ecdf: posts big blind $0.05
*** HOLE CARDS ***
Dealt to cceca890 
Dealt to b69a282 
Dealt to Hero [4h 5h]
Dealt to cac7ecdf 
Dealt to 5444c151 
5444c151: folds
cceca890: folds
b69a282: folds
Hero: raises $0.09 to $0.14
cac7ecdf: calls $0.09
*** FLOP *** [5d 8d 5s]
Hero: bets $0.14
cac7ecdf: calls $0.14
*** TURN *** [5d 8d 5s] [Jc]
Hero: bets $0.28
cac7ecdf: folds
Uncalled bet ($0.28) returned to Hero
*** SHOWDOWN ***
Hero collected $0.54 from pot
*** SUMMARY ***
Total pot $0.56 | Rake $0.02 | Jackpot $0 | Bingo $0 | Fortune $0
Board [5d 8d 5s Jc]
Seat 1: cceca890 folded before Flop (didn't bet)
Seat 2: b69a282 (button) folded before Flop (didn't bet)
Seat 4: Hero (small blind) won ($0.54)
Seat 5: cac7ecdf (big blind) folded on the Turn
Seat 6: 5444c151 folded before Flop (didn't bet)


Poker Hand #HD1176546653: Hold'em No Limit  ($0.02/$0.05) - 2023/03/26 12:03:14
Table 'NLHBlue70' 6-max Seat #1 is the button
Seat 1: cceca890 ($6.27 in chips)
Seat 2: b69a282 ($5 in chips)
Seat 4: Hero ($5 in chips)
Seat 5: cac7ecdf ($1.04 in chips)
Seat 6: 5444c151 ($5 in chips)
b69a282: posts small blind $0.02
Hero: posts big blind $0.05
*** HOLE CARDS ***
Dealt to cceca890 
Dealt to b69a282 
Dealt to Hero [6c Kh]
Dealt to cac7ecdf 
Dealt to 5444c151 
cac7ecdf: folds
5444c151: folds
cceca890: folds
b69a282: folds
Uncalled bet ($0.03) returned to Hero
*** SHOWDOWN ***
Hero collected $0.04 from pot
*** SUMMARY ***
Total pot $0.04 | Rake $0 | Jackpot $0 | Bingo $0 | Fortune $0
Seat 1: cceca890 (button) folded before Flop (didn't bet)
Seat 2: b69a282 (small blind) folded before Flop
Seat 4: Hero (big blind) collected ($0.04)
Seat 5: cac7ecdf folded before Flop (didn't bet)
Seat 6: 5444c151 folded before Flop (didn't bet)


Poker Hand #HD1176546603: Hold'em No Limit  ($0.02/$0.05) - 2023/03/26 12:02:47
Table 'NLHBlue70' 6-max Seat #6 is the button
Seat 1: cceca890 ($6.13 in chips)
Seat 2: b69a282 ($5.07 in chips)
Seat 4: Hero ($5 in chips)
Seat 5: cac7ecdf ($1.04 in chips)
Seat 6: 5444c151 ($5 in chips)
cceca890: posts small blind $0.02
b69a282: posts big blind $0.05
*** HOLE CARDS ***
Dealt to cceca890 
Dealt to b69a282 
Dealt to Hero [4h 7h]
Dealt to cac7ecdf 
Dealt to 5444c151 
Hero: folds
cac7ecdf: folds
5444c151: folds
cceca890: raises $0.1 to $0.15
b69a282: calls $0.1
*** FLOP *** [3d Ks 7c]
cceca890: bets $0.15
b69a282: folds
Uncalled bet ($0.15) returned to cceca890
*** SHOWDOWN ***
cceca890 collected $0.29 from pot
*** SUMMARY ***
Total pot $0.3 | Rake $0.01 | Jackpot $0 | Bingo $0 | Fortune $0
Board [3d Ks 7c]
Seat 1: cceca890 (small blind) won ($0.29)
Seat 2: b69a282 (big blind) folded on the Flop
Seat 4: Hero folded before Flop (didn't bet)
Seat 5: cac7ecdf folded before Flop (didn't bet)
Seat 6: 5444c151 (button) folded before Flop (didn't bet)


Poker Hand #HD1176546581: Hold'em No Limit  ($0.02/$0.05) - 2023/03/26 12:02:34
Table 'NLHBlue70' 6-max Seat #5 is the button
Seat 1: cceca890 ($6.18 in chips)
Seat 2: b69a282 ($5 in chips)
Seat 4: Hero ($5 in chips)
Seat 5: cac7ecdf ($1.04 in chips)
Seat 6: 5444c151 ($5 in chips)
5444c151: posts small blind $0.02
cceca890: posts big blind $0.05
*** HOLE CARDS ***
Dealt to cceca890 
Dealt to b69a282 
Dealt to Hero [6d 2h]
Dealt to cac7ecdf 
Dealt to 5444c151 
b69a282: raises $0.08 to $0.13
Hero: folds
cac7ecdf: folds
5444c151: folds
cceca890: folds
Uncalled bet ($0.08) returned to b69a282
*** SHOWDOWN ***
b69a282 collected $0.12 from pot
*** SUMMARY ***
Total pot $0.12 | Rake $0 | Jackpot $0 | Bingo $0 | Fortune $0
Seat 1: cceca890 (big blind) folded before Flop
Seat 2: b69a282 collected ($0.12)
Seat 4: Hero folded before Flop (didn't bet)
Seat 5: cac7ecdf (button) folded before Flop (didn't bet)
Seat 6: 5444c151 (small blind) folded before Flop


Poker Hand #HD1176546527: Hold'em No Limit  ($0.02/$0.05) - 2023/03/26 12:02:08
Table 'NLHBlue70' 6-max Seat #4 is the button
Seat 1: cceca890 ($6.11 in chips)
Seat 2: b69a282 ($5 in chips)
Seat 4: Hero ($5 in chips)
Seat 5: cac7ecdf ($1.06 in chips)
Seat 6: 5444c151 ($5 in chips)
cac7ecdf: posts small blind $0.02
5444c151: posts big blind $0.05
*** HOLE CARDS ***
Dealt to cceca890 
Dealt to b69a282 
Dealt to Hero [Kd 5d]
Dealt to cac7ecdf 
Dealt to 5444c151 
cceca890: raises $0.1 to $0.15
b69a282: folds
Hero: folds
cac7ecdf: folds
5444c151: folds
Uncalled bet ($0.1) returned to cceca890
*** SHOWDOWN ***
cceca890 collected $0.12 from pot
*** SUMMARY ***
Total pot $0.12 | Rake $0 | Jackpot $0 | Bingo $0 | Fortune $0
Seat 1: cceca890 collected ($0.12)
Seat 2: b69a282 folded before Flop (didn't bet)
Seat 4: Hero (button) folded before Flop (didn't bet)
Seat 5: cac7ecdf (small blind) folded before Flop
Seat 6: 5444c151 (big blind) folded before Flop


Poker Hand #HD1176546509: Hold'em No Limit  ($0.02/$0.05) - 2023/03/26 12:01:58
Table 'NLHBlue70' 6-max Seat #2 is the button
Seat 1: cceca890 ($6.11 in chips)
Seat 2: b69a282 ($5 in chips)
Seat 4: Hero ($5 in chips)
Seat 5: cac7ecdf ($1.04 in chips)
Hero: posts small blind $0.02
cac7ecdf: posts big blind $0.05
*** HOLE CARDS ***
Dealt to cceca890 
Dealt to b69a282 
Dealt to Hero [3h 8h]
Dealt to cac7ecdf 
cceca890: folds
b69a282: folds
Hero: folds
Uncalled bet ($0.03) returned to cac7ecdf
*** SHOWDOWN ***
cac7ecdf collected $0.04 from pot
*** SUMMARY ***
Total pot $0.04 | Rake $0 | Jackpot $0 | Bingo $0 | Fortune $0
Seat 1: cceca890 folded before Flop (didn't bet)
Seat 2: b69a282 (button) folded before Flop (didn't bet)
Seat 4: Hero (small blind) folded before Flop
Seat 5: cac7ecdf (big blind) collected ($0.04)


Poker Hand #HD1176546490: Hold'em No Limit  ($0.02/$0.05) - 2023/03/26 12:01:51
Table 'NLHBlue70' 6-max Seat #1 is the button
Seat 1: cceca890 ($6.04 in chips)
Seat 2: b69a282 ($5.02 in chips)
Seat 4: Hero ($5 in chips)
Seat 5: cac7ecdf ($1.04 in chips)
b69a282: posts small blind $0.02
Hero: posts big blind $0.05
*** HOLE CARDS ***
Dealt to cceca890 
Dealt to b69a282 
Dealt to Hero [9c 6h]
Dealt to cac7ecdf 
cac7ecdf: folds
cceca890: raises $0.1 to $0.15
b69a282: folds
Hero: folds
Uncalled bet ($0.1) returned to cceca890
*** SHOWDOWN ***
cceca890 collected $0.12 from pot
*** SUMMARY ***
Total pot $0.12 | Rake $0 | Jackpot $0 | Bingo $0 | Fortune $0
Seat 1: cceca890 (button) collected ($0.12)
Seat 2: b69a282 (small blind) folded before Flop
Seat 4: Hero (big blind) folded before Flop
Seat 5: cac7ecdf folded before Flop (didn't bet)


Poker Hand #HD1176546457: Hold'em No Limit  ($0.02/$0.05) - 2023/03/26 12:01:31
Table 'NLHBlue70' 6-max Seat #5 is the button
Seat 1: cceca890 ($6.06 in chips)
Seat 2: b69a282 ($5.17 in chips)
Seat 4: Hero ($5 in chips)
Seat 5: cac7ecdf ($0.88 in chips)
cceca890: posts small blind $0.02
b69a282: posts big blind $0.05
*** HOLE CARDS ***
Dealt to cceca890 
Dealt to b69a282 
Dealt to Hero [4h 5c]
Dealt to cac7ecdf 
Hero: folds
cac7ecdf: raises $0.1 to $0.15
cceca890: folds
b69a282: calls $0.1
*** FLOP *** [3c 3s 9s]
b69a282: checks
cac7ecdf: bets $0.16
b69a282: folds
Uncalled bet ($0.16) returned to cac7ecdf
*** SHOWDOWN ***
cac7ecdf collected $0.31 from pot
*** SUMMARY ***
Total pot $0.32 | Rake $0.01 | Jackpot $0 | Bingo $0 | Fortune $0
Board [3c 3s 9s]
Seat 1: cceca890 (small blind) folded before Flop
Seat 2: b69a282 (big blind) folded on the Flop
Seat 4: Hero folded before Flop (didn't bet)
Seat 5: cac7ecdf (button) won ($0.31)


Poker Hand #HD1176546366: Hold'em No Limit  ($0.02/$0.05) - 2023/03/26 12:00:45
Table 'NLHBlue70' 6-max Seat #4 is the button
Seat 1: cceca890 ($5.23 in chips)
Seat 2: b69a282 ($5.17 in chips)
Seat 4: Hero ($5 in chips)
Seat 5: cac7ecdf ($1.72 in chips)
cac7ecdf: posts small blind $0.02
cceca890: posts big blind $0.05
*** HOLE CARDS ***
Dealt to cceca890 
Dealt to b69a282 
Dealt to Hero [Qd Td]
Dealt to cac7ecdf 
b69a282: folds
Hero: raises $0.07 to $0.12
cac7ecdf: calls $0.1
cceca890: calls $0.07
*** FLOP *** [Jh 6d 3c]
cac7ecdf: checks
cceca890: checks
Hero: checks
*** TURN *** [Jh 6d 3c] [4h]
cac7ecdf: bets $0.18
cceca890: calls $0.18
Hero: folds
*** RIVER *** [Jh 6d 3c 4h] [Tc]
cac7ecdf: bets $0.54
cceca890: calls $0.54
cac7ecdf: shows [Ac 8d] (Ace-High)
cceca890: shows [Jc Js] (Three Jacks)
*** SHOWDOWN ***
cceca890 collected $1.67 from pot
*** SUMMARY ***
Total pot $1.8 | Rake $0.08 | Jackpot $0.05 | Bingo $0 | Fortune $0
Board [Jh 6d 3c 4h Tc]
Seat 1: cceca890 (big blind) showed [Jc Js] and won ($1.67) with Three Jacks
Seat 2: b69a282 folded before Flop (didn't bet)
Seat 4: Hero (button) folded on the Turn
Seat 5: cac7ecdf (small blind) showed [Ac 8d] and lost with Ace-High


Poker Hand #HD1176546327: Hold'em No Limit  ($0.02/$0.05) - 2023/03/26 12:00:25
Table 'NLHBlue70' 6-max Seat #2 is the button
Seat 1: cceca890 ($5.07 in chips)
Seat 2: b69a282 ($5.17 in chips)
Seat 4: Hero ($5 in chips)
Seat 5: cac7ecdf ($1.87 in chips)
Hero: posts small blind $0.02
cac7ecdf: posts big blind $0.05
*** HOLE CARDS ***
Dealt to cceca890 
Dealt to b69a282 
Dealt to Hero [Qd 5c]
Dealt to cac7ecdf 
cceca890: raises $0.1 to $0.15
b69a282: folds
Hero: folds
cac7ecdf: calls $0.1
*** FLOP *** [Tc 9s Js]
cac7ecdf: checks
cceca890: bets $0.16
cac7ecdf: folds
Uncalled bet ($0.16) returned to cceca890
*** SHOWDOWN ***
cceca890 collected $0.31 from pot
*** SUMMARY ***
Total pot $0.32 | Rake $0.01 | Jackpot $0 | Bingo $0 | Fortune $0
Board [Tc 9s Js]
Seat 1: cceca890 won ($0.31)
Seat 2: b69a282 (button) folded before Flop (didn't bet)
Seat 4: Hero (small blind) folded before Flop
Seat 5: cac7ecdf (big blind) folded on the Flop


Poker Hand #HD1176546299: Hold'em No Limit  ($0.02/$0.05) - 2023/03/26 12:00:08
Table 'NLHBlue70' 6-max Seat #1 is the button
Seat 1: cceca890 ($5.07 in chips)
Seat 2: b69a282 ($5.19 in chips)
Seat 4: Hero ($5 in chips)
Seat 5: cac7ecdf ($1.8 in chips)
b69a282: posts small blind $0.02
Hero: posts big blind $0.05
cac7ecdf: posts big blind $0.05
*** HOLE CARDS ***
Dealt to cceca890 
Dealt to b69a282 
Dealt to Hero [Js 9s]
Dealt to cac7ecdf 
cac7ecdf: checks
cceca890: folds
b69a282: folds
Hero: checks
*** FLOP *** [Tc Ah 3h]
Hero: checks
cac7ecdf: bets $0.09
Hero: folds
Uncalled bet ($0.09) returned to cac7ecdf
*** SHOWDOWN ***
cac7ecdf collected $0.12 from pot
*** SUMMARY ***
Total pot $0.12 | Rake $0 | Jackpot $0 | Bingo $0 | Fortune $0
Board [Tc Ah 3h]
Seat 1: cceca890 (button) folded before Flop (didn't bet)
Seat 2: b69a282 (small blind) folded before Flop
Seat 4: Hero (big blind) folded on the Flop
Seat 5: cac7ecdf won ($0.12)


Poker Hand #HD1176546272: Hold'em No Limit  ($0.02/$0.05) - 2023/03/26 11:59:56
Table 'NLHBlue70' 6-max Seat #4 is the button
Seat 1: cceca890 ($5.09 in chips)
Seat 2: b69a282 ($5.17 in chips)
Seat 4: Hero ($5 in chips)
cceca890: posts small blind $0.02
b69a282: posts big blind $0.05
*** HOLE CARDS ***
Dealt to cceca890 
Dealt to b69a282 
Dealt to Hero [Jd 7c]
Hero: folds
cceca890: folds
Uncalled bet ($0.03) returned to b69a282
*** SHOWDOWN ***
b69a282 collected $0.04 from pot
*** SUMMARY ***
Total pot $0.04 | Rake $0 | Jackpot $0 | Bingo $0 | Fortune $0
Seat 1: cceca890 (small blind) folded before Flop
Seat 2: b69a282 (big blind) collected ($0.04)
Seat 4: Hero (button) folded before Flop (didn't bet)


Poker Hand #HD1176546246: Hold'em No Limit  ($0.02/$0.05) - 2023/03/26 11:59:47
Table 'NLHBlue70' 6-max Seat #2 is the button
Seat 1: cceca890 ($5.07 in chips)
Seat 2: b69a282 ($5.17 in chips)
Seat 4: Hero ($5 in chips)
Hero: posts small blind $0.02
cceca890: posts big blind $0.05
*** HOLE CARDS ***
Dealt to cceca890 
Dealt to b69a282 
Dealt to Hero [4s 5c]
b69a282: folds
Hero: folds
Uncalled bet ($0.03) returned to cceca890
*** SHOWDOWN ***
cceca890 collected $0.04 from pot
*** SUMMARY ***
Total pot $0.04 | Rake $0 | Jackpot $0 | Bingo $0 | Fortune $0
Seat 1: cceca890 (big blind) collected ($0.04)
Seat 2: b69a282 (button) folded before Flop (didn't bet)
Seat 4: Hero (small blind) folded before Flop


Poker Hand #HD1176546223: Hold'em No Limit  ($0.02/$0.05) - 2023/03/26 11:59:36
Table 'NLHBlue70' 6-max Seat #1 is the button
Seat 1: cceca890 ($5 in chips)
Seat 2: b69a282 ($5.19 in chips)
Seat 4: Hero ($5 in chips)
Seat 6: 8dee6c4f ($5.59 in chips)
b69a282: posts small blind $0.02
Hero: posts big blind $0.05
*** HOLE CARDS ***
Dealt to cceca890 
Dealt to b69a282 
Dealt to Hero [Kh 2d]
Dealt to 8dee6c4f 
8dee6c4f: folds
cceca890: raises $0.1 to $0.15
b69a282: folds
Hero: folds
Uncalled bet ($0.1) returned to cceca890
*** SHOWDOWN ***
cceca890 collected $0.12 from pot
*** SUMMARY ***
Total pot $0.12 | Rake $0 | Jackpot $0 | Bingo $0 | Fortune $0
Seat 1: cceca890 (button) collected ($0.12)
Seat 2: b69a282 (small blind) folded before Flop
Seat 4: Hero (big blind) folded before Flop
Seat 6: 8dee6c4f folded before Flop (didn't bet)


