Poker Hand #HD1158714736: Hold'em No Limit  ($0.02/$0.05) - 2023/03/13 19:29:38
Table 'NLHBlue116' 6-max Seat #2 is the button
Seat 1: b5e09168 ($6.75 in chips)
Seat 2: 1aa64f66 ($5.45 in chips)
Seat 3: 1fcf69b0 ($2.15 in chips)
Seat 4: d270dc8c ($4.65 in chips)
Seat 6: Hero ($5.13 in chips)
1fcf69b0: posts small blind $0.02
d270dc8c: posts big blind $0.05
*** HOLE CARDS ***
Dealt to b5e09168 
Dealt to 1aa64f66 
Dealt to 1fcf69b0 
Dealt to d270dc8c 
Dealt to Hero [Ks 8s]
Hero: folds
b5e09168: folds
1aa64f66: raises $0.08 to $0.13
1fcf69b0: folds
d270dc8c: folds
Uncalled bet ($0.08) returned to 1aa64f66
*** SHOWDOWN ***
1aa64f66 collected $0.12 from pot
*** SUMMARY ***
Total pot $0.12 | Rake $0 | Jackpot $0 | Bingo $0 | Fortune $0
Seat 1: b5e09168 folded before Flop (didn't bet)
Seat 2: 1aa64f66 (button) collected ($0.12)
Seat 3: 1fcf69b0 (small blind) folded before Flop
Seat 4: d270dc8c (big blind) folded before Flop
Seat 6: Hero folded before Flop (didn't bet)


Poker Hand #HD1158714651: Hold'em No Limit  ($0.02/$0.05) - 2023/03/13 19:29:08
Table 'NLHBlue116' 6-max Seat #1 is the button
Seat 1: b5e09168 ($6.87 in chips)
Seat 2: 1aa64f66 ($5.47 in chips)
Seat 3: 1fcf69b0 ($2.02 in chips)
Seat 4: d270dc8c ($4.65 in chips)
Seat 5: c571ed81 ($5 in chips)
Seat 6: Hero ($5.13 in chips)
1aa64f66: posts small blind $0.02
1fcf69b0: posts big blind $0.05
*** HOLE CARDS ***
Dealt to b5e09168 
Dealt to 1aa64f66 
Dealt to 1fcf69b0 
Dealt to d270dc8c 
Dealt to c571ed81 
Dealt to Hero [5d 9c]
d270dc8c: folds
c571ed81: folds
Hero: folds
b5e09168: raises $0.07 to $0.12
1aa64f66: folds
1fcf69b0: calls $0.07
*** FLOP *** [2s 8s Js]
1fcf69b0: bets $0.26
b5e09168: folds
Uncalled bet ($0.26) returned to 1fcf69b0
*** SHOWDOWN ***
1fcf69b0 collected $0.25 from pot
*** SUMMARY ***
Total pot $0.26 | Rake $0.01 | Jackpot $0 | Bingo $0 | Fortune $0
Board [2s 8s Js]
Seat 1: b5e09168 (button) folded on the Flop
Seat 2: 1aa64f66 (small blind) folded before Flop
Seat 3: 1fcf69b0 (big blind) won ($0.25)
Seat 4: d270dc8c folded before Flop (didn't bet)
Seat 5: c571ed81 folded before Flop (didn't bet)
Seat 6: Hero folded before Flop (didn't bet)


Poker Hand #HD1158714558: Hold'em No Limit  ($0.02/$0.05) - 2023/03/13 19:28:30
Table 'NLHBlue116' 6-max Seat #6 is the button
Seat 1: b5e09168 ($6.89 in chips)
Seat 2: 1aa64f66 ($5.52 in chips)
Seat 3: 1fcf69b0 ($1.95 in chips)
Seat 4: d270dc8c ($4.65 in chips)
Seat 5: c571ed81 ($5 in chips)
Seat 6: Hero ($5.13 in chips)
b5e09168: posts small blind $0.02
1aa64f66: posts big blind $0.05
*** HOLE CARDS ***
Dealt to b5e09168 
Dealt to 1aa64f66 
Dealt to 1fcf69b0 
Dealt to d270dc8c 
Dealt to c571ed81 
Dealt to Hero [8c Js]
1fcf69b0: calls $0.05
d270dc8c: folds
c571ed81: folds
Hero: folds
b5e09168: folds
1aa64f66: checks
*** FLOP *** [Kd 3c Ts]
1aa64f66: checks
1fcf69b0: checks
*** TURN *** [Kd 3c Ts] [7c]
1aa64f66: checks
1fcf69b0: bets $0.12
1aa64f66: folds
Uncalled bet ($0.12) returned to 1fcf69b0
*** SHOWDOWN ***
1fcf69b0 collected $0.12 from pot
*** SUMMARY ***
Total pot $0.12 | Rake $0 | Jackpot $0 | Bingo $0 | Fortune $0
Board [Kd 3c Ts 7c]
Seat 1: b5e09168 (small blind) folded before Flop
Seat 2: 1aa64f66 (big blind) folded on the Turn
Seat 3: 1fcf69b0 won ($0.12)
Seat 4: d270dc8c folded before Flop (didn't bet)
Seat 5: c571ed81 folded before Flop (didn't bet)
Seat 6: Hero (button) folded before Flop (didn't bet)


Poker Hand #HD1158714405: Hold'em No Limit  ($0.02/$0.05) - 2023/03/13 19:27:30
Table 'NLHBlue116' 6-max Seat #5 is the button
Seat 1: b5e09168 ($7.16 in chips)
Seat 2: 1aa64f66 ($5 in chips)
Seat 3: 1fcf69b0 ($1.95 in chips)
Seat 4: d270dc8c ($4.65 in chips)
Seat 5: c571ed81 ($5.26 in chips)
Seat 6: Hero ($5.15 in chips)
Hero: posts small blind $0.02
b5e09168: posts big blind $0.05
*** HOLE CARDS ***
Dealt to b5e09168 
Dealt to 1aa64f66 
Dealt to 1fcf69b0 
Dealt to d270dc8c 
Dealt to c571ed81 
Dealt to Hero [Ah 3c]
1aa64f66: raises $0.08 to $0.13
1fcf69b0: folds
d270dc8c: folds
c571ed81: calls $0.13
Hero: folds
b5e09168: calls $0.08
*** FLOP *** [8h 4c 9d]
b5e09168: checks
1aa64f66: bets $0.14
c571ed81: calls $0.14
b5e09168: calls $0.14
*** TURN *** [8h 4c 9d] [5c]
b5e09168: checks
1aa64f66: bets $0.63
c571ed81: folds
b5e09168: folds
Uncalled bet ($0.63) returned to 1aa64f66
*** SHOWDOWN ***
1aa64f66 collected $0.79 from pot
*** SUMMARY ***
Total pot $0.83 | Rake $0.04 | Jackpot $0 | Bingo $0 | Fortune $0
Board [8h 4c 9d 5c]
Seat 1: b5e09168 (big blind) folded on the Turn
Seat 2: 1aa64f66 won ($0.79)
Seat 3: 1fcf69b0 folded before Flop (didn't bet)
Seat 4: d270dc8c folded before Flop (didn't bet)
Seat 5: c571ed81 (button) folded on the Turn
Seat 6: Hero (small blind) folded before Flop


Poker Hand #HD1158714321: Hold'em No Limit  ($0.02/$0.05) - 2023/03/13 19:26:50
Table 'NLHBlue116' 6-max Seat #4 is the button
Seat 1: b5e09168 ($7.16 in chips)
Seat 2: 1aa64f66 ($5 in chips)
Seat 3: 1fcf69b0 ($2 in chips)
Seat 4: d270dc8c ($4.65 in chips)
Seat 5: c571ed81 ($5.06 in chips)
Seat 6: Hero ($5.2 in chips)
c571ed81: posts small blind $0.02
Hero: posts big blind $0.05
1fcf69b0: posts big blind $0.05
*** HOLE CARDS ***
Dealt to b5e09168 
Dealt to 1aa64f66 
Dealt to 1fcf69b0 
Dealt to d270dc8c 
Dealt to c571ed81 
Dealt to Hero [8h Kd]
b5e09168: folds
1aa64f66: raises $0.06 to $0.11
1fcf69b0: folds
d270dc8c: folds
c571ed81: calls $0.09
Hero: folds
*** FLOP *** [5c Th 6c]
c571ed81: checks
1aa64f66: checks
*** TURN *** [5c Th 6c] [7s]
c571ed81: bets $0.18
1aa64f66: folds
Uncalled bet ($0.18) returned to c571ed81
*** SHOWDOWN ***
c571ed81 collected $0.31 from pot
*** SUMMARY ***
Total pot $0.32 | Rake $0.01 | Jackpot $0 | Bingo $0 | Fortune $0
Board [5c Th 6c 7s]
Seat 1: b5e09168 folded before Flop (didn't bet)
Seat 2: 1aa64f66 folded on the Turn
Seat 3: 1fcf69b0 folded before Flop
Seat 4: d270dc8c (button) folded before Flop (didn't bet)
Seat 5: c571ed81 (small blind) won ($0.31)
Seat 6: Hero (big blind) folded before Flop


Poker Hand #HD1158714259: Hold'em No Limit  ($0.02/$0.05) - 2023/03/13 19:26:27
Table 'NLHBlue116' 6-max Seat #2 is the button
Seat 1: b5e09168 ($7.09 in chips)
Seat 2: 1aa64f66 ($5 in chips)
Seat 4: d270dc8c ($4.67 in chips)
Seat 5: c571ed81 ($5.11 in chips)
Seat 6: Hero ($5.2 in chips)
d270dc8c: posts small blind $0.02
c571ed81: posts big blind $0.05
*** HOLE CARDS ***
Dealt to b5e09168 
Dealt to 1aa64f66 
Dealt to d270dc8c 
Dealt to c571ed81 
Dealt to Hero [Kc 9d]
Hero: folds
b5e09168: raises $0.07 to $0.12
1aa64f66: folds
d270dc8c: folds
c571ed81: folds
Uncalled bet ($0.07) returned to b5e09168
*** SHOWDOWN ***
b5e09168 collected $0.12 from pot
*** SUMMARY ***
Total pot $0.12 | Rake $0 | Jackpot $0 | Bingo $0 | Fortune $0
Seat 1: b5e09168 collected ($0.12)
Seat 2: 1aa64f66 (button) folded before Flop (didn't bet)
Seat 4: d270dc8c (small blind) folded before Flop
Seat 5: c571ed81 (big blind) folded before Flop
Seat 6: Hero folded before Flop (didn't bet)


Poker Hand #HD1158714113: Hold'em No Limit  ($0.02/$0.05) - 2023/03/13 19:25:24
Table 'NLHBlue116' 6-max Seat #1 is the button
Seat 1: b5e09168 ($6.57 in chips)
Seat 2: 1aa64f66 ($5.02 in chips)
Seat 4: d270dc8c ($5.22 in chips)
Seat 5: c571ed81 ($5.11 in chips)
Seat 6: Hero ($5.2 in chips)
1aa64f66: posts small blind $0.02
d270dc8c: posts big blind $0.05
*** HOLE CARDS ***
Dealt to b5e09168 
Dealt to 1aa64f66 
Dealt to d270dc8c 
Dealt to c571ed81 
Dealt to Hero [6d 4c]
c571ed81: folds
Hero: folds
b5e09168: raises $0.07 to $0.12
1aa64f66: folds
d270dc8c: calls $0.07
*** FLOP *** [Tc Td 9d]
d270dc8c: checks
b5e09168: checks
*** TURN *** [Tc Td 9d] [7c]
d270dc8c: bets $0.13
b5e09168: calls $0.13
*** RIVER *** [Tc Td 9d 7c] [7s]
d270dc8c: bets $0.3
b5e09168: calls $0.3
d270dc8c: shows [3d Ad] (Pair of Tens and Pair of Sevens)
b5e09168: shows [3h 7h] (Sevens Full over Tens)
*** SHOWDOWN ***
b5e09168 collected $1.07 from pot
*** SUMMARY ***
Total pot $1.12 | Rake $0.05 | Jackpot $0 | Bingo $0 | Fortune $0
Board [Tc Td 9d 7c 7s]
Seat 1: b5e09168 (button) showed [3h 7h] and won ($1.07) with Sevens Full over Tens
Seat 2: 1aa64f66 (small blind) folded before Flop
Seat 4: d270dc8c (big blind) showed [3d Ad] and lost with Pair of Tens and Pair of Sevens
Seat 5: c571ed81 folded before Flop (didn't bet)
Seat 6: Hero folded before Flop (didn't bet)


Poker Hand #HD1158714085: Hold'em No Limit  ($0.02/$0.05) - 2023/03/13 19:25:13
Table 'NLHBlue116' 6-max Seat #6 is the button
Seat 1: b5e09168 ($6.59 in chips)
Seat 2: 1aa64f66 ($5 in chips)
Seat 4: d270dc8c ($5.22 in chips)
Seat 5: c571ed81 ($5.11 in chips)
Seat 6: Hero ($5.2 in chips)
b5e09168: posts small blind $0.02
1aa64f66: posts big blind $0.05
*** HOLE CARDS ***
Dealt to b5e09168 
Dealt to 1aa64f66 
Dealt to d270dc8c 
Dealt to c571ed81 
Dealt to Hero [6h 5c]
d270dc8c: folds
c571ed81: folds
Hero: folds
b5e09168: folds
Uncalled bet ($0.03) returned to 1aa64f66
*** SHOWDOWN ***
1aa64f66 collected $0.04 from pot
*** SUMMARY ***
Total pot $0.04 | Rake $0 | Jackpot $0 | Bingo $0 | Fortune $0
Seat 1: b5e09168 (small blind) folded before Flop
Seat 2: 1aa64f66 (big blind) collected ($0.04)
Seat 4: d270dc8c folded before Flop (didn't bet)
Seat 5: c571ed81 folded before Flop (didn't bet)
Seat 6: Hero (button) folded before Flop (didn't bet)


Poker Hand #HD1158714049: Hold'em No Limit  ($0.02/$0.05) - 2023/03/13 19:24:59
Table 'NLHBlue116' 6-max Seat #5 is the button
Seat 1: b5e09168 ($6.57 in chips)
Seat 2: 1aa64f66 ($5 in chips)
Seat 4: d270dc8c ($5.22 in chips)
Seat 5: c571ed81 ($5.11 in chips)
Seat 6: Hero ($5.22 in chips)
Hero: posts small blind $0.02
b5e09168: posts big blind $0.05
*** HOLE CARDS ***
Dealt to b5e09168 
Dealt to 1aa64f66 
Dealt to d270dc8c 
Dealt to c571ed81 
Dealt to Hero [4d 2c]
1aa64f66: folds
d270dc8c: folds
c571ed81: folds
Hero: folds
Uncalled bet ($0.03) returned to b5e09168
*** SHOWDOWN ***
b5e09168 collected $0.04 from pot
*** SUMMARY ***
Total pot $0.04 | Rake $0 | Jackpot $0 | Bingo $0 | Fortune $0
Seat 1: b5e09168 (big blind) collected ($0.04)
Seat 2: 1aa64f66 folded before Flop (didn't bet)
Seat 4: d270dc8c folded before Flop (didn't bet)
Seat 5: c571ed81 (button) folded before Flop (didn't bet)
Seat 6: Hero (small blind) folded before Flop


Poker Hand #HD1158714002: Hold'em No Limit  ($0.02/$0.05) - 2023/03/13 19:24:41
Table 'NLHBlue116' 6-max Seat #4 is the button
Seat 1: b5e09168 ($6.5 in chips)
Seat 2: 1aa64f66 ($5 in chips)
Seat 4: d270dc8c ($5.22 in chips)
Seat 5: c571ed81 ($5.13 in chips)
Seat 6: Hero ($5.27 in chips)
c571ed81: posts small blind $0.02
Hero: posts big blind $0.05
*** HOLE CARDS ***
Dealt to b5e09168 
Dealt to 1aa64f66 
Dealt to d270dc8c 
Dealt to c571ed81 
Dealt to Hero [7h Qc]
b5e09168: raises $0.1 to $0.15
1aa64f66: folds
d270dc8c: folds
c571ed81: folds
Hero: folds
Uncalled bet ($0.1) returned to b5e09168
*** SHOWDOWN ***
b5e09168 collected $0.12 from pot
*** SUMMARY ***
Total pot $0.12 | Rake $0 | Jackpot $0 | Bingo $0 | Fortune $0
Seat 1: b5e09168 collected ($0.12)
Seat 2: 1aa64f66 folded before Flop (didn't bet)
Seat 4: d270dc8c (button) folded before Flop (didn't bet)
Seat 5: c571ed81 (small blind) folded before Flop
Seat 6: Hero (big blind) folded before Flop


Poker Hand #HD1158713902: Hold'em No Limit  ($0.02/$0.05) - 2023/03/13 19:24:01
Table 'NLHBlue116' 6-max Seat #2 is the button
Seat 1: b5e09168 ($6.62 in chips)
Seat 2: 1aa64f66 ($5 in chips)
Seat 4: d270dc8c ($5.24 in chips)
Seat 5: c571ed81 ($5 in chips)
Seat 6: Hero ($5.27 in chips)
d270dc8c: posts small blind $0.02
c571ed81: posts big blind $0.05
*** HOLE CARDS ***
Dealt to b5e09168 
Dealt to 1aa64f66 
Dealt to d270dc8c 
Dealt to c571ed81 
Dealt to Hero [5d 7d]
Hero: folds
b5e09168: raises $0.07 to $0.12
1aa64f66: folds
d270dc8c: folds
c571ed81: raises $0.44 to $0.56
b5e09168: folds
Uncalled bet ($0.44) returned to c571ed81
*** SHOWDOWN ***
c571ed81 collected $0.25 from pot
*** SUMMARY ***
Total pot $0.26 | Rake $0.01 | Jackpot $0 | Bingo $0 | Fortune $0
Seat 1: b5e09168 folded before Flop
Seat 2: 1aa64f66 (button) folded before Flop (didn't bet)
Seat 4: d270dc8c (small blind) folded before Flop
Seat 5: c571ed81 (big blind) collected ($0.25)
Seat 6: Hero folded before Flop (didn't bet)


Poker Hand #HD1158713800: Hold'em No Limit  ($0.02/$0.05) - 2023/03/13 19:23:21
Table 'NLHBlue116' 6-max Seat #1 is the button
Seat 1: b5e09168 ($6.62 in chips)
Seat 2: 1aa64f66 ($5 in chips)
Seat 4: d270dc8c ($5.36 in chips)
Seat 5: c571ed81 ($5 in chips)
Seat 6: Hero ($5.14 in chips)
1aa64f66: posts small blind $0.02
d270dc8c: posts big blind $0.05
*** HOLE CARDS ***
Dealt to b5e09168 
Dealt to 1aa64f66 
Dealt to d270dc8c 
Dealt to c571ed81 
Dealt to Hero [Qh 8h]
c571ed81: folds
Hero: raises $0.07 to $0.12
b5e09168: folds
1aa64f66: folds
d270dc8c: calls $0.07
*** FLOP *** [3s 5d 6d]
d270dc8c: checks
Hero: bets $0.14
d270dc8c: folds
Uncalled bet ($0.14) returned to Hero
*** SHOWDOWN ***
Hero collected $0.25 from pot
*** SUMMARY ***
Total pot $0.26 | Rake $0.01 | Jackpot $0 | Bingo $0 | Fortune $0
Board [3s 5d 6d]
Seat 1: b5e09168 (button) folded before Flop (didn't bet)
Seat 2: 1aa64f66 (small blind) folded before Flop
Seat 4: d270dc8c (big blind) folded on the Flop
Seat 5: c571ed81 folded before Flop (didn't bet)
Seat 6: Hero won ($0.25)


Poker Hand #HD1158713737: Hold'em No Limit  ($0.02/$0.05) - 2023/03/13 19:22:58
Table 'NLHBlue116' 6-max Seat #6 is the button
Seat 1: b5e09168 ($6.57 in chips)
Seat 2: 1aa64f66 ($5 in chips)
Seat 3: 53d88ace ($5.42 in chips)
Seat 4: d270dc8c ($5.36 in chips)
Seat 5: c571ed81 ($5 in chips)
Seat 6: Hero ($5.14 in chips)
b5e09168: posts small blind $0.02
1aa64f66: posts big blind $0.05
*** HOLE CARDS ***
Dealt to b5e09168 
Dealt to 1aa64f66 
Dealt to 53d88ace 
Dealt to d270dc8c 
Dealt to c571ed81 
Dealt to Hero [7h 6s]
53d88ace: folds
d270dc8c: folds
c571ed81: folds
Hero: folds
b5e09168: raises $0.07 to $0.12
1aa64f66: folds
Uncalled bet ($0.07) returned to b5e09168
*** SHOWDOWN ***
b5e09168 collected $0.1 from pot
*** SUMMARY ***
Total pot $0.1 | Rake $0 | Jackpot $0 | Bingo $0 | Fortune $0
Seat 1: b5e09168 (small blind) collected ($0.1)
Seat 2: 1aa64f66 (big blind) folded before Flop
Seat 3: 53d88ace folded before Flop (didn't bet)
Seat 4: d270dc8c folded before Flop (didn't bet)
Seat 5: c571ed81 folded before Flop (didn't bet)
Seat 6: Hero (button) folded before Flop (didn't bet)


Poker Hand #HD1158713704: Hold'em No Limit  ($0.02/$0.05) - 2023/03/13 19:22:45
Table 'NLHBlue116' 6-max Seat #5 is the button
Seat 1: b5e09168 ($6.62 in chips)
Seat 3: 53d88ace ($5.35 in chips)
Seat 4: d270dc8c ($5.36 in chips)
Seat 5: c571ed81 ($5 in chips)
Seat 6: Hero ($5.16 in chips)
Hero: posts small blind $0.02
b5e09168: posts big blind $0.05
*** HOLE CARDS ***
Dealt to b5e09168 
Dealt to 53d88ace 
Dealt to d270dc8c 
Dealt to c571ed81 
Dealt to Hero [7d Jd]
53d88ace: raises $0.08 to $0.13
d270dc8c: folds
c571ed81: folds
Hero: folds
b5e09168: folds
Uncalled bet ($0.08) returned to 53d88ace
*** SHOWDOWN ***
53d88ace collected $0.12 from pot
*** SUMMARY ***
Total pot $0.12 | Rake $0 | Jackpot $0 | Bingo $0 | Fortune $0
Seat 1: b5e09168 (big blind) folded before Flop
Seat 3: 53d88ace collected ($0.12)
Seat 4: d270dc8c folded before Flop (didn't bet)
Seat 5: c571ed81 (button) folded before Flop (didn't bet)
Seat 6: Hero (small blind) folded before Flop


Poker Hand #HD1158713613: Hold'em No Limit  ($0.02/$0.05) - 2023/03/13 19:22:10
Table 'NLHBlue116' 6-max Seat #4 is the button
Seat 1: b5e09168 ($6.62 in chips)
Seat 3: 53d88ace ($5.28 in chips)
Seat 4: d270dc8c ($5.36 in chips)
Seat 5: c571ed81 ($5.02 in chips)
Seat 6: Hero ($5.21 in chips)
c571ed81: posts small blind $0.02
Hero: posts big blind $0.05
*** HOLE CARDS ***
Dealt to b5e09168 
Dealt to 53d88ace 
Dealt to d270dc8c 
Dealt to c571ed81 
Dealt to Hero [As 3c]
b5e09168: folds
53d88ace: raises $0.08 to $0.13
d270dc8c: folds
c571ed81: folds
Hero: folds
Uncalled bet ($0.08) returned to 53d88ace
*** SHOWDOWN ***
53d88ace collected $0.12 from pot
*** SUMMARY ***
Total pot $0.12 | Rake $0 | Jackpot $0 | Bingo $0 | Fortune $0
Seat 1: b5e09168 folded before Flop (didn't bet)
Seat 3: 53d88ace collected ($0.12)
Seat 4: d270dc8c (button) folded before Flop (didn't bet)
Seat 5: c571ed81 (small blind) folded before Flop
Seat 6: Hero (big blind) folded before Flop


Poker Hand #HD1158713557: Hold'em No Limit  ($0.02/$0.05) - 2023/03/13 19:21:44
Table 'NLHBlue116' 6-max Seat #3 is the button
Seat 1: b5e09168 ($6.62 in chips)
Seat 3: 53d88ace ($5.28 in chips)
Seat 4: d270dc8c ($5.38 in chips)
Seat 5: c571ed81 ($5.07 in chips)
Seat 6: Hero ($5.14 in chips)
d270dc8c: posts small blind $0.02
c571ed81: posts big blind $0.05
*** HOLE CARDS ***
Dealt to b5e09168 
Dealt to 53d88ace 
Dealt to d270dc8c 
Dealt to c571ed81 
Dealt to Hero [Ad 5d]
Hero: raises $0.07 to $0.12
b5e09168: folds
53d88ace: folds
d270dc8c: folds
c571ed81: folds
Uncalled bet ($0.07) returned to Hero
*** SHOWDOWN ***
Hero collected $0.12 from pot
*** SUMMARY ***
Total pot $0.12 | Rake $0 | Jackpot $0 | Bingo $0 | Fortune $0
Seat 1: b5e09168 folded before Flop (didn't bet)
Seat 3: 53d88ace (button) folded before Flop (didn't bet)
Seat 4: d270dc8c (small blind) folded before Flop
Seat 5: c571ed81 (big blind) folded before Flop
Seat 6: Hero collected ($0.12)


Poker Hand #HD1158713482: Hold'em No Limit  ($0.02/$0.05) - 2023/03/13 19:21:15
Table 'NLHBlue116' 6-max Seat #1 is the button
Seat 1: b5e09168 ($6.62 in chips)
Seat 3: 53d88ace ($5.3 in chips)
Seat 4: d270dc8c ($5.43 in chips)
Seat 5: c571ed81 ($5 in chips)
Seat 6: Hero ($5.14 in chips)
53d88ace: posts small blind $0.02
d270dc8c: posts big blind $0.05
*** HOLE CARDS ***
Dealt to b5e09168 
Dealt to 53d88ace 
Dealt to d270dc8c 
Dealt to c571ed81 
Dealt to Hero [Ah 8d]
c571ed81: raises $0.08 to $0.13
Hero: folds
b5e09168: folds
53d88ace: folds
d270dc8c: folds
Uncalled bet ($0.08) returned to c571ed81
*** SHOWDOWN ***
c571ed81 collected $0.12 from pot
*** SUMMARY ***
Total pot $0.12 | Rake $0 | Jackpot $0 | Bingo $0 | Fortune $0
Seat 1: b5e09168 (button) folded before Flop (didn't bet)
Seat 3: 53d88ace (small blind) folded before Flop
Seat 4: d270dc8c (big blind) folded before Flop
Seat 5: c571ed81 collected ($0.12)
Seat 6: Hero folded before Flop (didn't bet)


Poker Hand #HD1158713419: Hold'em No Limit  ($0.02/$0.05) - 2023/03/13 19:20:48
Table 'NLHBlue116' 6-max Seat #6 is the button
Seat 1: b5e09168 ($6.57 in chips)
Seat 3: 53d88ace ($5.35 in chips)
Seat 4: d270dc8c ($5.43 in chips)
Seat 5: c571ed81 ($5 in chips)
Seat 6: Hero ($5.14 in chips)
b5e09168: posts small blind $0.02
53d88ace: posts big blind $0.05
*** HOLE CARDS ***
Dealt to b5e09168 
Dealt to 53d88ace 
Dealt to d270dc8c 
Dealt to c571ed81 
Dealt to Hero [6h Js]
d270dc8c: folds
c571ed81: folds
Hero: folds
b5e09168: raises $0.07 to $0.12
53d88ace: folds
Uncalled bet ($0.07) returned to b5e09168
*** SHOWDOWN ***
b5e09168 collected $0.1 from pot
*** SUMMARY ***
Total pot $0.1 | Rake $0 | Jackpot $0 | Bingo $0 | Fortune $0
Seat 1: b5e09168 (small blind) collected ($0.1)
Seat 3: 53d88ace (big blind) folded before Flop
Seat 4: d270dc8c folded before Flop (didn't bet)
Seat 5: c571ed81 folded before Flop (didn't bet)
Seat 6: Hero (button) folded before Flop (didn't bet)


Poker Hand #HD1158713328: Hold'em No Limit  ($0.02/$0.05) - 2023/03/13 19:20:11
Table 'NLHBlue116' 6-max Seat #5 is the button
Seat 1: b5e09168 ($6.7 in chips)
Seat 2: 70c3a387 ($6.46 in chips)
Seat 3: 53d88ace ($5.21 in chips)
Seat 4: d270dc8c ($5.43 in chips)
Seat 5: c571ed81 ($5 in chips)
Seat 6: Hero ($5.16 in chips)
Hero: posts small blind $0.02
b5e09168: posts big blind $0.05
*** HOLE CARDS ***
Dealt to b5e09168 
Dealt to 70c3a387 
Dealt to 53d88ace 
Dealt to d270dc8c 
Dealt to c571ed81 
Dealt to Hero [Qs Kd]
70c3a387: folds
53d88ace: raises $0.08 to $0.13
d270dc8c: folds
c571ed81: folds
Hero: folds
b5e09168: calls $0.08
*** FLOP *** [5c Ks 8c]
b5e09168: checks
53d88ace: bets $0.14
b5e09168: folds
Uncalled bet ($0.14) returned to 53d88ace
*** SHOWDOWN ***
53d88ace collected $0.27 from pot
*** SUMMARY ***
Total pot $0.28 | Rake $0.01 | Jackpot $0 | Bingo $0 | Fortune $0
Board [5c Ks 8c]
Seat 1: b5e09168 (big blind) folded on the Flop
Seat 2: 70c3a387 folded before Flop (didn't bet)
Seat 3: 53d88ace won ($0.27)
Seat 4: d270dc8c folded before Flop (didn't bet)
Seat 5: c571ed81 (button) folded before Flop (didn't bet)
Seat 6: Hero (small blind) folded before Flop


Poker Hand #HD1158713187: Hold'em No Limit  ($0.02/$0.05) - 2023/03/13 19:19:20
Table 'NLHBlue116' 6-max Seat #4 is the button
Seat 1: b5e09168 ($6.7 in chips)
Seat 2: 70c3a387 ($6.19 in chips)
Seat 3: 53d88ace ($5.21 in chips)
Seat 4: d270dc8c ($5.43 in chips)
Seat 5: c571ed81 ($5 in chips)
Seat 6: Hero ($5.21 in chips)
c571ed81: posts small blind $0.02
Hero: posts big blind $0.05
*** HOLE CARDS ***
Dealt to b5e09168 
Dealt to 70c3a387 
Dealt to 53d88ace 
Dealt to d270dc8c 
Dealt to c571ed81 
Dealt to Hero [9s 4d]
b5e09168: folds
70c3a387: raises $0.08 to $0.13
53d88ace: folds
d270dc8c: folds
c571ed81: calls $0.11
Hero: folds
*** FLOP *** [Qd 4h 3d]
c571ed81: checks
70c3a387: bets $0.11
c571ed81: calls $0.11
*** TURN *** [Qd 4h 3d] [2d]
c571ed81: checks
70c3a387: checks
*** RIVER *** [Qd 4h 3d 2d] [As]
c571ed81: checks
70c3a387: bets $0.34
c571ed81: folds
Uncalled bet ($0.34) returned to 70c3a387
*** SHOWDOWN ***
70c3a387 collected $0.51 from pot
*** SUMMARY ***
Total pot $0.53 | Rake $0.02 | Jackpot $0 | Bingo $0 | Fortune $0
Board [Qd 4h 3d 2d As]
Seat 1: b5e09168 folded before Flop (didn't bet)
Seat 2: 70c3a387 won ($0.51)
Seat 3: 53d88ace folded before Flop (didn't bet)
Seat 4: d270dc8c (button) folded before Flop (didn't bet)
Seat 5: c571ed81 (small blind) folded on the River
Seat 6: Hero (big blind) folded before Flop


Poker Hand #HD1158713107: Hold'em No Limit  ($0.02/$0.05) - 2023/03/13 19:18:47
Table 'NLHBlue116' 6-max Seat #3 is the button
Seat 1: b5e09168 ($6.7 in chips)
Seat 2: 70c3a387 ($6.19 in chips)
Seat 3: 53d88ace ($5.21 in chips)
Seat 4: d270dc8c ($5.45 in chips)
Seat 5: c571ed81 ($5 in chips)
Seat 6: Hero ($5.14 in chips)
d270dc8c: posts small blind $0.02
c571ed81: posts big blind $0.05
*** HOLE CARDS ***
Dealt to b5e09168 
Dealt to 70c3a387 
Dealt to 53d88ace 
Dealt to d270dc8c 
Dealt to c571ed81 
Dealt to Hero [8c Ac]
Hero: raises $0.07 to $0.12
b5e09168: folds
70c3a387: folds
53d88ace: folds
d270dc8c: folds
c571ed81: folds
Uncalled bet ($0.07) returned to Hero
*** SHOWDOWN ***
Hero collected $0.12 from pot
*** SUMMARY ***
Total pot $0.12 | Rake $0 | Jackpot $0 | Bingo $0 | Fortune $0
Seat 1: b5e09168 folded before Flop (didn't bet)
Seat 2: 70c3a387 folded before Flop (didn't bet)
Seat 3: 53d88ace (button) folded before Flop (didn't bet)
Seat 4: d270dc8c (small blind) folded before Flop
Seat 5: c571ed81 (big blind) folded before Flop
Seat 6: Hero collected ($0.12)


Poker Hand #HD1158713073: Hold'em No Limit  ($0.02/$0.05) - 2023/03/13 19:18:33
Table 'NLHBlue116' 6-max Seat #2 is the button
Seat 1: b5e09168 ($6.7 in chips)
Seat 2: 70c3a387 ($6.19 in chips)
Seat 3: 53d88ace ($5.23 in chips)
Seat 4: d270dc8c ($5.43 in chips)
Seat 5: c571ed81 ($5 in chips)
Seat 6: Hero ($5.14 in chips)
53d88ace: posts small blind $0.02
d270dc8c: posts big blind $0.05
*** HOLE CARDS ***
Dealt to b5e09168 
Dealt to 70c3a387 
Dealt to 53d88ace 
Dealt to d270dc8c 
Dealt to c571ed81 
Dealt to Hero [Ks 9c]
c571ed81: folds
Hero: folds
b5e09168: folds
70c3a387: folds
53d88ace: folds
Uncalled bet ($0.03) returned to d270dc8c
*** SHOWDOWN ***
d270dc8c collected $0.04 from pot
*** SUMMARY ***
Total pot $0.04 | Rake $0 | Jackpot $0 | Bingo $0 | Fortune $0
Seat 1: b5e09168 folded before Flop (didn't bet)
Seat 2: 70c3a387 (button) folded before Flop (didn't bet)
Seat 3: 53d88ace (small blind) folded before Flop
Seat 4: d270dc8c (big blind) collected ($0.04)
Seat 5: c571ed81 folded before Flop (didn't bet)
Seat 6: Hero folded before Flop (didn't bet)


Poker Hand #HD1158713045: Hold'em No Limit  ($0.02/$0.05) - 2023/03/13 19:18:22
Table 'NLHBlue116' 6-max Seat #1 is the button
Seat 1: b5e09168 ($6.63 in chips)
Seat 2: 70c3a387 ($6.21 in chips)
Seat 3: 53d88ace ($5.28 in chips)
Seat 4: d270dc8c ($5.43 in chips)
Seat 5: c571ed81 ($5 in chips)
Seat 6: Hero ($5.14 in chips)
70c3a387: posts small blind $0.02
53d88ace: posts big blind $0.05
*** HOLE CARDS ***
Dealt to b5e09168 
Dealt to 70c3a387 
Dealt to 53d88ace 
Dealt to d270dc8c 
Dealt to c571ed81 
Dealt to Hero [6h Ks]
d270dc8c: folds
c571ed81: folds
Hero: folds
b5e09168: raises $0.07 to $0.12
70c3a387: folds
53d88ace: folds
Uncalled bet ($0.07) returned to b5e09168
*** SHOWDOWN ***
b5e09168 collected $0.12 from pot
*** SUMMARY ***
Total pot $0.12 | Rake $0 | Jackpot $0 | Bingo $0 | Fortune $0
Seat 1: b5e09168 (button) collected ($0.12)
Seat 2: 70c3a387 (small blind) folded before Flop
Seat 3: 53d88ace (big blind) folded before Flop
Seat 4: d270dc8c folded before Flop (didn't bet)
Seat 5: c571ed81 folded before Flop (didn't bet)
Seat 6: Hero folded before Flop (didn't bet)


Poker Hand #HD1158712837: Hold'em No Limit  ($0.02/$0.05) - 2023/03/13 19:17:00
Table 'NLHBlue116' 6-max Seat #6 is the button
Seat 1: b5e09168 ($6.65 in chips)
Seat 2: 70c3a387 ($6.26 in chips)
Seat 3: 53d88ace ($5.52 in chips)
Seat 4: d270dc8c ($5.43 in chips)
Seat 5: c571ed81 ($5.18 in chips)
Seat 6: Hero ($5.14 in chips)
b5e09168: posts small blind $0.02
70c3a387: posts big blind $0.05
*** HOLE CARDS ***
Dealt to b5e09168 
Dealt to 70c3a387 
Dealt to 53d88ace 
Dealt to d270dc8c 
Dealt to c571ed81 
Dealt to Hero [8s 8d]
53d88ace: raises $0.08 to $0.13
d270dc8c: folds
c571ed81: raises $0.25 to $0.38
Hero: folds
b5e09168: folds
70c3a387: folds
53d88ace: raises $0.94 to $1.32
c571ed81: calls $0.94
*** FLOP *** [3c 4d 6s]
53d88ace: bets $0.94
c571ed81: calls $0.94
*** TURN *** [3c 4d 6s] [Jd]
53d88ace: checks
c571ed81: bets $2.92 and is all-in
53d88ace: calls $2.92
c571ed81: shows [Qc Qh] (Pair of Queens)
53d88ace: shows [Ah Kh] (Ace-High)
*** FIRST RIVER *** [3c 4d 6s Jd] [Ac]
*** SECOND RIVER *** [3c 4d 6s Jd] [Qs]
*** FIRST SHOWDOWN ***
53d88ace collected $4.94 from pot
*** SECOND SHOWDOWN ***
c571ed81 collected $4.94 from pot
*** SUMMARY ***
Total pot $10.43 | Rake $0.5 | Jackpot $0.05 | Bingo $0 | Fortune $0
Hand was run two times
FIRST Board [3c 4d 6s Jd Ac]
SECOND Board [Qs]
Seat 1: b5e09168 (small blind) folded before Flop
Seat 2: 70c3a387 (big blind) folded before Flop
Seat 3: 53d88ace showed [Ah Kh] and won ($4.94) with Pair of Aces, and lost
Seat 4: d270dc8c folded before Flop (didn't bet)
Seat 5: c571ed81 showed [Qc Qh] and lost with Pair of Queens, and won ($4.94)
Seat 6: Hero (button) folded before Flop (didn't bet)


Poker Hand #HD1158712790: Hold'em No Limit  ($0.02/$0.05) - 2023/03/13 19:16:43
Table 'NLHBlue116' 6-max Seat #5 is the button
Seat 1: b5e09168 ($6.7 in chips)
Seat 2: 70c3a387 ($6.19 in chips)
Seat 3: 53d88ace ($5.52 in chips)
Seat 4: d270dc8c ($5.43 in chips)
Seat 5: c571ed81 ($5.18 in chips)
Seat 6: Hero ($5.16 in chips)
Hero: posts small blind $0.02
b5e09168: posts big blind $0.05
*** HOLE CARDS ***
Dealt to b5e09168 
Dealt to 70c3a387 
Dealt to 53d88ace 
Dealt to d270dc8c 
Dealt to c571ed81 
Dealt to Hero [Jc 4s]
70c3a387: raises $0.08 to $0.13
53d88ace: folds
d270dc8c: folds
c571ed81: folds
Hero: folds
b5e09168: folds
Uncalled bet ($0.08) returned to 70c3a387
*** SHOWDOWN ***
70c3a387 collected $0.12 from pot
*** SUMMARY ***
Total pot $0.12 | Rake $0 | Jackpot $0 | Bingo $0 | Fortune $0
Seat 1: b5e09168 (big blind) folded before Flop
Seat 2: 70c3a387 collected ($0.12)
Seat 3: 53d88ace folded before Flop (didn't bet)
Seat 4: d270dc8c folded before Flop (didn't bet)
Seat 5: c571ed81 (button) folded before Flop (didn't bet)
Seat 6: Hero (small blind) folded before Flop


Poker Hand #HD1158712744: Hold'em No Limit  ($0.02/$0.05) - 2023/03/13 19:16:26
Table 'NLHBlue116' 6-max Seat #4 is the button
Seat 1: b5e09168 ($6.7 in chips)
Seat 2: 70c3a387 ($6.19 in chips)
Seat 3: 53d88ace ($5.52 in chips)
Seat 4: d270dc8c ($5.43 in chips)
Seat 5: c571ed81 ($5.2 in chips)
Seat 6: Hero ($5.14 in chips)
c571ed81: posts small blind $0.02
Hero: posts big blind $0.05
*** HOLE CARDS ***
Dealt to b5e09168 
Dealt to 70c3a387 
Dealt to 53d88ace 
Dealt to d270dc8c 
Dealt to c571ed81 
Dealt to Hero [5d Tc]
b5e09168: folds
70c3a387: folds
53d88ace: folds
d270dc8c: folds
c571ed81: folds
Uncalled bet ($0.03) returned to Hero
*** SHOWDOWN ***
Hero collected $0.04 from pot
*** SUMMARY ***
Total pot $0.04 | Rake $0 | Jackpot $0 | Bingo $0 | Fortune $0
Seat 1: b5e09168 folded before Flop (didn't bet)
Seat 2: 70c3a387 folded before Flop (didn't bet)
Seat 3: 53d88ace folded before Flop (didn't bet)
Seat 4: d270dc8c (button) folded before Flop (didn't bet)
Seat 5: c571ed81 (small blind) folded before Flop
Seat 6: Hero (big blind) collected ($0.04)


Poker Hand #HD1158712713: Hold'em No Limit  ($0.02/$0.05) - 2023/03/13 19:16:12
Table 'NLHBlue116' 6-max Seat #3 is the button
Seat 1: b5e09168 ($6.7 in chips)
Seat 2: 70c3a387 ($6.19 in chips)
Seat 3: 53d88ace ($5.52 in chips)
Seat 4: d270dc8c ($5.45 in chips)
Seat 5: c571ed81 ($5.25 in chips)
Seat 6: Hero ($5.07 in chips)
d270dc8c: posts small blind $0.02
c571ed81: posts big blind $0.05
*** HOLE CARDS ***
Dealt to b5e09168 
Dealt to 70c3a387 
Dealt to 53d88ace 
Dealt to d270dc8c 
Dealt to c571ed81 
Dealt to Hero [8c 7c]
Hero: raises $0.07 to $0.12
b5e09168: folds
70c3a387: folds
53d88ace: folds
d270dc8c: folds
c571ed81: folds
Uncalled bet ($0.07) returned to Hero
*** SHOWDOWN ***
Hero collected $0.12 from pot
*** SUMMARY ***
Total pot $0.12 | Rake $0 | Jackpot $0 | Bingo $0 | Fortune $0
Seat 1: b5e09168 folded before Flop (didn't bet)
Seat 2: 70c3a387 folded before Flop (didn't bet)
Seat 3: 53d88ace (button) folded before Flop (didn't bet)
Seat 4: d270dc8c (small blind) folded before Flop
Seat 5: c571ed81 (big blind) folded before Flop
Seat 6: Hero collected ($0.12)


Poker Hand #HD1158712604: Hold'em No Limit  ($0.02/$0.05) - 2023/03/13 19:15:36
Table 'NLHBlue116' 6-max Seat #2 is the button
Seat 1: b5e09168 ($6.7 in chips)
Seat 2: 70c3a387 ($6.02 in chips)
Seat 3: 53d88ace ($5.65 in chips)
Seat 4: d270dc8c ($5.5 in chips)
Seat 5: c571ed81 ($5.25 in chips)
Seat 6: Hero ($5.07 in chips)
53d88ace: posts small blind $0.02
d270dc8c: posts big blind $0.05
*** HOLE CARDS ***
Dealt to b5e09168 
Dealt to 70c3a387 
Dealt to 53d88ace 
Dealt to d270dc8c 
Dealt to c571ed81 
Dealt to Hero [7d 3c]
c571ed81: folds
Hero: folds
b5e09168: folds
70c3a387: raises $0.08 to $0.13
53d88ace: calls $0.11
d270dc8c: folds
*** FLOP *** [Kd 4s 6d]
53d88ace: checks
70c3a387: bets $0.11
53d88ace: folds
Uncalled bet ($0.11) returned to 70c3a387
*** SHOWDOWN ***
70c3a387 collected $0.3 from pot
*** SUMMARY ***
Total pot $0.31 | Rake $0.01 | Jackpot $0 | Bingo $0 | Fortune $0
Board [Kd 4s 6d]
Seat 1: b5e09168 folded before Flop (didn't bet)
Seat 2: 70c3a387 (button) won ($0.3)
Seat 3: 53d88ace (small blind) folded on the Flop
Seat 4: d270dc8c (big blind) folded before Flop
Seat 5: c571ed81 folded before Flop (didn't bet)
Seat 6: Hero folded before Flop (didn't bet)


Poker Hand #HD1158712543: Hold'em No Limit  ($0.02/$0.05) - 2023/03/13 19:15:09
Table 'NLHBlue116' 6-max Seat #1 is the button
Seat 1: b5e09168 ($6.7 in chips)
Seat 2: 70c3a387 ($6.04 in chips)
Seat 3: 53d88ace ($5.7 in chips)
Seat 4: d270dc8c ($5.5 in chips)
Seat 5: c571ed81 ($5.25 in chips)
Seat 6: Hero ($5 in chips)
70c3a387: posts small blind $0.02
53d88ace: posts big blind $0.05
*** HOLE CARDS ***
Dealt to b5e09168 
Dealt to 70c3a387 
Dealt to 53d88ace 
Dealt to d270dc8c 
Dealt to c571ed81 
Dealt to Hero [Kd Ah]
d270dc8c: folds
c571ed81: folds
Hero: raises $0.07 to $0.12
b5e09168: folds
70c3a387: folds
53d88ace: folds
Uncalled bet ($0.07) returned to Hero
*** SHOWDOWN ***
Hero collected $0.12 from pot
*** SUMMARY ***
Total pot $0.12 | Rake $0 | Jackpot $0 | Bingo $0 | Fortune $0
Seat 1: b5e09168 (button) folded before Flop (didn't bet)
Seat 2: 70c3a387 (small blind) folded before Flop
Seat 3: 53d88ace (big blind) folded before Flop
Seat 4: d270dc8c folded before Flop (didn't bet)
Seat 5: c571ed81 folded before Flop (didn't bet)
Seat 6: Hero collected ($0.12)


Poker Hand #HD1158712391: Hold'em No Limit  ($0.02/$0.05) - 2023/03/13 19:14:06
Table 'NLHBlue116' 6-max Seat #6 is the button
Seat 1: b5e09168 ($6.83 in chips)
Seat 2: 70c3a387 ($6.37 in chips)
Seat 3: 53d88ace ($5.28 in chips)
Seat 4: d270dc8c ($5.5 in chips)
Seat 5: c571ed81 ($5.25 in chips)
Seat 6: Hero ($5 in chips)
b5e09168: posts small blind $0.02
70c3a387: posts big blind $0.05
*** HOLE CARDS ***
Dealt to b5e09168 
Dealt to 70c3a387 
Dealt to 53d88ace 
Dealt to d270dc8c 
Dealt to c571ed81 
Dealt to Hero [7c Qd]
53d88ace: raises $0.08 to $0.13
d270dc8c: folds
c571ed81: folds
Hero: folds
b5e09168: calls $0.11
70c3a387: calls $0.08
*** FLOP *** [9h Td 7s]
b5e09168: checks
70c3a387: checks
53d88ace: bets $0.2
b5e09168: folds
70c3a387: calls $0.2
*** TURN *** [9h Td 7s] [3h]
70c3a387: checks
53d88ace: bets $0.6
70c3a387: folds
Uncalled bet ($0.6) returned to 53d88ace
*** SHOWDOWN ***
53d88ace collected $0.75 from pot
*** SUMMARY ***
Total pot $0.79 | Rake $0.04 | Jackpot $0 | Bingo $0 | Fortune $0
Board [9h Td 7s 3h]
Seat 1: b5e09168 (small blind) folded on the Flop
Seat 2: 70c3a387 (big blind) folded on the Turn
Seat 3: 53d88ace won ($0.75)
Seat 4: d270dc8c folded before Flop (didn't bet)
Seat 5: c571ed81 folded before Flop (didn't bet)
Seat 6: Hero (button) folded before Flop (didn't bet)


Poker Hand #HD1158712299: Hold'em No Limit  ($0.02/$0.05) - 2023/03/13 19:13:31
Table 'NLHBlue116' 6-max Seat #5 is the button
Seat 1: b5e09168 ($6.96 in chips)
Seat 2: 70c3a387 ($6.37 in chips)
Seat 3: 53d88ace ($5.28 in chips)
Seat 4: d270dc8c ($5.36 in chips)
Seat 5: c571ed81 ($5.25 in chips)
Seat 6: Hero ($5 in chips)
Hero: posts small blind $0.02
b5e09168: posts big blind $0.05
*** HOLE CARDS ***
Dealt to b5e09168 
Dealt to 70c3a387 
Dealt to 53d88ace 
Dealt to d270dc8c 
Dealt to c571ed81 
Dealt to Hero [3s 2c]
70c3a387: folds
53d88ace: folds
d270dc8c: raises $0.08 to $0.13
c571ed81: folds
Hero: folds
b5e09168: calls $0.08
*** FLOP *** [5s 2h Qc]
b5e09168: checks
d270dc8c: bets $0.1
b5e09168: folds
Uncalled bet ($0.1) returned to d270dc8c
*** SHOWDOWN ***
d270dc8c collected $0.27 from pot
*** SUMMARY ***
Total pot $0.28 | Rake $0.01 | Jackpot $0 | Bingo $0 | Fortune $0
Board [5s 2h Qc]
Seat 1: b5e09168 (big blind) folded on the Flop
Seat 2: 70c3a387 folded before Flop (didn't bet)
Seat 3: 53d88ace folded before Flop (didn't bet)
Seat 4: d270dc8c won ($0.27)
Seat 5: c571ed81 (button) folded before Flop (didn't bet)
Seat 6: Hero (small blind) folded before Flop


Poker Hand #HD1158712204: Hold'em No Limit  ($0.02/$0.05) - 2023/03/13 19:12:49
Table 'NLHBlue116' 6-max Seat #4 is the button
Seat 1: b5e09168 ($6.96 in chips)
Seat 2: 70c3a387 ($6.37 in chips)
Seat 3: 53d88ace ($5.28 in chips)
Seat 4: d270dc8c ($5.49 in chips)
Seat 5: c571ed81 ($5.08 in chips)
Seat 6: Hero ($5 in chips)
c571ed81: posts small blind $0.02
Hero: posts big blind $0.05
*** HOLE CARDS ***
Dealt to b5e09168 
Dealt to 70c3a387 
Dealt to 53d88ace 
Dealt to d270dc8c 
Dealt to c571ed81 
Dealt to Hero [As 9d]
b5e09168: folds
70c3a387: folds
53d88ace: folds
d270dc8c: raises $0.08 to $0.13
c571ed81: raises $0.47 to $0.6
Hero: folds
d270dc8c: folds
Uncalled bet ($0.47) returned to c571ed81
*** SHOWDOWN ***
c571ed81 collected $0.3 from pot
*** SUMMARY ***
Total pot $0.31 | Rake $0.01 | Jackpot $0 | Bingo $0 | Fortune $0
Seat 1: b5e09168 folded before Flop (didn't bet)
Seat 2: 70c3a387 folded before Flop (didn't bet)
Seat 3: 53d88ace folded before Flop (didn't bet)
Seat 4: d270dc8c (button) folded before Flop
Seat 5: c571ed81 (small blind) collected ($0.3)
Seat 6: Hero (big blind) folded before Flop


Poker Hand #HD1158712150: Hold'em No Limit  ($0.02/$0.05) - 2023/03/13 19:12:30
Table 'NLHBlue116' 6-max Seat #3 is the button
Seat 1: b5e09168 ($6.89 in chips)
Seat 2: 70c3a387 ($6.37 in chips)
Seat 3: 53d88ace ($5.28 in chips)
Seat 4: d270dc8c ($5.51 in chips)
Seat 5: c571ed81 ($5.13 in chips)
Seat 6: Hero ($5 in chips)
d270dc8c: posts small blind $0.02
c571ed81: posts big blind $0.05
*** HOLE CARDS ***
Dealt to b5e09168 
Dealt to 70c3a387 
Dealt to 53d88ace 
Dealt to d270dc8c 
Dealt to c571ed81 
Dealt to Hero [Kh Jc]
Hero: folds
b5e09168: raises $0.1 to $0.15
70c3a387: folds
53d88ace: folds
d270dc8c: folds
c571ed81: folds
Uncalled bet ($0.1) returned to b5e09168
*** SHOWDOWN ***
b5e09168 collected $0.12 from pot
*** SUMMARY ***
Total pot $0.12 | Rake $0 | Jackpot $0 | Bingo $0 | Fortune $0
Seat 1: b5e09168 collected ($0.12)
Seat 2: 70c3a387 folded before Flop (didn't bet)
Seat 3: 53d88ace (button) folded before Flop (didn't bet)
Seat 4: d270dc8c (small blind) folded before Flop
Seat 5: c571ed81 (big blind) folded before Flop
Seat 6: Hero folded before Flop (didn't bet)


Poker Hand #HD1158712088: Hold'em No Limit  ($0.02/$0.05) - 2023/03/13 19:12:05
Table 'NLHBlue116' 6-max Seat #2 is the button
Seat 1: b5e09168 ($6.89 in chips)
Seat 2: 70c3a387 ($6.37 in chips)
Seat 3: 53d88ace ($5.43 in chips)
Seat 4: d270dc8c ($5.37 in chips)
Seat 5: c571ed81 ($5.13 in chips)
Seat 6: Hero ($5 in chips)
53d88ace: posts small blind $0.02
d270dc8c: posts big blind $0.05
*** HOLE CARDS ***
Dealt to b5e09168 
Dealt to 70c3a387 
Dealt to 53d88ace 
Dealt to d270dc8c 
Dealt to c571ed81 
Dealt to Hero [Kd 4h]
c571ed81: folds
Hero: folds
b5e09168: folds
70c3a387: folds
53d88ace: raises $0.1 to $0.15
d270dc8c: raises $0.3 to $0.45
53d88ace: folds
Uncalled bet ($0.3) returned to d270dc8c
*** SHOWDOWN ***
d270dc8c collected $0.29 from pot
*** SUMMARY ***
Total pot $0.3 | Rake $0.01 | Jackpot $0 | Bingo $0 | Fortune $0
Seat 1: b5e09168 folded before Flop (didn't bet)
Seat 2: 70c3a387 (button) folded before Flop (didn't bet)
Seat 3: 53d88ace (small blind) folded before Flop
Seat 4: d270dc8c (big blind) collected ($0.29)
Seat 5: c571ed81 folded before Flop (didn't bet)
Seat 6: Hero folded before Flop (didn't bet)


Poker Hand #HD1158711949: Hold'em No Limit  ($0.02/$0.05) - 2023/03/13 19:11:13
Table 'NLHBlue116' 6-max Seat #1 is the button
Seat 1: b5e09168 ($6.89 in chips)
Seat 2: 70c3a387 ($6.39 in chips)
Seat 3: 53d88ace ($5.29 in chips)
Seat 4: d270dc8c ($5.37 in chips)
Seat 5: c571ed81 ($5.26 in chips)
Seat 6: Hero ($5 in chips)
70c3a387: posts small blind $0.02
53d88ace: posts big blind $0.05
*** HOLE CARDS ***
Dealt to b5e09168 
Dealt to 70c3a387 
Dealt to 53d88ace 
Dealt to d270dc8c 
Dealt to c571ed81 
Dealt to Hero [3c Td]
d270dc8c: folds
c571ed81: raises $0.08 to $0.13
Hero: folds
b5e09168: folds
70c3a387: folds
53d88ace: calls $0.08
*** FLOP *** [9h Qc Ac]
53d88ace: checks
c571ed81: checks
*** TURN *** [9h Qc Ac] [Kc]
53d88ace: checks
c571ed81: checks
*** RIVER *** [9h Qc Ac Kc] [6s]
53d88ace: bets $0.14
c571ed81: folds
Uncalled bet ($0.14) returned to 53d88ace
*** SHOWDOWN ***
53d88ace collected $0.27 from pot
*** SUMMARY ***
Total pot $0.28 | Rake $0.01 | Jackpot $0 | Bingo $0 | Fortune $0
Board [9h Qc Ac Kc 6s]
Seat 1: b5e09168 (button) folded before Flop (didn't bet)
Seat 2: 70c3a387 (small blind) folded before Flop
Seat 3: 53d88ace (big blind) won ($0.27)
Seat 4: d270dc8c folded before Flop (didn't bet)
Seat 5: c571ed81 folded on the River
Seat 6: Hero folded before Flop (didn't bet)


Poker Hand #HD1158711922: Hold'em No Limit  ($0.02/$0.05) - 2023/03/13 19:11:01
Table 'NLHBlue116' 6-max Seat #6 is the button
Seat 1: b5e09168 ($6.91 in chips)
Seat 2: 70c3a387 ($6.37 in chips)
Seat 3: 53d88ace ($5.29 in chips)
Seat 4: d270dc8c ($5.37 in chips)
Seat 5: c571ed81 ($5.26 in chips)
Seat 6: Hero ($5 in chips)
b5e09168: posts small blind $0.02
70c3a387: posts big blind $0.05
*** HOLE CARDS ***
Dealt to b5e09168 
Dealt to 70c3a387 
Dealt to 53d88ace 
Dealt to d270dc8c 
Dealt to c571ed81 
Dealt to Hero [Kc 4s]
53d88ace: folds
d270dc8c: folds
c571ed81: folds
Hero: folds
b5e09168: folds
Uncalled bet ($0.03) returned to 70c3a387
*** SHOWDOWN ***
70c3a387 collected $0.04 from pot
*** SUMMARY ***
Total pot $0.04 | Rake $0 | Jackpot $0 | Bingo $0 | Fortune $0
Seat 1: b5e09168 (small blind) folded before Flop
Seat 2: 70c3a387 (big blind) collected ($0.04)
Seat 3: 53d88ace folded before Flop (didn't bet)
Seat 4: d270dc8c folded before Flop (didn't bet)
Seat 5: c571ed81 folded before Flop (didn't bet)
Seat 6: Hero (button) folded before Flop (didn't bet)


Poker Hand #HD1158711875: Hold'em No Limit  ($0.02/$0.05) - 2023/03/13 19:10:44
Table 'NLHBlue116' 6-max Seat #5 is the button
Seat 1: b5e09168 ($6.96 in chips)
Seat 2: 70c3a387 ($6.37 in chips)
Seat 3: 53d88ace ($5.29 in chips)
Seat 4: d270dc8c ($5.37 in chips)
Seat 5: c571ed81 ($5.19 in chips)
Seat 6: Hero ($5 in chips)
Hero: posts small blind $0.02
b5e09168: posts big blind $0.05
*** HOLE CARDS ***
Dealt to b5e09168 
Dealt to 70c3a387 
Dealt to 53d88ace 
Dealt to d270dc8c 
Dealt to c571ed81 
Dealt to Hero [6s Qs]
70c3a387: folds
53d88ace: folds
d270dc8c: folds
c571ed81: raises $0.08 to $0.13
Hero: folds
b5e09168: folds
Uncalled bet ($0.08) returned to c571ed81
*** SHOWDOWN ***
c571ed81 collected $0.12 from pot
*** SUMMARY ***
Total pot $0.12 | Rake $0 | Jackpot $0 | Bingo $0 | Fortune $0
Seat 1: b5e09168 (big blind) folded before Flop
Seat 2: 70c3a387 folded before Flop (didn't bet)
Seat 3: 53d88ace folded before Flop (didn't bet)
Seat 4: d270dc8c folded before Flop (didn't bet)
Seat 5: c571ed81 (button) collected ($0.12)
Seat 6: Hero (small blind) folded before Flop


Poker Hand #HD1158711834: Hold'em No Limit  ($0.02/$0.05) - 2023/03/13 19:10:26
Table 'NLHBlue116' 6-max Seat #4 is the button
Seat 1: b5e09168 ($6.96 in chips)
Seat 2: 70c3a387 ($6.37 in chips)
Seat 3: 53d88ace ($5.29 in chips)
Seat 4: d270dc8c ($5.3 in chips)
Seat 5: c571ed81 ($5.21 in chips)
Seat 6: Hero ($5.03 in chips)
c571ed81: posts small blind $0.02
Hero: posts big blind $0.05
*** HOLE CARDS ***
Dealt to b5e09168 
Dealt to 70c3a387 
Dealt to 53d88ace 
Dealt to d270dc8c 
Dealt to c571ed81 
Dealt to Hero [5h 2c]
b5e09168: folds
70c3a387: folds
53d88ace: folds
d270dc8c: raises $0.08 to $0.13
c571ed81: folds
Hero: folds
Uncalled bet ($0.08) returned to d270dc8c
*** SHOWDOWN ***
d270dc8c collected $0.12 from pot
*** SUMMARY ***
Total pot $0.12 | Rake $0 | Jackpot $0 | Bingo $0 | Fortune $0
Seat 1: b5e09168 folded before Flop (didn't bet)
Seat 2: 70c3a387 folded before Flop (didn't bet)
Seat 3: 53d88ace folded before Flop (didn't bet)
Seat 4: d270dc8c (button) collected ($0.12)
Seat 5: c571ed81 (small blind) folded before Flop
Seat 6: Hero (big blind) folded before Flop


Poker Hand #HD1158711698: Hold'em No Limit  ($0.02/$0.05) - 2023/03/13 19:09:35
Table 'NLHBlue116' 6-max Seat #3 is the button
Seat 1: b5e09168 ($6.96 in chips)
Seat 2: 70c3a387 ($6.5 in chips)
Seat 3: 53d88ace ($5.29 in chips)
Seat 4: d270dc8c ($5.32 in chips)
Seat 5: c571ed81 ($5.07 in chips)
Seat 6: Hero ($5.03 in chips)
d270dc8c: posts small blind $0.02
c571ed81: posts big blind $0.05
*** HOLE CARDS ***
Dealt to b5e09168 
Dealt to 70c3a387 
Dealt to 53d88ace 
Dealt to d270dc8c 
Dealt to c571ed81 
Dealt to Hero [3s 4c]
Hero: folds
b5e09168: folds
70c3a387: raises $0.08 to $0.13
53d88ace: folds
d270dc8c: folds
c571ed81: calls $0.08
*** FLOP *** [8d Tc 5s]
c571ed81: checks
70c3a387: checks
*** TURN *** [8d Tc 5s] [Jh]
c571ed81: checks
70c3a387: checks
*** RIVER *** [8d Tc 5s Jh] [5c]
c571ed81: checks
70c3a387: checks
c571ed81: shows [3d 3h] (Pair of Fives and Pair of Treys)
70c3a387: shows [7h Kh] (Pair of Fives)
*** SHOWDOWN ***
c571ed81 collected $0.27 from pot
*** SUMMARY ***
Total pot $0.28 | Rake $0.01 | Jackpot $0 | Bingo $0 | Fortune $0
Board [8d Tc 5s Jh 5c]
Seat 1: b5e09168 folded before Flop (didn't bet)
Seat 2: 70c3a387 showed [7h Kh] and lost with Pair of Fives
Seat 3: 53d88ace (button) folded before Flop (didn't bet)
Seat 4: d270dc8c (small blind) folded before Flop
Seat 5: c571ed81 (big blind) showed [3d 3h] and won ($0.27) with Pair of Fives and Pair of Treys
Seat 6: Hero folded before Flop (didn't bet)


Poker Hand #HD1158711611: Hold'em No Limit  ($0.02/$0.05) - 2023/03/13 19:08:55
Table 'NLHBlue116' 6-max Seat #2 is the button
Seat 1: b5e09168 ($7.41 in chips)
Seat 2: 70c3a387 ($6.5 in chips)
Seat 3: 53d88ace ($5.31 in chips)
Seat 4: d270dc8c ($4.89 in chips)
Seat 5: c571ed81 ($5.07 in chips)
Seat 6: Hero ($5.03 in chips)
53d88ace: posts small blind $0.02
d270dc8c: posts big blind $0.05
*** HOLE CARDS ***
Dealt to b5e09168 
Dealt to 70c3a387 
Dealt to 53d88ace 
Dealt to d270dc8c 
Dealt to c571ed81 
Dealt to Hero [6s Js]
c571ed81: folds
Hero: folds
b5e09168: raises $0.07 to $0.12
70c3a387: folds
53d88ace: folds
d270dc8c: raises $0.33 to $0.45
b5e09168: calls $0.33
*** FLOP *** [9c 5s 9d]
d270dc8c: checks
b5e09168: checks
*** TURN *** [9c 5s 9d] [Qh]
d270dc8c: bets $0.5
b5e09168: folds
Uncalled bet ($0.5) returned to d270dc8c
*** SHOWDOWN ***
d270dc8c collected $0.88 from pot
*** SUMMARY ***
Total pot $0.92 | Rake $0.04 | Jackpot $0 | Bingo $0 | Fortune $0
Board [9c 5s 9d Qh]
Seat 1: b5e09168 folded on the Turn
Seat 2: 70c3a387 (button) folded before Flop (didn't bet)
Seat 3: 53d88ace (small blind) folded before Flop
Seat 4: d270dc8c (big blind) won ($0.88)
Seat 5: c571ed81 folded before Flop (didn't bet)
Seat 6: Hero folded before Flop (didn't bet)


Poker Hand #HD1158711564: Hold'em No Limit  ($0.02/$0.05) - 2023/03/13 19:08:37
Table 'NLHBlue116' 6-max Seat #1 is the button
Seat 1: b5e09168 ($7.41 in chips)
Seat 2: 70c3a387 ($6.52 in chips)
Seat 3: 53d88ace ($5.36 in chips)
Seat 4: d270dc8c ($4.82 in chips)
Seat 5: c571ed81 ($5.07 in chips)
Seat 6: Hero ($5.03 in chips)
70c3a387: posts small blind $0.02
53d88ace: posts big blind $0.05
*** HOLE CARDS ***
Dealt to b5e09168 
Dealt to 70c3a387 
Dealt to 53d88ace 
Dealt to d270dc8c 
Dealt to c571ed81 
Dealt to Hero [Ad 4h]
d270dc8c: raises $0.08 to $0.13
c571ed81: folds
Hero: folds
b5e09168: folds
70c3a387: folds
53d88ace: folds
Uncalled bet ($0.08) returned to d270dc8c
*** SHOWDOWN ***
d270dc8c collected $0.12 from pot
*** SUMMARY ***
Total pot $0.12 | Rake $0 | Jackpot $0 | Bingo $0 | Fortune $0
Seat 1: b5e09168 (button) folded before Flop (didn't bet)
Seat 2: 70c3a387 (small blind) folded before Flop
Seat 3: 53d88ace (big blind) folded before Flop
Seat 4: d270dc8c collected ($0.12)
Seat 5: c571ed81 folded before Flop (didn't bet)
Seat 6: Hero folded before Flop (didn't bet)


Poker Hand #HD1158711524: Hold'em No Limit  ($0.02/$0.05) - 2023/03/13 19:08:24
Table 'NLHBlue116' 6-max Seat #6 is the button
Seat 1: b5e09168 ($7.43 in chips)
Seat 2: 70c3a387 ($6.5 in chips)
Seat 3: 53d88ace ($5.36 in chips)
Seat 4: d270dc8c ($4.82 in chips)
Seat 5: c571ed81 ($5.07 in chips)
Seat 6: Hero ($5.03 in chips)
b5e09168: posts small blind $0.02
70c3a387: posts big blind $0.05
*** HOLE CARDS ***
Dealt to b5e09168 
Dealt to 70c3a387 
Dealt to 53d88ace 
Dealt to d270dc8c 
Dealt to c571ed81 
Dealt to Hero [7s 5d]
53d88ace: folds
d270dc8c: folds
c571ed81: folds
Hero: folds
b5e09168: folds
Uncalled bet ($0.03) returned to 70c3a387
*** SHOWDOWN ***
70c3a387 collected $0.04 from pot
*** SUMMARY ***
Total pot $0.04 | Rake $0 | Jackpot $0 | Bingo $0 | Fortune $0
Seat 1: b5e09168 (small blind) folded before Flop
Seat 2: 70c3a387 (big blind) collected ($0.04)
Seat 3: 53d88ace folded before Flop (didn't bet)
Seat 4: d270dc8c folded before Flop (didn't bet)
Seat 5: c571ed81 folded before Flop (didn't bet)
Seat 6: Hero (button) folded before Flop (didn't bet)


Poker Hand #HD1158711468: Hold'em No Limit  ($0.02/$0.05) - 2023/03/13 19:08:00
Table 'NLHBlue116' 6-max Seat #5 is the button
Seat 1: b5e09168 ($7.48 in chips)
Seat 2: 70c3a387 ($6.5 in chips)
Seat 3: 53d88ace ($5.29 in chips)
Seat 4: d270dc8c ($4.82 in chips)
Seat 5: c571ed81 ($5.07 in chips)
Seat 6: Hero ($5.05 in chips)
Hero: posts small blind $0.02
b5e09168: posts big blind $0.05
*** HOLE CARDS ***
Dealt to b5e09168 
Dealt to 70c3a387 
Dealt to 53d88ace 
Dealt to d270dc8c 
Dealt to c571ed81 
Dealt to Hero [Js 2s]
70c3a387: folds
53d88ace: raises $0.08 to $0.13
d270dc8c: folds
c571ed81: folds
Hero: folds
b5e09168: folds
Uncalled bet ($0.08) returned to 53d88ace
*** SHOWDOWN ***
53d88ace collected $0.12 from pot
*** SUMMARY ***
Total pot $0.12 | Rake $0 | Jackpot $0 | Bingo $0 | Fortune $0
Seat 1: b5e09168 (big blind) folded before Flop
Seat 2: 70c3a387 folded before Flop (didn't bet)
Seat 3: 53d88ace collected ($0.12)
Seat 4: d270dc8c folded before Flop (didn't bet)
Seat 5: c571ed81 (button) folded before Flop (didn't bet)
Seat 6: Hero (small blind) folded before Flop


Poker Hand #HD1158711413: Hold'em No Limit  ($0.02/$0.05) - 2023/03/13 19:07:41
Table 'NLHBlue116' 6-max Seat #4 is the button
Seat 1: b5e09168 ($7.48 in chips)
Seat 2: 70c3a387 ($6.5 in chips)
Seat 3: 53d88ace ($5.29 in chips)
Seat 4: d270dc8c ($4.82 in chips)
Seat 5: c571ed81 ($5.02 in chips)
Seat 6: Hero ($5 in chips)
c571ed81: posts small blind $0.02
Hero: posts big blind $0.05
*** HOLE CARDS ***
Dealt to b5e09168 
Dealt to 70c3a387 
Dealt to 53d88ace 
Dealt to d270dc8c 
Dealt to c571ed81 
Dealt to Hero [4d 5c]
b5e09168: folds
70c3a387: folds
53d88ace: folds
d270dc8c: folds
c571ed81: raises $0.1 to $0.15
Hero: folds
Uncalled bet ($0.1) returned to c571ed81
*** SHOWDOWN ***
c571ed81 collected $0.1 from pot
*** SUMMARY ***
Total pot $0.1 | Rake $0 | Jackpot $0 | Bingo $0 | Fortune $0
Seat 1: b5e09168 folded before Flop (didn't bet)
Seat 2: 70c3a387 folded before Flop (didn't bet)
Seat 3: 53d88ace folded before Flop (didn't bet)
Seat 4: d270dc8c (button) folded before Flop (didn't bet)
Seat 5: c571ed81 (small blind) collected ($0.1)
Seat 6: Hero (big blind) folded before Flop


