Poker Hand #HD1176636239: Hold'em No Limit  ($0.02/$0.05) - 2023/03/26 13:24:53
Table 'NLHBlue74' 6-max Seat #5 is the button
Seat 1: fbdfa5ba ($5 in chips)
Seat 2: Hero ($5 in chips)
Seat 3: 2a3b2ea0 ($11.21 in chips)
Seat 4: e00b6067 ($4.46 in chips)
Seat 5: 8a9a1d02 ($6.19 in chips)
Seat 6: aac1ef94 ($7.7 in chips)
aac1ef94: posts small blind $0.02
fbdfa5ba: posts big blind $0.05
*** HOLE CARDS ***
Dealt to fbdfa5ba 
Dealt to Hero [8s 7h]
Dealt to 2a3b2ea0 
Dealt to e00b6067 
Dealt to 8a9a1d02 
Dealt to aac1ef94 
Hero: folds
2a3b2ea0: raises $0.1 to $0.15
e00b6067: folds
8a9a1d02: folds
aac1ef94: folds
fbdfa5ba: folds
Uncalled bet ($0.1) returned to 2a3b2ea0
*** SHOWDOWN ***
2a3b2ea0 collected $0.12 from pot
*** SUMMARY ***
Total pot $0.12 | Rake $0 | Jackpot $0 | Bingo $0 | Fortune $0
Seat 1: fbdfa5ba (big blind) folded before Flop
Seat 2: Hero folded before Flop (didn't bet)
Seat 3: 2a3b2ea0 collected ($0.12)
Seat 4: e00b6067 folded before Flop (didn't bet)
Seat 5: 8a9a1d02 (button) folded before Flop (didn't bet)
Seat 6: aac1ef94 (small blind) folded before Flop


Poker Hand #HD1176636118: Hold'em No Limit  ($0.02/$0.05) - 2023/03/26 13:23:59
Table 'NLHBlue74' 6-max Seat #4 is the button
Seat 1: fbdfa5ba ($5 in chips)
Seat 2: Hero ($5 in chips)
Seat 3: 2a3b2ea0 ($11.36 in chips)
Seat 4: e00b6067 ($4.46 in chips)
Seat 5: 8a9a1d02 ($6.49 in chips)
Seat 6: aac1ef94 ($7.28 in chips)
8a9a1d02: posts small blind $0.02
aac1ef94: posts big blind $0.05
*** HOLE CARDS ***
Dealt to fbdfa5ba 
Dealt to Hero [Td Qh]
Dealt to 2a3b2ea0 
Dealt to e00b6067 
Dealt to 8a9a1d02 
Dealt to aac1ef94 
fbdfa5ba: folds
Hero: folds
2a3b2ea0: raises $0.1 to $0.15
e00b6067: folds
8a9a1d02: calls $0.13
aac1ef94: calls $0.1
*** FLOP *** [7h 4c 7d]
8a9a1d02: checks
aac1ef94: checks
2a3b2ea0: checks
*** TURN *** [7h 4c 7d] [5h]
8a9a1d02: bets $0.15
aac1ef94: calls $0.15
2a3b2ea0: folds
*** RIVER *** [7h 4c 7d 5h] [5s]
8a9a1d02: checks
aac1ef94: checks
8a9a1d02: shows [8h Kh] (Pair of Sevens and Pair of Fives)
aac1ef94: shows [Js Ah] (Pair of Sevens and Pair of Fives)
*** SHOWDOWN ***
aac1ef94 collected $0.72 from pot
*** SUMMARY ***
Total pot $0.75 | Rake $0.03 | Jackpot $0 | Bingo $0 | Fortune $0
Board [7h 4c 7d 5h 5s]
Seat 1: fbdfa5ba folded before Flop (didn't bet)
Seat 2: Hero folded before Flop (didn't bet)
Seat 3: 2a3b2ea0 folded on the Turn
Seat 4: e00b6067 (button) folded before Flop (didn't bet)
Seat 5: 8a9a1d02 (small blind) showed [8h Kh] and lost with Pair of Sevens and Pair of Fives
Seat 6: aac1ef94 (big blind) showed [Js Ah] and won ($0.72) with Pair of Sevens and Pair of Fives


Poker Hand #HD1176636090: Hold'em No Limit  ($0.02/$0.05) - 2023/03/26 13:23:47
Table 'NLHBlue74' 6-max Seat #3 is the button
Seat 1: fbdfa5ba ($5 in chips)
Seat 2: Hero ($5 in chips)
Seat 3: 2a3b2ea0 ($11.36 in chips)
Seat 4: e00b6067 ($4.48 in chips)
Seat 5: 8a9a1d02 ($6.47 in chips)
Seat 6: aac1ef94 ($7.28 in chips)
e00b6067: posts small blind $0.02
8a9a1d02: posts big blind $0.05
*** HOLE CARDS ***
Dealt to fbdfa5ba 
Dealt to Hero [As 2h]
Dealt to 2a3b2ea0 
Dealt to e00b6067 
Dealt to 8a9a1d02 
Dealt to aac1ef94 
aac1ef94: folds
fbdfa5ba: folds
Hero: folds
2a3b2ea0: folds
e00b6067: folds
Uncalled bet ($0.03) returned to 8a9a1d02
*** SHOWDOWN ***
8a9a1d02 collected $0.04 from pot
*** SUMMARY ***
Total pot $0.04 | Rake $0 | Jackpot $0 | Bingo $0 | Fortune $0
Seat 1: fbdfa5ba folded before Flop (didn't bet)
Seat 2: Hero folded before Flop (didn't bet)
Seat 3: 2a3b2ea0 (button) folded before Flop (didn't bet)
Seat 4: e00b6067 (small blind) folded before Flop
Seat 5: 8a9a1d02 (big blind) collected ($0.04)
Seat 6: aac1ef94 folded before Flop (didn't bet)


Poker Hand #HD1176636054: Hold'em No Limit  ($0.02/$0.05) - 2023/03/26 13:23:31
Table 'NLHBlue74' 6-max Seat #2 is the button
Seat 1: fbdfa5ba ($5 in chips)
Seat 2: Hero ($5 in chips)
Seat 3: 2a3b2ea0 ($11.38 in chips)
Seat 4: e00b6067 ($4.53 in chips)
Seat 5: 8a9a1d02 ($6.4 in chips)
Seat 6: aac1ef94 ($7.28 in chips)
2a3b2ea0: posts small blind $0.02
e00b6067: posts big blind $0.05
*** HOLE CARDS ***
Dealt to fbdfa5ba 
Dealt to Hero [9d Jd]
Dealt to 2a3b2ea0 
Dealt to e00b6067 
Dealt to 8a9a1d02 
Dealt to aac1ef94 
8a9a1d02: raises $0.15 to $0.2
aac1ef94: folds
fbdfa5ba: folds
Hero: folds
2a3b2ea0: folds
e00b6067: folds
Uncalled bet ($0.15) returned to 8a9a1d02
*** SHOWDOWN ***
8a9a1d02 collected $0.12 from pot
*** SUMMARY ***
Total pot $0.12 | Rake $0 | Jackpot $0 | Bingo $0 | Fortune $0
Seat 1: fbdfa5ba folded before Flop (didn't bet)
Seat 2: Hero (button) folded before Flop (didn't bet)
Seat 3: 2a3b2ea0 (small blind) folded before Flop
Seat 4: e00b6067 (big blind) folded before Flop
Seat 5: 8a9a1d02 collected ($0.12)
Seat 6: aac1ef94 folded before Flop (didn't bet)


Poker Hand #HD1176635906: Hold'em No Limit  ($0.02/$0.05) - 2023/03/26 13:22:24
Table 'NLHBlue74' 6-max Seat #1 is the button
Seat 1: fbdfa5ba ($5 in chips)
Seat 2: Hero ($5.02 in chips)
Seat 3: 2a3b2ea0 ($11.31 in chips)
Seat 4: e00b6067 ($4.58 in chips)
Seat 5: 8a9a1d02 ($6.4 in chips)
Seat 6: aac1ef94 ($7.28 in chips)
Hero: posts small blind $0.02
2a3b2ea0: posts big blind $0.05
*** HOLE CARDS ***
Dealt to fbdfa5ba 
Dealt to Hero [Kd 4c]
Dealt to 2a3b2ea0 
Dealt to e00b6067 
Dealt to 8a9a1d02 
Dealt to aac1ef94 
e00b6067: calls $0.05
8a9a1d02: folds
aac1ef94: folds
fbdfa5ba: folds
Hero: folds
2a3b2ea0: checks
*** FLOP *** [2s 7c 8d]
2a3b2ea0: checks
e00b6067: checks
*** TURN *** [2s 7c 8d] [Ts]
2a3b2ea0: checks
e00b6067: checks
*** RIVER *** [2s 7c 8d Ts] [3d]
2a3b2ea0: checks
e00b6067: checks
2a3b2ea0: shows [2c 5h] (Pair of Twos)
e00b6067: shows [Qd Jc] (Queen-High)
*** SHOWDOWN ***
2a3b2ea0 collected $0.12 from pot
*** SUMMARY ***
Total pot $0.12 | Rake $0 | Jackpot $0 | Bingo $0 | Fortune $0
Board [2s 7c 8d Ts 3d]
Seat 1: fbdfa5ba (button) folded before Flop (didn't bet)
Seat 2: Hero (small blind) folded before Flop
Seat 3: 2a3b2ea0 (big blind) showed [2c 5h] and won ($0.12) with Pair of Twos
Seat 4: e00b6067 showed [Qd Jc] and lost with Queen-High
Seat 5: 8a9a1d02 folded before Flop (didn't bet)
Seat 6: aac1ef94 folded before Flop (didn't bet)


Poker Hand #HD1176635871: Hold'em No Limit  ($0.02/$0.05) - 2023/03/26 13:22:07
Table 'NLHBlue74' 6-max Seat #6 is the button
Seat 1: fbdfa5ba ($5 in chips)
Seat 2: Hero ($5 in chips)
Seat 3: 2a3b2ea0 ($11.31 in chips)
Seat 4: e00b6067 ($4.58 in chips)
Seat 5: 8a9a1d02 ($6.4 in chips)
Seat 6: aac1ef94 ($7.28 in chips)
fbdfa5ba: posts small blind $0.02
Hero: posts big blind $0.05
*** HOLE CARDS ***
Dealt to fbdfa5ba 
Dealt to Hero [Ac Qh]
Dealt to 2a3b2ea0 
Dealt to e00b6067 
Dealt to 8a9a1d02 
Dealt to aac1ef94 
2a3b2ea0: folds
e00b6067: folds
8a9a1d02: folds
aac1ef94: folds
fbdfa5ba: folds
Uncalled bet ($0.03) returned to Hero
*** SHOWDOWN ***
Hero collected $0.04 from pot
*** SUMMARY ***
Total pot $0.04 | Rake $0 | Jackpot $0 | Bingo $0 | Fortune $0
Seat 1: fbdfa5ba (small blind) folded before Flop
Seat 2: Hero (big blind) collected ($0.04)
Seat 3: 2a3b2ea0 folded before Flop (didn't bet)
Seat 4: e00b6067 folded before Flop (didn't bet)
Seat 5: 8a9a1d02 folded before Flop (didn't bet)
Seat 6: aac1ef94 (button) folded before Flop (didn't bet)


Poker Hand #HD1176635810: Hold'em No Limit  ($0.02/$0.05) - 2023/03/26 13:21:46
Table 'NLHBlue74' 6-max Seat #5 is the button
Seat 1: fbdfa5ba ($5 in chips)
Seat 2: Hero ($5 in chips)
Seat 3: 2a3b2ea0 ($11.31 in chips)
Seat 4: e00b6067 ($4.63 in chips)
Seat 5: 8a9a1d02 ($6.4 in chips)
Seat 6: aac1ef94 ($7.18 in chips)
aac1ef94: posts small blind $0.02
fbdfa5ba: posts big blind $0.05
*** HOLE CARDS ***
Dealt to fbdfa5ba 
Dealt to Hero [Ac 4h]
Dealt to 2a3b2ea0 
Dealt to e00b6067 
Dealt to 8a9a1d02 
Dealt to aac1ef94 
Hero: folds
2a3b2ea0: folds
e00b6067: calls $0.05
8a9a1d02: folds
aac1ef94: raises $0.05 to $0.1
fbdfa5ba: folds
e00b6067: folds
Uncalled bet ($0.05) returned to aac1ef94
*** SHOWDOWN ***
aac1ef94 collected $0.15 from pot
*** SUMMARY ***
Total pot $0.15 | Rake $0 | Jackpot $0 | Bingo $0 | Fortune $0
Seat 1: fbdfa5ba (big blind) folded before Flop
Seat 2: Hero folded before Flop (didn't bet)
Seat 3: 2a3b2ea0 folded before Flop (didn't bet)
Seat 4: e00b6067 folded before Flop
Seat 5: 8a9a1d02 (button) folded before Flop (didn't bet)
Seat 6: aac1ef94 (small blind) collected ($0.15)


Poker Hand #HD1176635766: Hold'em No Limit  ($0.02/$0.05) - 2023/03/26 13:21:27
Table 'NLHBlue74' 6-max Seat #4 is the button
Seat 1: fbdfa5ba ($5 in chips)
Seat 2: Hero ($5 in chips)
Seat 3: 2a3b2ea0 ($11.31 in chips)
Seat 4: e00b6067 ($4.63 in chips)
Seat 5: 8a9a1d02 ($6.42 in chips)
Seat 6: aac1ef94 ($7.16 in chips)
8a9a1d02: posts small blind $0.02
aac1ef94: posts big blind $0.05
*** HOLE CARDS ***
Dealt to fbdfa5ba 
Dealt to Hero [Jh 9d]
Dealt to 2a3b2ea0 
Dealt to e00b6067 
Dealt to 8a9a1d02 
Dealt to aac1ef94 
fbdfa5ba: folds
Hero: folds
2a3b2ea0: folds
e00b6067: folds
8a9a1d02: folds
Uncalled bet ($0.03) returned to aac1ef94
*** SHOWDOWN ***
aac1ef94 collected $0.04 from pot
*** SUMMARY ***
Total pot $0.04 | Rake $0 | Jackpot $0 | Bingo $0 | Fortune $0
Seat 1: fbdfa5ba folded before Flop (didn't bet)
Seat 2: Hero folded before Flop (didn't bet)
Seat 3: 2a3b2ea0 folded before Flop (didn't bet)
Seat 4: e00b6067 (button) folded before Flop (didn't bet)
Seat 5: 8a9a1d02 (small blind) folded before Flop
Seat 6: aac1ef94 (big blind) collected ($0.04)


Poker Hand #HD1176635699: Hold'em No Limit  ($0.02/$0.05) - 2023/03/26 13:20:54
Table 'NLHBlue74' 6-max Seat #3 is the button
Seat 1: fbdfa5ba ($5 in chips)
Seat 2: Hero ($5 in chips)
Seat 3: 2a3b2ea0 ($11.31 in chips)
Seat 4: e00b6067 ($4.65 in chips)
Seat 5: 8a9a1d02 ($6.24 in chips)
Seat 6: aac1ef94 ($7.33 in chips)
e00b6067: posts small blind $0.02
8a9a1d02: posts big blind $0.05
*** HOLE CARDS ***
Dealt to fbdfa5ba 
Dealt to Hero [9d 7s]
Dealt to 2a3b2ea0 
Dealt to e00b6067 
Dealt to 8a9a1d02 
Dealt to aac1ef94 
aac1ef94: calls $0.05
fbdfa5ba: folds
Hero: folds
2a3b2ea0: folds
e00b6067: folds
8a9a1d02: raises $0.12 to $0.17
aac1ef94: calls $0.12
*** FLOP *** [5h 3c Th]
8a9a1d02: bets $0.12
aac1ef94: folds
Uncalled bet ($0.12) returned to 8a9a1d02
*** SHOWDOWN ***
8a9a1d02 collected $0.35 from pot
*** SUMMARY ***
Total pot $0.36 | Rake $0.01 | Jackpot $0 | Bingo $0 | Fortune $0
Board [5h 3c Th]
Seat 1: fbdfa5ba folded before Flop (didn't bet)
Seat 2: Hero folded before Flop (didn't bet)
Seat 3: 2a3b2ea0 (button) folded before Flop (didn't bet)
Seat 4: e00b6067 (small blind) folded before Flop
Seat 5: 8a9a1d02 (big blind) won ($0.35)
Seat 6: aac1ef94 folded on the Flop


Poker Hand #HD1176565558: Hold'em No Limit  ($0.02/$0.05) - 2023/03/26 13:19:56
Table 'NLHBlue74' 6-max Seat #2 is the button
Seat 1: fbdfa5ba ($5 in chips)
Seat 2: Hero ($5 in chips)
Seat 3: 2a3b2ea0 ($11.33 in chips)
Seat 4: e00b6067 ($4.7 in chips)
Seat 5: 8a9a1d02 ($6.24 in chips)
Seat 6: aac1ef94 ($6.65 in chips)
2a3b2ea0: posts small blind $0.02
e00b6067: posts big blind $0.05
*** HOLE CARDS ***
Dealt to fbdfa5ba 
Dealt to Hero [Qs Kh]
Dealt to 2a3b2ea0 
Dealt to e00b6067 
Dealt to 8a9a1d02 
Dealt to aac1ef94 
8a9a1d02: folds
aac1ef94: calls $0.05
fbdfa5ba: folds
Hero: raises $0.15 to $0.2
2a3b2ea0: folds
e00b6067: folds
aac1ef94: calls $0.15
*** FLOP *** [Ts 4h 8h]
aac1ef94: checks
Hero: checks
*** TURN *** [Ts 4h 8h] [Ah]
aac1ef94: bets $0.16
Hero: raises $0.32 to $0.48
aac1ef94: calls $0.32
*** RIVER *** [Ts 4h 8h Ah] [3c]
aac1ef94: checks
Hero: checks
aac1ef94: shows [Ad Th] (Pair of Aces and Pair of Tens)
Hero: shows [Qs Kh] (Ace-High)
*** SHOWDOWN ***
aac1ef94 collected $1.36 from pot
*** SUMMARY ***
Total pot $1.43 | Rake $0.07 | Jackpot $0 | Bingo $0 | Fortune $0
Board [Ts 4h 8h Ah 3c]
Seat 1: fbdfa5ba folded before Flop (didn't bet)
Seat 2: Hero (button) showed [Qs Kh] and lost with Ace-High
Seat 3: 2a3b2ea0 (small blind) folded before Flop
Seat 4: e00b6067 (big blind) folded before Flop
Seat 5: 8a9a1d02 folded before Flop (didn't bet)
Seat 6: aac1ef94 showed [Ad Th] and won ($1.36) with Pair of Aces and Pair of Tens


Poker Hand #HD1176565517: Hold'em No Limit  ($0.02/$0.05) - 2023/03/26 13:19:36
Table 'NLHBlue74' 6-max Seat #1 is the button
Seat 1: fbdfa5ba ($5 in chips)
Seat 2: Hero ($5 in chips)
Seat 3: 2a3b2ea0 ($11.38 in chips)
Seat 4: e00b6067 ($4.7 in chips)
Seat 5: 8a9a1d02 ($6.24 in chips)
Seat 6: aac1ef94 ($6.58 in chips)
Hero: posts small blind $0.02
2a3b2ea0: posts big blind $0.05
*** HOLE CARDS ***
Dealt to fbdfa5ba 
Dealt to Hero [6s 5h]
Dealt to 2a3b2ea0 
Dealt to e00b6067 
Dealt to 8a9a1d02 
Dealt to aac1ef94 
e00b6067: folds
8a9a1d02: folds
aac1ef94: raises $0.05 to $0.1
fbdfa5ba: folds
Hero: folds
2a3b2ea0: folds
Uncalled bet ($0.05) returned to aac1ef94
*** SHOWDOWN ***
aac1ef94 collected $0.12 from pot
*** SUMMARY ***
Total pot $0.12 | Rake $0 | Jackpot $0 | Bingo $0 | Fortune $0
Seat 1: fbdfa5ba (button) folded before Flop (didn't bet)
Seat 2: Hero (small blind) folded before Flop
Seat 3: 2a3b2ea0 (big blind) folded before Flop
Seat 4: e00b6067 folded before Flop (didn't bet)
Seat 5: 8a9a1d02 folded before Flop (didn't bet)
Seat 6: aac1ef94 collected ($0.12)


Poker Hand #HD1176565422: Hold'em No Limit  ($0.02/$0.05) - 2023/03/26 13:18:51
Table 'NLHBlue74' 6-max Seat #6 is the button
Seat 1: fbdfa5ba ($5 in chips)
Seat 2: Hero ($5 in chips)
Seat 3: 2a3b2ea0 ($11.38 in chips)
Seat 4: e00b6067 ($4.7 in chips)
Seat 5: 8a9a1d02 ($5.87 in chips)
Seat 6: aac1ef94 ($6.58 in chips)
fbdfa5ba: posts small blind $0.02
Hero: posts big blind $0.05
*** HOLE CARDS ***
Dealt to fbdfa5ba 
Dealt to Hero [5d Ah]
Dealt to 2a3b2ea0 
Dealt to e00b6067 
Dealt to 8a9a1d02 
Dealt to aac1ef94 
2a3b2ea0: folds
e00b6067: folds
8a9a1d02: raises $0.08 to $0.13
aac1ef94: folds
fbdfa5ba: folds
Hero: calls $0.08
*** FLOP *** [6h 5c 2d]
Hero: checks
8a9a1d02: bets $0.1
Hero: calls $0.1
*** TURN *** [6h 5c 2d] [7h]
Hero: checks
8a9a1d02: bets $0.16
Hero: calls $0.16
*** RIVER *** [6h 5c 2d 7h] [4c]
Hero: checks
8a9a1d02: bets $0.27
Hero: folds
Uncalled bet ($0.27) returned to 8a9a1d02
*** SHOWDOWN ***
8a9a1d02 collected $0.76 from pot
*** SUMMARY ***
Total pot $0.8 | Rake $0.04 | Jackpot $0 | Bingo $0 | Fortune $0
Board [6h 5c 2d 7h 4c]
Seat 1: fbdfa5ba (small blind) folded before Flop
Seat 2: Hero (big blind) folded on the River
Seat 3: 2a3b2ea0 folded before Flop (didn't bet)
Seat 4: e00b6067 folded before Flop (didn't bet)
Seat 5: 8a9a1d02 won ($0.76)
Seat 6: aac1ef94 (button) folded before Flop (didn't bet)


Poker Hand #HD1176565301: Hold'em No Limit  ($0.02/$0.05) - 2023/03/26 13:18:00
Table 'NLHBlue74' 6-max Seat #5 is the button
Seat 1: fbdfa5ba ($5 in chips)
Seat 2: Hero ($5 in chips)
Seat 3: 2a3b2ea0 ($11.38 in chips)
Seat 4: e00b6067 ($4.7 in chips)
Seat 5: 8a9a1d02 ($5.87 in chips)
Seat 6: aac1ef94 ($6.49 in chips)
aac1ef94: posts small blind $0.02
fbdfa5ba: posts big blind $0.05
*** HOLE CARDS ***
Dealt to fbdfa5ba 
Dealt to Hero [2h 6c]
Dealt to 2a3b2ea0 
Dealt to e00b6067 
Dealt to 8a9a1d02 
Dealt to aac1ef94 
Hero: folds
2a3b2ea0: folds
e00b6067: folds
8a9a1d02: folds
aac1ef94: calls $0.03
fbdfa5ba: checks
*** FLOP *** [Ks 3h Jh]
aac1ef94: checks
fbdfa5ba: checks
*** TURN *** [Ks 3h Jh] [4c]
aac1ef94: bets $0.05
fbdfa5ba: calls $0.05
*** RIVER *** [Ks 3h Jh 4c] [8h]
aac1ef94: bets $0.1
fbdfa5ba: folds
Uncalled bet ($0.1) returned to aac1ef94
*** SHOWDOWN ***
aac1ef94 collected $0.19 from pot
*** SUMMARY ***
Total pot $0.2 | Rake $0.01 | Jackpot $0 | Bingo $0 | Fortune $0
Board [Ks 3h Jh 4c 8h]
Seat 1: fbdfa5ba (big blind) folded on the River
Seat 2: Hero folded before Flop (didn't bet)
Seat 3: 2a3b2ea0 folded before Flop (didn't bet)
Seat 4: e00b6067 folded before Flop (didn't bet)
Seat 5: 8a9a1d02 (button) folded before Flop (didn't bet)
Seat 6: aac1ef94 (small blind) won ($0.19)


Poker Hand #HD1176565174: Hold'em No Limit  ($0.02/$0.05) - 2023/03/26 13:17:13
Table 'NLHBlue74' 6-max Seat #4 is the button
Seat 1: fbdfa5ba ($5 in chips)
Seat 2: Hero ($5.27 in chips)
Seat 3: 2a3b2ea0 ($11.38 in chips)
Seat 4: e00b6067 ($4.7 in chips)
Seat 5: 8a9a1d02 ($5.89 in chips)
Seat 6: aac1ef94 ($5.85 in chips)
8a9a1d02: posts small blind $0.02
aac1ef94: posts big blind $0.05
*** HOLE CARDS ***
Dealt to fbdfa5ba 
Dealt to Hero [Kc Qh]
Dealt to 2a3b2ea0 
Dealt to e00b6067 
Dealt to 8a9a1d02 
Dealt to aac1ef94 
fbdfa5ba: folds
Hero: raises $0.07 to $0.12
2a3b2ea0: folds
e00b6067: folds
8a9a1d02: folds
aac1ef94: calls $0.07
*** FLOP *** [Ah Td 2d]
aac1ef94: bets $0.09
Hero: calls $0.09
*** TURN *** [Ah Td 2d] [Ts]
aac1ef94: bets $0.15
Hero: raises $0.33 to $0.48
aac1ef94: calls $0.33
*** RIVER *** [Ah Td 2d Ts] [Qs]
aac1ef94: bets $1.05
Hero: folds
Uncalled bet ($1.05) returned to aac1ef94
*** SHOWDOWN ***
aac1ef94 collected $1.33 from pot
*** SUMMARY ***
Total pot $1.4 | Rake $0.07 | Jackpot $0 | Bingo $0 | Fortune $0
Board [Ah Td 2d Ts Qs]
Seat 1: fbdfa5ba folded before Flop (didn't bet)
Seat 2: Hero folded on the River
Seat 3: 2a3b2ea0 folded before Flop (didn't bet)
Seat 4: e00b6067 (button) folded before Flop (didn't bet)
Seat 5: 8a9a1d02 (small blind) folded before Flop
Seat 6: aac1ef94 (big blind) won ($1.33)


Poker Hand #HD1176565076: Hold'em No Limit  ($0.02/$0.05) - 2023/03/26 13:16:33
Table 'NLHBlue74' 6-max Seat #3 is the button
Seat 1: fbdfa5ba ($5 in chips)
Seat 2: Hero ($5.27 in chips)
Seat 3: 2a3b2ea0 ($11.26 in chips)
Seat 4: e00b6067 ($4.72 in chips)
Seat 5: 8a9a1d02 ($5.94 in chips)
Seat 6: aac1ef94 ($5.9 in chips)
e00b6067: posts small blind $0.02
8a9a1d02: posts big blind $0.05
*** HOLE CARDS ***
Dealt to fbdfa5ba 
Dealt to Hero [Ks 8d]
Dealt to 2a3b2ea0 
Dealt to e00b6067 
Dealt to 8a9a1d02 
Dealt to aac1ef94 
aac1ef94: calls $0.05
fbdfa5ba: folds
Hero: folds
2a3b2ea0: calls $0.05
e00b6067: folds
8a9a1d02: checks
*** FLOP *** [Kd 9c 3c]
8a9a1d02: checks
aac1ef94: checks
2a3b2ea0: bets $0.1
8a9a1d02: folds
aac1ef94: folds
Uncalled bet ($0.1) returned to 2a3b2ea0
*** SHOWDOWN ***
2a3b2ea0 collected $0.17 from pot
*** SUMMARY ***
Total pot $0.17 | Rake $0 | Jackpot $0 | Bingo $0 | Fortune $0
Board [Kd 9c 3c]
Seat 1: fbdfa5ba folded before Flop (didn't bet)
Seat 2: Hero folded before Flop (didn't bet)
Seat 3: 2a3b2ea0 (button) won ($0.17)
Seat 4: e00b6067 (small blind) folded before Flop
Seat 5: 8a9a1d02 (big blind) folded on the Flop
Seat 6: aac1ef94 folded on the Flop


Poker Hand #HD1176565040: Hold'em No Limit  ($0.02/$0.05) - 2023/03/26 13:16:15
Table 'NLHBlue74' 6-max Seat #2 is the button
Seat 1: fbdfa5ba ($5 in chips)
Seat 2: Hero ($5.27 in chips)
Seat 3: 2a3b2ea0 ($11.28 in chips)
Seat 4: e00b6067 ($4.7 in chips)
Seat 5: 8a9a1d02 ($5.94 in chips)
Seat 6: aac1ef94 ($5.9 in chips)
2a3b2ea0: posts small blind $0.02
e00b6067: posts big blind $0.05
*** HOLE CARDS ***
Dealt to fbdfa5ba 
Dealt to Hero [Td 4h]
Dealt to 2a3b2ea0 
Dealt to e00b6067 
Dealt to 8a9a1d02 
Dealt to aac1ef94 
8a9a1d02: folds
aac1ef94: folds
fbdfa5ba: folds
Hero: folds
2a3b2ea0: folds
Uncalled bet ($0.03) returned to e00b6067
*** SHOWDOWN ***
e00b6067 collected $0.04 from pot
*** SUMMARY ***
Total pot $0.04 | Rake $0 | Jackpot $0 | Bingo $0 | Fortune $0
Seat 1: fbdfa5ba folded before Flop (didn't bet)
Seat 2: Hero (button) folded before Flop (didn't bet)
Seat 3: 2a3b2ea0 (small blind) folded before Flop
Seat 4: e00b6067 (big blind) collected ($0.04)
Seat 5: 8a9a1d02 folded before Flop (didn't bet)
Seat 6: aac1ef94 folded before Flop (didn't bet)


Poker Hand #HD1176564923: Hold'em No Limit  ($0.02/$0.05) - 2023/03/26 13:15:21
Table 'NLHBlue74' 6-max Seat #1 is the button
Seat 1: fbdfa5ba ($5 in chips)
Seat 2: Hero ($5.29 in chips)
Seat 3: 2a3b2ea0 ($11.24 in chips)
Seat 4: e00b6067 ($4.75 in chips)
Seat 5: 8a9a1d02 ($5.94 in chips)
Seat 6: aac1ef94 ($5.87 in chips)
Hero: posts small blind $0.02
2a3b2ea0: posts big blind $0.05
*** HOLE CARDS ***
Dealt to fbdfa5ba 
Dealt to Hero [2h 4d]
Dealt to 2a3b2ea0 
Dealt to e00b6067 
Dealt to 8a9a1d02 
Dealt to aac1ef94 
e00b6067: calls $0.05
8a9a1d02: folds
aac1ef94: calls $0.05
fbdfa5ba: folds
Hero: folds
2a3b2ea0: checks
*** FLOP *** [7h 6s 5d]
2a3b2ea0: checks
e00b6067: checks
aac1ef94: checks
*** TURN *** [7h 6s 5d] [8s]
2a3b2ea0: checks
e00b6067: checks
aac1ef94: checks
*** RIVER *** [7h 6s 5d 8s] [6h]
2a3b2ea0: checks
e00b6067: checks
aac1ef94: checks
2a3b2ea0: shows [Ad 3s] (Pair of Sixes)
e00b6067: shows [Ts Kh] (Pair of Sixes)
aac1ef94: shows [3d Ah] (Pair of Sixes)
*** SHOWDOWN ***
2a3b2ea0 collected $0.09 from pot
aac1ef94 collected $0.08 from pot
*** SUMMARY ***
Total pot $0.17 | Rake $0 | Jackpot $0 | Bingo $0 | Fortune $0
Board [7h 6s 5d 8s 6h]
Seat 1: fbdfa5ba (button) folded before Flop (didn't bet)
Seat 2: Hero (small blind) folded before Flop
Seat 3: 2a3b2ea0 (big blind) showed [Ad 3s] and won ($0.09) with Pair of Sixes
Seat 4: e00b6067 showed [Ts Kh] and lost with Pair of Sixes
Seat 5: 8a9a1d02 folded before Flop (didn't bet)
Seat 6: aac1ef94 showed [3d Ah] and won ($0.08) with Pair of Sixes


Poker Hand #HD1176564876: Hold'em No Limit  ($0.02/$0.05) - 2023/03/26 13:15:02
Table 'NLHBlue74' 6-max Seat #6 is the button
Seat 1: fbdfa5ba ($5 in chips)
Seat 2: Hero ($5.34 in chips)
Seat 3: 2a3b2ea0 ($11.24 in chips)
Seat 4: e00b6067 ($4.75 in chips)
Seat 5: 8a9a1d02 ($5.94 in chips)
Seat 6: aac1ef94 ($5.8 in chips)
fbdfa5ba: posts small blind $0.02
Hero: posts big blind $0.05
*** HOLE CARDS ***
Dealt to fbdfa5ba 
Dealt to Hero [4d Td]
Dealt to 2a3b2ea0 
Dealt to e00b6067 
Dealt to 8a9a1d02 
Dealt to aac1ef94 
2a3b2ea0: folds
e00b6067: folds
8a9a1d02: folds
aac1ef94: raises $0.15 to $0.2
fbdfa5ba: folds
Hero: folds
Uncalled bet ($0.15) returned to aac1ef94
*** SHOWDOWN ***
aac1ef94 collected $0.12 from pot
*** SUMMARY ***
Total pot $0.12 | Rake $0 | Jackpot $0 | Bingo $0 | Fortune $0
Seat 1: fbdfa5ba (small blind) folded before Flop
Seat 2: Hero (big blind) folded before Flop
Seat 3: 2a3b2ea0 folded before Flop (didn't bet)
Seat 4: e00b6067 folded before Flop (didn't bet)
Seat 5: 8a9a1d02 folded before Flop (didn't bet)
Seat 6: aac1ef94 (button) collected ($0.12)


Poker Hand #HD1176564845: Hold'em No Limit  ($0.02/$0.05) - 2023/03/26 13:14:49
Table 'NLHBlue74' 6-max Seat #5 is the button
Seat 1: fbdfa5ba ($5 in chips)
Seat 2: Hero ($5.34 in chips)
Seat 3: 2a3b2ea0 ($11.24 in chips)
Seat 4: e00b6067 ($4.75 in chips)
Seat 5: 8a9a1d02 ($5.94 in chips)
Seat 6: aac1ef94 ($5.75 in chips)
aac1ef94: posts small blind $0.02
fbdfa5ba: posts big blind $0.05
*** HOLE CARDS ***
Dealt to fbdfa5ba 
Dealt to Hero [Qh 4s]
Dealt to 2a3b2ea0 
Dealt to e00b6067 
Dealt to 8a9a1d02 
Dealt to aac1ef94 
Hero: folds
2a3b2ea0: folds
e00b6067: folds
8a9a1d02: folds
aac1ef94: raises $0.05 to $0.1
fbdfa5ba: folds
Uncalled bet ($0.05) returned to aac1ef94
*** SHOWDOWN ***
aac1ef94 collected $0.1 from pot
*** SUMMARY ***
Total pot $0.1 | Rake $0 | Jackpot $0 | Bingo $0 | Fortune $0
Seat 1: fbdfa5ba (big blind) folded before Flop
Seat 2: Hero folded before Flop (didn't bet)
Seat 3: 2a3b2ea0 folded before Flop (didn't bet)
Seat 4: e00b6067 folded before Flop (didn't bet)
Seat 5: 8a9a1d02 (button) folded before Flop (didn't bet)
Seat 6: aac1ef94 (small blind) collected ($0.1)


Poker Hand #HD1176564745: Hold'em No Limit  ($0.02/$0.05) - 2023/03/26 13:13:58
Table 'NLHBlue74' 6-max Seat #4 is the button
Seat 1: fbdfa5ba ($5 in chips)
Seat 2: Hero ($5.34 in chips)
Seat 3: 2a3b2ea0 ($11.24 in chips)
Seat 4: e00b6067 ($4.85 in chips)
Seat 5: 8a9a1d02 ($5.53 in chips)
Seat 6: aac1ef94 ($5.99 in chips)
8a9a1d02: posts small blind $0.02
aac1ef94: posts big blind $0.05
*** HOLE CARDS ***
Dealt to fbdfa5ba 
Dealt to Hero [As 8h]
Dealt to 2a3b2ea0 
Dealt to e00b6067 
Dealt to 8a9a1d02 
Dealt to aac1ef94 
fbdfa5ba: raises $0.05 to $0.1
Hero: folds
2a3b2ea0: folds
e00b6067: calls $0.1
8a9a1d02: calls $0.08
aac1ef94: calls $0.05
*** FLOP *** [Qs 6d 9h]
8a9a1d02: bets $0.14
aac1ef94: calls $0.14
fbdfa5ba: folds
e00b6067: folds
*** TURN *** [Qs 6d 9h] [7c]
8a9a1d02: bets $0.23
aac1ef94: folds
Uncalled bet ($0.23) returned to 8a9a1d02
*** SHOWDOWN ***
8a9a1d02 collected $0.65 from pot
*** SUMMARY ***
Total pot $0.68 | Rake $0.03 | Jackpot $0 | Bingo $0 | Fortune $0
Board [Qs 6d 9h 7c]
Seat 1: fbdfa5ba folded on the Flop
Seat 2: Hero folded before Flop (didn't bet)
Seat 3: 2a3b2ea0 folded before Flop (didn't bet)
Seat 4: e00b6067 (button) folded on the Flop
Seat 5: 8a9a1d02 (small blind) won ($0.65)
Seat 6: aac1ef94 (big blind) folded on the Turn


Poker Hand #HD1176564642: Hold'em No Limit  ($0.02/$0.05) - 2023/03/26 13:13:09
Table 'NLHBlue74' 6-max Seat #3 is the button
Seat 1: fbdfa5ba ($5 in chips)
Seat 2: Hero ($5.34 in chips)
Seat 3: 2a3b2ea0 ($10.77 in chips)
Seat 4: e00b6067 ($4.87 in chips)
Seat 5: 8a9a1d02 ($5.58 in chips)
Seat 6: aac1ef94 ($6.43 in chips)
e00b6067: posts small blind $0.02
8a9a1d02: posts big blind $0.05
*** HOLE CARDS ***
Dealt to fbdfa5ba 
Dealt to Hero [Ah 3d]
Dealt to 2a3b2ea0 
Dealt to e00b6067 
Dealt to 8a9a1d02 
Dealt to aac1ef94 
aac1ef94: calls $0.05
fbdfa5ba: folds
Hero: folds
2a3b2ea0: raises $0.15 to $0.2
e00b6067: folds
8a9a1d02: folds
aac1ef94: calls $0.15
*** FLOP *** [Jc Kh Js]
aac1ef94: bets $0.24
2a3b2ea0: calls $0.24
*** TURN *** [Jc Kh Js] [9h]
aac1ef94: checks
2a3b2ea0: bets $0.63
aac1ef94: folds
Uncalled bet ($0.63) returned to 2a3b2ea0
*** SHOWDOWN ***
2a3b2ea0 collected $0.91 from pot
*** SUMMARY ***
Total pot $0.95 | Rake $0.04 | Jackpot $0 | Bingo $0 | Fortune $0
Board [Jc Kh Js 9h]
Seat 1: fbdfa5ba folded before Flop (didn't bet)
Seat 2: Hero folded before Flop (didn't bet)
Seat 3: 2a3b2ea0 (button) won ($0.91)
Seat 4: e00b6067 (small blind) folded before Flop
Seat 5: 8a9a1d02 (big blind) folded before Flop
Seat 6: aac1ef94 folded on the Turn


Poker Hand #HD1176564551: Hold'em No Limit  ($0.02/$0.05) - 2023/03/26 13:12:28
Table 'NLHBlue74' 6-max Seat #2 is the button
Seat 1: fbdfa5ba ($5 in chips)
Seat 2: Hero ($5.34 in chips)
Seat 3: 2a3b2ea0 ($10.65 in chips)
Seat 4: e00b6067 ($5 in chips)
Seat 5: 8a9a1d02 ($5.58 in chips)
Seat 6: aac1ef94 ($6.43 in chips)
2a3b2ea0: posts small blind $0.02
e00b6067: posts big blind $0.05
*** HOLE CARDS ***
Dealt to fbdfa5ba 
Dealt to Hero [8h 4h]
Dealt to 2a3b2ea0 
Dealt to e00b6067 
Dealt to 8a9a1d02 
Dealt to aac1ef94 
8a9a1d02: folds
aac1ef94: folds
fbdfa5ba: folds
Hero: folds
2a3b2ea0: raises $0.08 to $0.13
e00b6067: calls $0.08
*** FLOP *** [6s 7d Ah]
2a3b2ea0: bets $0.09
e00b6067: folds
Uncalled bet ($0.09) returned to 2a3b2ea0
*** SHOWDOWN ***
2a3b2ea0 collected $0.25 from pot
*** SUMMARY ***
Total pot $0.26 | Rake $0.01 | Jackpot $0 | Bingo $0 | Fortune $0
Board [6s 7d Ah]
Seat 1: fbdfa5ba folded before Flop (didn't bet)
Seat 2: Hero (button) folded before Flop (didn't bet)
Seat 3: 2a3b2ea0 (small blind) won ($0.25)
Seat 4: e00b6067 (big blind) folded on the Flop
Seat 5: 8a9a1d02 folded before Flop (didn't bet)
Seat 6: aac1ef94 folded before Flop (didn't bet)


Poker Hand #HD1176564514: Hold'em No Limit  ($0.02/$0.05) - 2023/03/26 13:12:10
Table 'NLHBlue74' 6-max Seat #1 is the button
Seat 1: fbdfa5ba ($5 in chips)
Seat 2: Hero ($5.36 in chips)
Seat 3: 2a3b2ea0 ($10.7 in chips)
Seat 5: 8a9a1d02 ($5.51 in chips)
Seat 6: aac1ef94 ($6.43 in chips)
Hero: posts small blind $0.02
2a3b2ea0: posts big blind $0.05
*** HOLE CARDS ***
Dealt to fbdfa5ba 
Dealt to Hero [9d 4d]
Dealt to 2a3b2ea0 
Dealt to 8a9a1d02 
Dealt to aac1ef94 
8a9a1d02: raises $0.15 to $0.2
aac1ef94: folds
fbdfa5ba: folds
Hero: folds
2a3b2ea0: folds
Uncalled bet ($0.15) returned to 8a9a1d02
*** SHOWDOWN ***
8a9a1d02 collected $0.12 from pot
*** SUMMARY ***
Total pot $0.12 | Rake $0 | Jackpot $0 | Bingo $0 | Fortune $0
Seat 1: fbdfa5ba (button) folded before Flop (didn't bet)
Seat 2: Hero (small blind) folded before Flop
Seat 3: 2a3b2ea0 (big blind) folded before Flop
Seat 5: 8a9a1d02 collected ($0.12)
Seat 6: aac1ef94 folded before Flop (didn't bet)


Poker Hand #HD1176564497: Hold'em No Limit  ($0.02/$0.05) - 2023/03/26 13:12:03
Table 'NLHBlue74' 6-max Seat #6 is the button
Seat 1: fbdfa5ba ($5 in chips)
Seat 2: Hero ($5.34 in chips)
Seat 3: 2a3b2ea0 ($10.7 in chips)
Seat 5: 8a9a1d02 ($5.51 in chips)
Seat 6: aac1ef94 ($6.43 in chips)
fbdfa5ba: posts small blind $0.02
Hero: posts big blind $0.05
*** HOLE CARDS ***
Dealt to fbdfa5ba 
Dealt to Hero [4c 3h]
Dealt to 2a3b2ea0 
Dealt to 8a9a1d02 
Dealt to aac1ef94 
2a3b2ea0: folds
8a9a1d02: folds
aac1ef94: folds
fbdfa5ba: folds
Uncalled bet ($0.03) returned to Hero
*** SHOWDOWN ***
Hero collected $0.04 from pot
*** SUMMARY ***
Total pot $0.04 | Rake $0 | Jackpot $0 | Bingo $0 | Fortune $0
Seat 1: fbdfa5ba (small blind) folded before Flop
Seat 2: Hero (big blind) collected ($0.04)
Seat 3: 2a3b2ea0 folded before Flop (didn't bet)
Seat 5: 8a9a1d02 folded before Flop (didn't bet)
Seat 6: aac1ef94 (button) folded before Flop (didn't bet)


Poker Hand #HD1176564390: Hold'em No Limit  ($0.02/$0.05) - 2023/03/26 13:11:16
Table 'NLHBlue74' 6-max Seat #5 is the button
Seat 1: fbdfa5ba ($5 in chips)
Seat 2: Hero ($5.05 in chips)
Seat 3: 2a3b2ea0 ($10.7 in chips)
Seat 5: 8a9a1d02 ($5.51 in chips)
Seat 6: aac1ef94 ($6.7 in chips)
aac1ef94: posts small blind $0.02
fbdfa5ba: posts big blind $0.05
*** HOLE CARDS ***
Dealt to fbdfa5ba 
Dealt to Hero [Jh Qh]
Dealt to 2a3b2ea0 
Dealt to 8a9a1d02 
Dealt to aac1ef94 
Hero: raises $0.07 to $0.12
2a3b2ea0: folds
8a9a1d02: folds
aac1ef94: calls $0.1
fbdfa5ba: folds
*** FLOP *** [Tc 3s 6s]
aac1ef94: checks
Hero: checks
*** TURN *** [Tc 3s 6s] [Jd]
aac1ef94: checks
Hero: bets $0.15
aac1ef94: calls $0.15
*** RIVER *** [Tc 3s 6s Jd] [6c]
aac1ef94: checks
Hero: bets $0.2
aac1ef94: folds
Uncalled bet ($0.2) returned to Hero
*** SHOWDOWN ***
Hero collected $0.56 from pot
*** SUMMARY ***
Total pot $0.59 | Rake $0.03 | Jackpot $0 | Bingo $0 | Fortune $0
Board [Tc 3s 6s Jd 6c]
Seat 1: fbdfa5ba (big blind) folded before Flop
Seat 2: Hero won ($0.56)
Seat 3: 2a3b2ea0 folded before Flop (didn't bet)
Seat 5: 8a9a1d02 (button) folded before Flop (didn't bet)
Seat 6: aac1ef94 (small blind) folded on the River


Poker Hand #HD1176564310: Hold'em No Limit  ($0.02/$0.05) - 2023/03/26 13:10:35
Table 'NLHBlue74' 6-max Seat #3 is the button
Seat 1: fbdfa5ba ($5 in chips)
Seat 2: Hero ($5.05 in chips)
Seat 3: 2a3b2ea0 ($10.7 in chips)
Seat 5: 8a9a1d02 ($5.53 in chips)
Seat 6: aac1ef94 ($6.59 in chips)
8a9a1d02: posts small blind $0.02
aac1ef94: posts big blind $0.05
*** HOLE CARDS ***
Dealt to fbdfa5ba 
Dealt to Hero [Jc 4h]
Dealt to 2a3b2ea0 
Dealt to 8a9a1d02 
Dealt to aac1ef94 
fbdfa5ba: raises $0.05 to $0.1
Hero: folds
2a3b2ea0: folds
8a9a1d02: folds
aac1ef94: calls $0.05
*** FLOP *** [5h Kh 8d]
aac1ef94: checks
fbdfa5ba: checks
*** TURN *** [5h Kh 8d] [Kc]
aac1ef94: checks
fbdfa5ba: checks
*** RIVER *** [5h Kh 8d Kc] [7d]
aac1ef94: bets $0.22
fbdfa5ba: folds
Uncalled bet ($0.22) returned to aac1ef94
*** SHOWDOWN ***
aac1ef94 collected $0.21 from pot
*** SUMMARY ***
Total pot $0.22 | Rake $0.01 | Jackpot $0 | Bingo $0 | Fortune $0
Board [5h Kh 8d Kc 7d]
Seat 1: fbdfa5ba folded on the River
Seat 2: Hero folded before Flop (didn't bet)
Seat 3: 2a3b2ea0 (button) folded before Flop (didn't bet)
Seat 5: 8a9a1d02 (small blind) folded before Flop
Seat 6: aac1ef94 (big blind) won ($0.21)


Poker Hand #HD1176564278: Hold'em No Limit  ($0.02/$0.05) - 2023/03/26 13:10:20
Table 'NLHBlue74' 6-max Seat #2 is the button
Seat 1: fbdfa5ba ($5 in chips)
Seat 2: Hero ($5.05 in chips)
Seat 3: 2a3b2ea0 ($10.65 in chips)
Seat 5: 8a9a1d02 ($5.58 in chips)
Seat 6: aac1ef94 ($6.59 in chips)
2a3b2ea0: posts small blind $0.02
8a9a1d02: posts big blind $0.05
*** HOLE CARDS ***
Dealt to fbdfa5ba 
Dealt to Hero [8h Tc]
Dealt to 2a3b2ea0 
Dealt to 8a9a1d02 
Dealt to aac1ef94 
aac1ef94: folds
fbdfa5ba: folds
Hero: folds
2a3b2ea0: raises $0.08 to $0.13
8a9a1d02: folds
Uncalled bet ($0.08) returned to 2a3b2ea0
*** SHOWDOWN ***
2a3b2ea0 collected $0.1 from pot
*** SUMMARY ***
Total pot $0.1 | Rake $0 | Jackpot $0 | Bingo $0 | Fortune $0
Seat 1: fbdfa5ba folded before Flop (didn't bet)
Seat 2: Hero (button) folded before Flop (didn't bet)
Seat 3: 2a3b2ea0 (small blind) collected ($0.1)
Seat 5: 8a9a1d02 (big blind) folded before Flop
Seat 6: aac1ef94 folded before Flop (didn't bet)


Poker Hand #HD1176564191: Hold'em No Limit  ($0.02/$0.05) - 2023/03/26 13:09:40
Table 'NLHBlue74' 6-max Seat #1 is the button
Seat 1: fbdfa5ba ($5 in chips)
Seat 2: Hero ($5.07 in chips)
Seat 3: 2a3b2ea0 ($10.75 in chips)
Seat 5: 8a9a1d02 ($5.58 in chips)
Seat 6: aac1ef94 ($6.48 in chips)
Hero: posts small blind $0.02
2a3b2ea0: posts big blind $0.05
*** HOLE CARDS ***
Dealt to fbdfa5ba 
Dealt to Hero [Ks Tc]
Dealt to 2a3b2ea0 
Dealt to 8a9a1d02 
Dealt to aac1ef94 
8a9a1d02: folds
aac1ef94: raises $0.05 to $0.1
fbdfa5ba: folds
Hero: folds
2a3b2ea0: calls $0.05
*** FLOP *** [4c Ts 9c]
2a3b2ea0: checks
aac1ef94: checks
*** TURN *** [4c Ts 9c] [5d]
2a3b2ea0: checks
aac1ef94: bets $0.08
2a3b2ea0: folds
Uncalled bet ($0.08) returned to aac1ef94
*** SHOWDOWN ***
aac1ef94 collected $0.21 from pot
*** SUMMARY ***
Total pot $0.22 | Rake $0.01 | Jackpot $0 | Bingo $0 | Fortune $0
Board [4c Ts 9c 5d]
Seat 1: fbdfa5ba (button) folded before Flop (didn't bet)
Seat 2: Hero (small blind) folded before Flop
Seat 3: 2a3b2ea0 (big blind) folded on the Turn
Seat 5: 8a9a1d02 folded before Flop (didn't bet)
Seat 6: aac1ef94 won ($0.21)


Poker Hand #HD1176564154: Hold'em No Limit  ($0.02/$0.05) - 2023/03/26 13:09:22
Table 'NLHBlue74' 6-max Seat #6 is the button
Seat 1: fbdfa5ba ($5 in chips)
Seat 2: Hero ($5 in chips)
Seat 3: 2a3b2ea0 ($10.75 in chips)
Seat 5: 8a9a1d02 ($5.58 in chips)
Seat 6: aac1ef94 ($6.53 in chips)
fbdfa5ba: posts small blind $0.02
Hero: posts big blind $0.05
*** HOLE CARDS ***
Dealt to fbdfa5ba 
Dealt to Hero [9c Ac]
Dealt to 2a3b2ea0 
Dealt to 8a9a1d02 
Dealt to aac1ef94 
2a3b2ea0: folds
8a9a1d02: folds
aac1ef94: calls $0.05
fbdfa5ba: folds
Hero: checks
*** FLOP *** [Kh As Qc]
Hero: bets $0.05
aac1ef94: folds
Uncalled bet ($0.05) returned to Hero
*** SHOWDOWN ***
Hero collected $0.12 from pot
*** SUMMARY ***
Total pot $0.12 | Rake $0 | Jackpot $0 | Bingo $0 | Fortune $0
Board [Kh As Qc]
Seat 1: fbdfa5ba (small blind) folded before Flop
Seat 2: Hero (big blind) won ($0.12)
Seat 3: 2a3b2ea0 folded before Flop (didn't bet)
Seat 5: 8a9a1d02 folded before Flop (didn't bet)
Seat 6: aac1ef94 (button) folded on the Flop


Poker Hand #HD1176564076: Hold'em No Limit  ($0.02/$0.05) - 2023/03/26 13:08:40
Table 'NLHBlue74' 6-max Seat #5 is the button
Seat 1: fbdfa5ba ($5.04 in chips)
Seat 2: Hero ($5 in chips)
Seat 3: 2a3b2ea0 ($10.75 in chips)
Seat 5: 8a9a1d02 ($5.73 in chips)
Seat 6: aac1ef94 ($5.89 in chips)
aac1ef94: posts small blind $0.02
fbdfa5ba: posts big blind $0.05
*** HOLE CARDS ***
Dealt to fbdfa5ba 
Dealt to Hero [Th Qc]
Dealt to 2a3b2ea0 
Dealt to 8a9a1d02 
Dealt to aac1ef94 
Hero: folds
2a3b2ea0: folds
8a9a1d02: raises $0.1 to $0.15
aac1ef94: calls $0.13
fbdfa5ba: calls $0.1
*** FLOP *** [5d Ad 3h]
aac1ef94: bets $0.15
fbdfa5ba: calls $0.15
8a9a1d02: folds
*** TURN *** [5d Ad 3h] [Ks]
aac1ef94: bets $0.25
fbdfa5ba: calls $0.25
*** RIVER *** [5d Ad 3h Ks] [Qh]
aac1ef94: checks
fbdfa5ba: checks
aac1ef94: shows [2c As] (Pair of Aces)
fbdfa5ba: shows [Jd Qd] (Pair of Queens)
*** SHOWDOWN ***
aac1ef94 collected $1.19 from pot
*** SUMMARY ***
Total pot $1.25 | Rake $0.06 | Jackpot $0 | Bingo $0 | Fortune $0
Board [5d Ad 3h Ks Qh]
Seat 1: fbdfa5ba (big blind) showed [Jd Qd] and lost with Pair of Queens
Seat 2: Hero folded before Flop (didn't bet)
Seat 3: 2a3b2ea0 folded before Flop (didn't bet)
Seat 5: 8a9a1d02 (button) folded on the Flop
Seat 6: aac1ef94 (small blind) showed [2c As] and won ($1.19) with Pair of Aces


Poker Hand #HD1176564008: Hold'em No Limit  ($0.02/$0.05) - 2023/03/26 13:08:08
Table 'NLHBlue74' 6-max Seat #3 is the button
Seat 1: fbdfa5ba ($5.04 in chips)
Seat 2: Hero ($5 in chips)
Seat 3: 2a3b2ea0 ($10.75 in chips)
Seat 5: 8a9a1d02 ($5.57 in chips)
Seat 6: aac1ef94 ($5.94 in chips)
8a9a1d02: posts small blind $0.02
aac1ef94: posts big blind $0.05
*** HOLE CARDS ***
Dealt to fbdfa5ba 
Dealt to Hero [8h 7h]
Dealt to 2a3b2ea0 
Dealt to 8a9a1d02 
Dealt to aac1ef94 
fbdfa5ba: folds
Hero: raises $0.07 to $0.12
2a3b2ea0: folds
8a9a1d02: raises $0.27 to $0.39
aac1ef94: folds
Hero: folds
Uncalled bet ($0.27) returned to 8a9a1d02
*** SHOWDOWN ***
8a9a1d02 collected $0.28 from pot
*** SUMMARY ***
Total pot $0.29 | Rake $0.01 | Jackpot $0 | Bingo $0 | Fortune $0
Seat 1: fbdfa5ba folded before Flop (didn't bet)
Seat 2: Hero folded before Flop
Seat 3: 2a3b2ea0 (button) folded before Flop (didn't bet)
Seat 5: 8a9a1d02 (small blind) collected ($0.28)
Seat 6: aac1ef94 (big blind) folded before Flop


Poker Hand #HD1176563977: Hold'em No Limit  ($0.02/$0.05) - 2023/03/26 13:07:57
Table 'NLHBlue74' 6-max Seat #2 is the button
Seat 1: fbdfa5ba ($5.04 in chips)
Seat 2: Hero ($5 in chips)
Seat 3: 2a3b2ea0 ($10.77 in chips)
Seat 5: 8a9a1d02 ($5.55 in chips)
Seat 6: aac1ef94 ($5.94 in chips)
2a3b2ea0: posts small blind $0.02
8a9a1d02: posts big blind $0.05
*** HOLE CARDS ***
Dealt to fbdfa5ba 
Dealt to Hero [2h Qs]
Dealt to 2a3b2ea0 
Dealt to 8a9a1d02 
Dealt to aac1ef94 
aac1ef94: folds
fbdfa5ba: folds
Hero: folds
2a3b2ea0: folds
Uncalled bet ($0.03) returned to 8a9a1d02
*** SHOWDOWN ***
8a9a1d02 collected $0.04 from pot
*** SUMMARY ***
Total pot $0.04 | Rake $0 | Jackpot $0 | Bingo $0 | Fortune $0
Seat 1: fbdfa5ba folded before Flop (didn't bet)
Seat 2: Hero (button) folded before Flop (didn't bet)
Seat 3: 2a3b2ea0 (small blind) folded before Flop
Seat 5: 8a9a1d02 (big blind) collected ($0.04)
Seat 6: aac1ef94 folded before Flop (didn't bet)


Poker Hand #HD1176563922: Hold'em No Limit  ($0.02/$0.05) - 2023/03/26 13:07:32
Table 'NLHBlue74' 6-max Seat #1 is the button
Seat 1: fbdfa5ba ($5.04 in chips)
Seat 2: Hero ($5 in chips)
Seat 3: 2a3b2ea0 ($10.82 in chips)
Seat 5: 8a9a1d02 ($5.55 in chips)
Seat 6: aac1ef94 ($5.87 in chips)
Hero: posts small blind $0.02
2a3b2ea0: posts big blind $0.05
*** HOLE CARDS ***
Dealt to fbdfa5ba 
Dealt to Hero [8d Kd]
Dealt to 2a3b2ea0 
Dealt to 8a9a1d02 
Dealt to aac1ef94 
8a9a1d02: folds
aac1ef94: calls $0.05
fbdfa5ba: folds
Hero: folds
2a3b2ea0: checks
*** FLOP *** [2c Jd 2d]
2a3b2ea0: checks
aac1ef94: bets $0.06
2a3b2ea0: folds
Uncalled bet ($0.06) returned to aac1ef94
*** SHOWDOWN ***
aac1ef94 collected $0.12 from pot
*** SUMMARY ***
Total pot $0.12 | Rake $0 | Jackpot $0 | Bingo $0 | Fortune $0
Board [2c Jd 2d]
Seat 1: fbdfa5ba (button) folded before Flop (didn't bet)
Seat 2: Hero (small blind) folded before Flop
Seat 3: 2a3b2ea0 (big blind) folded on the Flop
Seat 5: 8a9a1d02 folded before Flop (didn't bet)
Seat 6: aac1ef94 won ($0.12)


Poker Hand #HD1176563864: Hold'em No Limit  ($0.02/$0.05) - 2023/03/26 13:07:06
Table 'NLHBlue74' 6-max Seat #6 is the button
Seat 1: fbdfa5ba ($5.06 in chips)
Seat 2: Hero ($5 in chips)
Seat 3: 2a3b2ea0 ($10.82 in chips)
Seat 5: 8a9a1d02 ($5.55 in chips)
Seat 6: aac1ef94 ($5.8 in chips)
fbdfa5ba: posts small blind $0.02
Hero: posts big blind $0.05
*** HOLE CARDS ***
Dealt to fbdfa5ba 
Dealt to Hero [6d 9s]
Dealt to 2a3b2ea0 
Dealt to 8a9a1d02 
Dealt to aac1ef94 
2a3b2ea0: folds
8a9a1d02: folds
aac1ef94: calls $0.05
fbdfa5ba: folds
Hero: checks
*** FLOP *** [Qh Th Jd]
Hero: checks
aac1ef94: bets $0.12
Hero: folds
Uncalled bet ($0.12) returned to aac1ef94
*** SHOWDOWN ***
aac1ef94 collected $0.12 from pot
*** SUMMARY ***
Total pot $0.12 | Rake $0 | Jackpot $0 | Bingo $0 | Fortune $0
Board [Qh Th Jd]
Seat 1: fbdfa5ba (small blind) folded before Flop
Seat 2: Hero (big blind) folded on the Flop
Seat 3: 2a3b2ea0 folded before Flop (didn't bet)
Seat 5: 8a9a1d02 folded before Flop (didn't bet)
Seat 6: aac1ef94 (button) won ($0.12)


Poker Hand #HD1176563819: Hold'em No Limit  ($0.02/$0.05) - 2023/03/26 13:06:43
Table 'NLHBlue74' 6-max Seat #5 is the button
Seat 1: fbdfa5ba ($5.11 in chips)
Seat 2: Hero ($5 in chips)
Seat 3: 2a3b2ea0 ($10.82 in chips)
Seat 5: 8a9a1d02 ($5.55 in chips)
Seat 6: aac1ef94 ($5.75 in chips)
aac1ef94: posts small blind $0.02
fbdfa5ba: posts big blind $0.05
*** HOLE CARDS ***
Dealt to fbdfa5ba 
Dealt to Hero [3s 9h]
Dealt to 2a3b2ea0 
Dealt to 8a9a1d02 
Dealt to aac1ef94 
Hero: folds
2a3b2ea0: folds
8a9a1d02: folds
aac1ef94: raises $0.05 to $0.1
fbdfa5ba: folds
Uncalled bet ($0.05) returned to aac1ef94
*** SHOWDOWN ***
aac1ef94 collected $0.1 from pot
*** SUMMARY ***
Total pot $0.1 | Rake $0 | Jackpot $0 | Bingo $0 | Fortune $0
Seat 1: fbdfa5ba (big blind) folded before Flop
Seat 2: Hero folded before Flop (didn't bet)
Seat 3: 2a3b2ea0 folded before Flop (didn't bet)
Seat 5: 8a9a1d02 (button) folded before Flop (didn't bet)
Seat 6: aac1ef94 (small blind) collected ($0.1)


Poker Hand #HD1176563725: Hold'em No Limit  ($0.02/$0.05) - 2023/03/26 13:06:02
Table 'NLHBlue74' 6-max Seat #3 is the button
Seat 1: fbdfa5ba ($5.11 in chips)
Seat 2: Hero ($5 in chips)
Seat 3: 2a3b2ea0 ($11.06 in chips)
Seat 5: 8a9a1d02 ($5.28 in chips)
Seat 6: aac1ef94 ($5.8 in chips)
8a9a1d02: posts small blind $0.02
aac1ef94: posts big blind $0.05
*** HOLE CARDS ***
Dealt to fbdfa5ba 
Dealt to Hero [2d Qs]
Dealt to 2a3b2ea0 
Dealt to 8a9a1d02 
Dealt to aac1ef94 
fbdfa5ba: folds
Hero: folds
2a3b2ea0: raises $0.08 to $0.13
8a9a1d02: calls $0.11
aac1ef94: folds
*** FLOP *** [6c 6s Ts]
8a9a1d02: bets $0.11
2a3b2ea0: calls $0.11
*** TURN *** [6c 6s Ts] [4h]
8a9a1d02: bets $0.18
2a3b2ea0: folds
Uncalled bet ($0.18) returned to 8a9a1d02
*** SHOWDOWN ***
8a9a1d02 collected $0.51 from pot
*** SUMMARY ***
Total pot $0.53 | Rake $0.02 | Jackpot $0 | Bingo $0 | Fortune $0
Board [6c 6s Ts 4h]
Seat 1: fbdfa5ba folded before Flop (didn't bet)
Seat 2: Hero folded before Flop (didn't bet)
Seat 3: 2a3b2ea0 (button) folded on the Turn
Seat 5: 8a9a1d02 (small blind) won ($0.51)
Seat 6: aac1ef94 (big blind) folded before Flop


Poker Hand #HD1176563704: Hold'em No Limit  ($0.02/$0.05) - 2023/03/26 13:05:50
Table 'NLHBlue74' 6-max Seat #2 is the button
Seat 1: fbdfa5ba ($5.11 in chips)
Seat 2: Hero ($5 in chips)
Seat 3: 2a3b2ea0 ($11.08 in chips)
Seat 5: 8a9a1d02 ($5.26 in chips)
Seat 6: aac1ef94 ($5.8 in chips)
2a3b2ea0: posts small blind $0.02
8a9a1d02: posts big blind $0.05
*** HOLE CARDS ***
Dealt to fbdfa5ba 
Dealt to Hero [8s Qc]
Dealt to 2a3b2ea0 
Dealt to 8a9a1d02 
Dealt to aac1ef94 
aac1ef94: folds
fbdfa5ba: folds
Hero: folds
2a3b2ea0: folds
Uncalled bet ($0.03) returned to 8a9a1d02
*** SHOWDOWN ***
8a9a1d02 collected $0.04 from pot
*** SUMMARY ***
Total pot $0.04 | Rake $0 | Jackpot $0 | Bingo $0 | Fortune $0
Seat 1: fbdfa5ba folded before Flop (didn't bet)
Seat 2: Hero (button) folded before Flop (didn't bet)
Seat 3: 2a3b2ea0 (small blind) folded before Flop
Seat 5: 8a9a1d02 (big blind) collected ($0.04)
Seat 6: aac1ef94 folded before Flop (didn't bet)


Poker Hand #HD1176563644: Hold'em No Limit  ($0.02/$0.05) - 2023/03/26 13:05:22
Table 'NLHBlue74' 6-max Seat #1 is the button
Seat 1: fbdfa5ba ($5 in chips)
Seat 2: Hero ($5 in chips)
Seat 3: 2a3b2ea0 ($11.18 in chips)
Seat 4: 5a3f28c7 ($10.44 in chips)
Seat 5: 8a9a1d02 ($5.26 in chips)
Seat 6: aac1ef94 ($5.8 in chips)
Hero: posts small blind $0.02
2a3b2ea0: posts big blind $0.05
*** HOLE CARDS ***
Dealt to fbdfa5ba 
Dealt to Hero [8d 6c]
Dealt to 2a3b2ea0 
Dealt to 5a3f28c7 
Dealt to 8a9a1d02 
Dealt to aac1ef94 
5a3f28c7: folds
8a9a1d02: folds
aac1ef94: folds
fbdfa5ba: raises $0.05 to $0.1
Hero: folds
2a3b2ea0: calls $0.05
*** FLOP *** [5h Qc Qd]
2a3b2ea0: checks
fbdfa5ba: bets $0.12
2a3b2ea0: folds
Uncalled bet ($0.12) returned to fbdfa5ba
*** SHOWDOWN ***
fbdfa5ba collected $0.21 from pot
*** SUMMARY ***
Total pot $0.22 | Rake $0.01 | Jackpot $0 | Bingo $0 | Fortune $0
Board [5h Qc Qd]
Seat 1: fbdfa5ba (button) won ($0.21)
Seat 2: Hero (small blind) folded before Flop
Seat 3: 2a3b2ea0 (big blind) folded on the Flop
Seat 4: 5a3f28c7 folded before Flop (didn't bet)
Seat 5: 8a9a1d02 folded before Flop (didn't bet)
Seat 6: aac1ef94 folded before Flop (didn't bet)


Poker Hand #HD1176563594: Hold'em No Limit  ($0.02/$0.05) - 2023/03/26 13:04:57
Table 'NLHBlue74' 6-max Seat #6 is the button
Seat 1: fbdfa5ba ($5.02 in chips)
Seat 2: Hero ($5 in chips)
Seat 3: 2a3b2ea0 ($11.18 in chips)
Seat 4: 5a3f28c7 ($10.44 in chips)
Seat 5: 8a9a1d02 ($5.19 in chips)
Seat 6: aac1ef94 ($5.8 in chips)
fbdfa5ba: posts small blind $0.02
Hero: posts big blind $0.05
*** HOLE CARDS ***
Dealt to fbdfa5ba 
Dealt to Hero [6h 7d]
Dealt to 2a3b2ea0 
Dealt to 5a3f28c7 
Dealt to 8a9a1d02 
Dealt to aac1ef94 
2a3b2ea0: folds
5a3f28c7: folds
8a9a1d02: raises $0.08 to $0.13
aac1ef94: folds
fbdfa5ba: folds
Hero: folds
Uncalled bet ($0.08) returned to 8a9a1d02
*** SHOWDOWN ***
8a9a1d02 collected $0.12 from pot
*** SUMMARY ***
Total pot $0.12 | Rake $0 | Jackpot $0 | Bingo $0 | Fortune $0
Seat 1: fbdfa5ba (small blind) folded before Flop
Seat 2: Hero (big blind) folded before Flop
Seat 3: 2a3b2ea0 folded before Flop (didn't bet)
Seat 4: 5a3f28c7 folded before Flop (didn't bet)
Seat 5: 8a9a1d02 collected ($0.12)
Seat 6: aac1ef94 (button) folded before Flop (didn't bet)


Poker Hand #HD1176563474: Hold'em No Limit  ($0.02/$0.05) - 2023/03/26 13:04:06
Table 'NLHBlue74' 6-max Seat #5 is the button
Seat 1: fbdfa5ba ($5.07 in chips)
Seat 2: Hero ($5 in chips)
Seat 3: 2a3b2ea0 ($11.18 in chips)
Seat 4: 5a3f28c7 ($10.57 in chips)
Seat 5: 8a9a1d02 ($5 in chips)
Seat 6: aac1ef94 ($5.82 in chips)
aac1ef94: posts small blind $0.02
fbdfa5ba: posts big blind $0.05
*** HOLE CARDS ***
Dealt to fbdfa5ba 
Dealt to Hero [8h 4c]
Dealt to 2a3b2ea0 
Dealt to 5a3f28c7 
Dealt to 8a9a1d02 
Dealt to aac1ef94 
Hero: folds
2a3b2ea0: folds
5a3f28c7: raises $0.08 to $0.13
8a9a1d02: calls $0.13
aac1ef94: folds
fbdfa5ba: folds
*** FLOP *** [3c Td 4h]
5a3f28c7: checks
8a9a1d02: checks
*** TURN *** [3c Td 4h] [Kh]
5a3f28c7: checks
8a9a1d02: bets $0.11
5a3f28c7: folds
Uncalled bet ($0.11) returned to 8a9a1d02
*** SHOWDOWN ***
8a9a1d02 collected $0.32 from pot
*** SUMMARY ***
Total pot $0.33 | Rake $0.01 | Jackpot $0 | Bingo $0 | Fortune $0
Board [3c Td 4h Kh]
Seat 1: fbdfa5ba (big blind) folded before Flop
Seat 2: Hero folded before Flop (didn't bet)
Seat 3: 2a3b2ea0 folded before Flop (didn't bet)
Seat 4: 5a3f28c7 folded on the Turn
Seat 5: 8a9a1d02 (button) won ($0.32)
Seat 6: aac1ef94 (small blind) folded before Flop


Poker Hand #HD1176563428: Hold'em No Limit  ($0.02/$0.05) - 2023/03/26 13:03:46
Table 'NLHBlue74' 6-max Seat #4 is the button
Seat 1: fbdfa5ba ($5.07 in chips)
Seat 2: Hero ($5 in chips)
Seat 3: 2a3b2ea0 ($11.18 in chips)
Seat 4: 5a3f28c7 ($10.5 in chips)
Seat 5: 8a9a1d02 ($5 in chips)
Seat 6: aac1ef94 ($5.87 in chips)
8a9a1d02: posts small blind $0.02
aac1ef94: posts big blind $0.05
*** HOLE CARDS ***
Dealt to fbdfa5ba 
Dealt to Hero [6h Ts]
Dealt to 2a3b2ea0 
Dealt to 5a3f28c7 
Dealt to 8a9a1d02 
Dealt to aac1ef94 
fbdfa5ba: folds
Hero: folds
2a3b2ea0: folds
5a3f28c7: raises $0.08 to $0.13
8a9a1d02: folds
aac1ef94: folds
Uncalled bet ($0.08) returned to 5a3f28c7
*** SHOWDOWN ***
5a3f28c7 collected $0.12 from pot
*** SUMMARY ***
Total pot $0.12 | Rake $0 | Jackpot $0 | Bingo $0 | Fortune $0
Seat 1: fbdfa5ba folded before Flop (didn't bet)
Seat 2: Hero folded before Flop (didn't bet)
Seat 3: 2a3b2ea0 folded before Flop (didn't bet)
Seat 4: 5a3f28c7 (button) collected ($0.12)
Seat 5: 8a9a1d02 (small blind) folded before Flop
Seat 6: aac1ef94 (big blind) folded before Flop


Poker Hand #HD1176563386: Hold'em No Limit  ($0.02/$0.05) - 2023/03/26 13:03:26
Table 'NLHBlue74' 6-max Seat #3 is the button
Seat 1: fbdfa5ba ($5.07 in chips)
Seat 2: Hero ($5 in chips)
Seat 3: 2a3b2ea0 ($11.18 in chips)
Seat 4: 5a3f28c7 ($10.45 in chips)
Seat 5: 8a9a1d02 ($5 in chips)
Seat 6: aac1ef94 ($5.87 in chips)
5a3f28c7: posts small blind $0.02
8a9a1d02: posts big blind $0.05
*** HOLE CARDS ***
Dealt to fbdfa5ba 
Dealt to Hero [Td 9c]
Dealt to 2a3b2ea0 
Dealt to 5a3f28c7 
Dealt to 8a9a1d02 
Dealt to aac1ef94 
aac1ef94: folds
fbdfa5ba: folds
Hero: folds
2a3b2ea0: folds
5a3f28c7: raises $0.1 to $0.15
8a9a1d02: folds
Uncalled bet ($0.1) returned to 5a3f28c7
*** SHOWDOWN ***
5a3f28c7 collected $0.1 from pot
*** SUMMARY ***
Total pot $0.1 | Rake $0 | Jackpot $0 | Bingo $0 | Fortune $0
Seat 1: fbdfa5ba folded before Flop (didn't bet)
Seat 2: Hero folded before Flop (didn't bet)
Seat 3: 2a3b2ea0 (button) folded before Flop (didn't bet)
Seat 4: 5a3f28c7 (small blind) collected ($0.1)
Seat 5: 8a9a1d02 (big blind) folded before Flop
Seat 6: aac1ef94 folded before Flop (didn't bet)


Poker Hand #HD1176563352: Hold'em No Limit  ($0.02/$0.05) - 2023/03/26 13:03:11
Table 'NLHBlue74' 6-max Seat #2 is the button
Seat 1: fbdfa5ba ($5 in chips)
Seat 2: Hero ($5 in chips)
Seat 3: 2a3b2ea0 ($11.2 in chips)
Seat 4: 5a3f28c7 ($10.5 in chips)
Seat 6: aac1ef94 ($5.87 in chips)
2a3b2ea0: posts small blind $0.02
5a3f28c7: posts big blind $0.05
*** HOLE CARDS ***
Dealt to fbdfa5ba 
Dealt to Hero [8d Jc]
Dealt to 2a3b2ea0 
Dealt to 5a3f28c7 
Dealt to aac1ef94 
aac1ef94: folds
fbdfa5ba: raises $0.05 to $0.1
Hero: folds
2a3b2ea0: folds
5a3f28c7: folds
Uncalled bet ($0.05) returned to fbdfa5ba
*** SHOWDOWN ***
fbdfa5ba collected $0.12 from pot
*** SUMMARY ***
Total pot $0.12 | Rake $0 | Jackpot $0 | Bingo $0 | Fortune $0
Seat 1: fbdfa5ba collected ($0.12)
Seat 2: Hero (button) folded before Flop (didn't bet)
Seat 3: 2a3b2ea0 (small blind) folded before Flop
Seat 4: 5a3f28c7 (big blind) folded before Flop
Seat 6: aac1ef94 folded before Flop (didn't bet)


Poker Hand #HD1176563206: Hold'em No Limit  ($0.02/$0.05) - 2023/03/26 13:02:02
Table 'NLHBlue74' 6-max Seat #1 is the button
Seat 1: fbdfa5ba ($5 in chips)
Seat 2: Hero ($5.17 in chips)
Seat 3: 2a3b2ea0 ($11.25 in chips)
Seat 4: 5a3f28c7 ($9.33 in chips)
Seat 5: 2b97b67f ($5 in chips)
Seat 6: aac1ef94 ($6 in chips)
Hero: posts small blind $0.02
2a3b2ea0: posts big blind $0.05
*** HOLE CARDS ***
Dealt to fbdfa5ba 
Dealt to Hero [Jc Tc]
Dealt to 2a3b2ea0 
Dealt to 5a3f28c7 
Dealt to 2b97b67f 
Dealt to aac1ef94 
5a3f28c7: raises $0.08 to $0.13
2b97b67f: folds
aac1ef94: calls $0.13
fbdfa5ba: folds
Hero: raises $0.41 to $0.54
2a3b2ea0: folds
5a3f28c7: calls $0.41
aac1ef94: folds
*** FLOP *** [Kc Ad 3h]
Hero: bets $0.62
5a3f28c7: calls $0.62
*** TURN *** [Kc Ad 3h] [Jd]
Hero: checks
5a3f28c7: bets $1.25
Hero: folds
Uncalled bet ($1.25) returned to 5a3f28c7
*** SHOWDOWN ***
5a3f28c7 collected $2.33 from pot
*** SUMMARY ***
Total pot $2.5 | Rake $0.12 | Jackpot $0.05 | Bingo $0 | Fortune $0
Board [Kc Ad 3h Jd]
Seat 1: fbdfa5ba (button) folded before Flop (didn't bet)
Seat 2: Hero (small blind) folded on the Turn
Seat 3: 2a3b2ea0 (big blind) folded before Flop
Seat 4: 5a3f28c7 won ($2.33)
Seat 5: 2b97b67f folded before Flop (didn't bet)
Seat 6: aac1ef94 folded before Flop


Poker Hand #HD1176563073: Hold'em No Limit  ($0.02/$0.05) - 2023/03/26 13:00:56
Table 'NLHBlue74' 6-max Seat #6 is the button
Seat 1: fbdfa5ba ($5 in chips)
Seat 2: Hero ($5.41 in chips)
Seat 3: 2a3b2ea0 ($11.25 in chips)
Seat 4: 5a3f28c7 ($9.57 in chips)
Seat 5: 2b97b67f ($5 in chips)
Seat 6: aac1ef94 ($5.53 in chips)
fbdfa5ba: posts small blind $0.02
Hero: posts big blind $0.05
*** HOLE CARDS ***
Dealt to fbdfa5ba 
Dealt to Hero [8d 8c]
Dealt to 2a3b2ea0 
Dealt to 5a3f28c7 
Dealt to 2b97b67f 
Dealt to aac1ef94 
2a3b2ea0: folds
5a3f28c7: raises $0.08 to $0.13
2b97b67f: folds
aac1ef94: raises $0.11 to $0.24
fbdfa5ba: folds
Hero: calls $0.19
5a3f28c7: calls $0.11
*** FLOP *** [4c Jh Ac]
Hero: checks
5a3f28c7: checks
aac1ef94: bets $0.25
Hero: folds
5a3f28c7: folds
Uncalled bet ($0.25) returned to aac1ef94
*** SHOWDOWN ***
aac1ef94 collected $0.71 from pot
*** SUMMARY ***
Total pot $0.74 | Rake $0.03 | Jackpot $0 | Bingo $0 | Fortune $0
Board [4c Jh Ac]
Seat 1: fbdfa5ba (small blind) folded before Flop
Seat 2: Hero (big blind) folded on the Flop
Seat 3: 2a3b2ea0 folded before Flop (didn't bet)
Seat 4: 5a3f28c7 folded on the Flop
Seat 5: 2b97b67f folded before Flop (didn't bet)
Seat 6: aac1ef94 (button) won ($0.71)


Poker Hand #HD1176562822: Hold'em No Limit  ($0.02/$0.05) - 2023/03/26 12:58:58
Table 'NLHBlue74' 6-max Seat #5 is the button
Seat 1: fbdfa5ba ($6.17 in chips)
Seat 2: Hero ($5.41 in chips)
Seat 3: 2a3b2ea0 ($5.89 in chips)
Seat 4: 5a3f28c7 ($9.57 in chips)
Seat 5: 2b97b67f ($5 in chips)
Seat 6: aac1ef94 ($5.55 in chips)
aac1ef94: posts small blind $0.02
fbdfa5ba: posts big blind $0.05
*** HOLE CARDS ***
Dealt to fbdfa5ba 
Dealt to Hero [6s Jc]
Dealt to 2a3b2ea0 
Dealt to 5a3f28c7 
Dealt to 2b97b67f 
Dealt to aac1ef94 
Hero: folds
2a3b2ea0: raises $0.1 to $0.15
5a3f28c7: folds
2b97b67f: folds
aac1ef94: folds
fbdfa5ba: raises $0.35 to $0.5
2a3b2ea0: calls $0.35
*** FLOP *** [7s Jh 9d]
fbdfa5ba: bets $0.36
2a3b2ea0: raises $0.83 to $1.19
fbdfa5ba: calls $0.83
*** TURN *** [7s Jh 9d] [6c]
fbdfa5ba: checks
2a3b2ea0: bets $1.63
fbdfa5ba: calls $1.63
*** RIVER *** [7s Jh 9d 6c] [3d]
fbdfa5ba: checks
2a3b2ea0: bets $2.57 and is all-in
fbdfa5ba: calls $2.57
2a3b2ea0: shows [9h 9s] (Three Nines)
fbdfa5ba: shows [Kd Kc] (Pair of Kings)
*** SHOWDOWN ***
2a3b2ea0 collected $11.25 from pot
*** SUMMARY ***
Total pot $11.8 | Rake $0.5 | Jackpot $0.05 | Bingo $0 | Fortune $0
Board [7s Jh 9d 6c 3d]
Seat 1: fbdfa5ba (big blind) showed [Kd Kc] and lost with Pair of Kings
Seat 2: Hero folded before Flop (didn't bet)
Seat 3: 2a3b2ea0 showed [9h 9s] and won ($11.25) with Three Nines
Seat 4: 5a3f28c7 folded before Flop (didn't bet)
Seat 5: 2b97b67f (button) folded before Flop (didn't bet)
Seat 6: aac1ef94 (small blind) folded before Flop


Poker Hand #HD1176562647: Hold'em No Limit  ($0.02/$0.05) - 2023/03/26 12:57:37
Table 'NLHBlue74' 6-max Seat #4 is the button
Seat 1: fbdfa5ba ($6.17 in chips)
Seat 2: Hero ($5.92 in chips)
Seat 3: 2a3b2ea0 ($5.89 in chips)
Seat 4: 5a3f28c7 ($9.57 in chips)
Seat 5: 2b97b67f ($5 in chips)
Seat 6: aac1ef94 ($5.07 in chips)
2b97b67f: posts small blind $0.02
aac1ef94: posts big blind $0.05
*** HOLE CARDS ***
Dealt to fbdfa5ba 
Dealt to Hero [Jd Kd]
Dealt to 2a3b2ea0 
Dealt to 5a3f28c7 
Dealt to 2b97b67f 
Dealt to aac1ef94 
fbdfa5ba: folds
Hero: raises $0.07 to $0.12
2a3b2ea0: folds
5a3f28c7: folds
2b97b67f: folds
aac1ef94: raises $0.13 to $0.25
Hero: calls $0.13
*** FLOP *** [Ac Jh 3h]
aac1ef94: checks
Hero: bets $0.26
aac1ef94: calls $0.26
*** TURN *** [Ac Jh 3h] [6s]
aac1ef94: checks
Hero: checks
*** RIVER *** [Ac Jh 3h 6s] [5h]
aac1ef94: bets $0.35
Hero: folds
Uncalled bet ($0.35) returned to aac1ef94
*** SHOWDOWN ***
aac1ef94 collected $0.99 from pot
*** SUMMARY ***
Total pot $1.04 | Rake $0.05 | Jackpot $0 | Bingo $0 | Fortune $0
Board [Ac Jh 3h 6s 5h]
Seat 1: fbdfa5ba folded before Flop (didn't bet)
Seat 2: Hero folded on the River
Seat 3: 2a3b2ea0 folded before Flop (didn't bet)
Seat 4: 5a3f28c7 (button) folded before Flop (didn't bet)
Seat 5: 2b97b67f (small blind) folded before Flop
Seat 6: aac1ef94 (big blind) won ($0.99)


Poker Hand #HD1176562567: Hold'em No Limit  ($0.02/$0.05) - 2023/03/26 12:56:55
Table 'NLHBlue74' 6-max Seat #3 is the button
Seat 1: fbdfa5ba ($6.17 in chips)
Seat 2: Hero ($5.92 in chips)
Seat 3: 2a3b2ea0 ($5.89 in chips)
Seat 4: 5a3f28c7 ($9.59 in chips)
Seat 5: 2b97b67f ($5 in chips)
Seat 6: aac1ef94 ($5 in chips)
5a3f28c7: posts small blind $0.02
2b97b67f: posts big blind $0.05
*** HOLE CARDS ***
Dealt to fbdfa5ba 
Dealt to Hero [Kd 8h]
Dealt to 2a3b2ea0 
Dealt to 5a3f28c7 
Dealt to 2b97b67f 
Dealt to aac1ef94 
aac1ef94: calls $0.05
fbdfa5ba: folds
Hero: folds
2a3b2ea0: folds
5a3f28c7: folds
2b97b67f: checks
*** FLOP *** [Qh 5s Kc]
2b97b67f: checks
aac1ef94: checks
*** TURN *** [Qh 5s Kc] [8s]
2b97b67f: checks
aac1ef94: checks
*** RIVER *** [Qh 5s Kc 8s] [3c]
2b97b67f: checks
aac1ef94: checks
2b97b67f: shows [2d Ts] (King-High)
aac1ef94: shows [9d 8d] (Pair of Eights)
*** SHOWDOWN ***
aac1ef94 collected $0.12 from pot
*** SUMMARY ***
Total pot $0.12 | Rake $0 | Jackpot $0 | Bingo $0 | Fortune $0
Board [Qh 5s Kc 8s 3c]
Seat 1: fbdfa5ba folded before Flop (didn't bet)
Seat 2: Hero folded before Flop (didn't bet)
Seat 3: 2a3b2ea0 (button) folded before Flop (didn't bet)
Seat 4: 5a3f28c7 (small blind) folded before Flop
Seat 5: 2b97b67f (big blind) showed [2d Ts] and lost with King-High
Seat 6: aac1ef94 showed [9d 8d] and won ($0.12) with Pair of Eights


Poker Hand #HD1176562525: Hold'em No Limit  ($0.02/$0.05) - 2023/03/26 12:56:34
Table 'NLHBlue74' 6-max Seat #2 is the button
Seat 1: fbdfa5ba ($6.17 in chips)
Seat 2: Hero ($5.85 in chips)
Seat 3: 2a3b2ea0 ($5.91 in chips)
Seat 4: 5a3f28c7 ($9.64 in chips)
Seat 5: 2b97b67f ($5 in chips)
Seat 6: aac1ef94 ($5 in chips)
2a3b2ea0: posts small blind $0.02
5a3f28c7: posts big blind $0.05
*** HOLE CARDS ***
Dealt to fbdfa5ba 
Dealt to Hero [9d Ac]
Dealt to 2a3b2ea0 
Dealt to 5a3f28c7 
Dealt to 2b97b67f 
Dealt to aac1ef94 
2b97b67f: folds
aac1ef94: folds
fbdfa5ba: folds
Hero: raises $0.07 to $0.12
2a3b2ea0: folds
5a3f28c7: folds
Uncalled bet ($0.07) returned to Hero
*** SHOWDOWN ***
Hero collected $0.12 from pot
*** SUMMARY ***
Total pot $0.12 | Rake $0 | Jackpot $0 | Bingo $0 | Fortune $0
Seat 1: fbdfa5ba folded before Flop (didn't bet)
Seat 2: Hero (button) collected ($0.12)
Seat 3: 2a3b2ea0 (small blind) folded before Flop
Seat 4: 5a3f28c7 (big blind) folded before Flop
Seat 5: 2b97b67f folded before Flop (didn't bet)
Seat 6: aac1ef94 folded before Flop (didn't bet)


Poker Hand #HD1176562446: Hold'em No Limit  ($0.02/$0.05) - 2023/03/26 12:56:00
Table 'NLHBlue74' 6-max Seat #1 is the button
Seat 1: fbdfa5ba ($6.06 in chips)
Seat 2: Hero ($5.87 in chips)
Seat 3: 2a3b2ea0 ($6.01 in chips)
Seat 4: 5a3f28c7 ($9.64 in chips)
Seat 5: 2b97b67f ($5 in chips)
Hero: posts small blind $0.02
2a3b2ea0: posts big blind $0.05
*** HOLE CARDS ***
Dealt to fbdfa5ba 
Dealt to Hero [3h As]
Dealt to 2a3b2ea0 
Dealt to 5a3f28c7 
Dealt to 2b97b67f 
5a3f28c7: folds
2b97b67f: folds
fbdfa5ba: raises $0.05 to $0.1
Hero: folds
2a3b2ea0: calls $0.05
*** FLOP *** [7d Kh Td]
2a3b2ea0: checks
fbdfa5ba: bets $0.12
2a3b2ea0: folds
Uncalled bet ($0.12) returned to fbdfa5ba
*** SHOWDOWN ***
fbdfa5ba collected $0.21 from pot
*** SUMMARY ***
Total pot $0.22 | Rake $0.01 | Jackpot $0 | Bingo $0 | Fortune $0
Board [7d Kh Td]
Seat 1: fbdfa5ba (button) won ($0.21)
Seat 2: Hero (small blind) folded before Flop
Seat 3: 2a3b2ea0 (big blind) folded on the Flop
Seat 4: 5a3f28c7 folded before Flop (didn't bet)
Seat 5: 2b97b67f folded before Flop (didn't bet)


Poker Hand #HD1176562277: Hold'em No Limit  ($0.02/$0.05) - 2023/03/26 12:54:47
Table 'NLHBlue74' 6-max Seat #5 is the button
Seat 1: fbdfa5ba ($6.11 in chips)
Seat 2: Hero ($5.87 in chips)
Seat 3: 2a3b2ea0 ($6.01 in chips)
Seat 4: 5a3f28c7 ($5.07 in chips)
Seat 5: 2b97b67f ($5 in chips)
Seat 6: aac1ef94 ($5.12 in chips)
aac1ef94: posts small blind $0.02
fbdfa5ba: posts big blind $0.05
*** HOLE CARDS ***
Dealt to fbdfa5ba 
Dealt to Hero [4d Ac]
Dealt to 2a3b2ea0 
Dealt to 5a3f28c7 
Dealt to 2b97b67f 
Dealt to aac1ef94 
Hero: folds
2a3b2ea0: folds
5a3f28c7: raises $0.08 to $0.13
2b97b67f: folds
aac1ef94: calls $0.11
fbdfa5ba: folds
*** FLOP *** [9d 3h 8c]
aac1ef94: bets $0.11
5a3f28c7: calls $0.11
*** TURN *** [9d 3h 8c] [7s]
aac1ef94: bets $0.18
5a3f28c7: raises $0.64 to $0.82
aac1ef94: calls $0.64
*** RIVER *** [9d 3h 8c 7s] [4h]
aac1ef94: bets $1.63
5a3f28c7: raises $2.38 to $4.01 and is all-in
aac1ef94: calls $2.38
5a3f28c7: shows [9h 9s] (Three Nines)
aac1ef94: shows [Js 9c] (Pair of Nines)
*** SHOWDOWN ***
5a3f28c7 collected $9.64 from pot
*** SUMMARY ***
Total pot $10.19 | Rake $0.5 | Jackpot $0.05 | Bingo $0 | Fortune $0
Board [9d 3h 8c 7s 4h]
Seat 1: fbdfa5ba (big blind) folded before Flop
Seat 2: Hero folded before Flop (didn't bet)
Seat 3: 2a3b2ea0 folded before Flop (didn't bet)
Seat 4: 5a3f28c7 showed [9h 9s] and won ($9.64) with Three Nines
Seat 5: 2b97b67f (button) folded before Flop (didn't bet)
Seat 6: aac1ef94 (small blind) showed [Js 9c] and lost with Pair of Nines


Poker Hand #HD1176562243: Hold'em No Limit  ($0.02/$0.05) - 2023/03/26 12:54:32
Table 'NLHBlue74' 6-max Seat #4 is the button
Seat 1: fbdfa5ba ($6.11 in chips)
Seat 2: Hero ($5.87 in chips)
Seat 3: 2a3b2ea0 ($6.01 in chips)
Seat 4: 5a3f28c7 ($5.07 in chips)
Seat 5: 2b97b67f ($5 in chips)
Seat 6: aac1ef94 ($5.1 in chips)
2b97b67f: posts small blind $0.02
aac1ef94: posts big blind $0.05
*** HOLE CARDS ***
Dealt to fbdfa5ba 
Dealt to Hero [Jh 5h]
Dealt to 2a3b2ea0 
Dealt to 5a3f28c7 
Dealt to 2b97b67f 
Dealt to aac1ef94 
fbdfa5ba: folds
Hero: folds
2a3b2ea0: folds
5a3f28c7: folds
2b97b67f: folds
Uncalled bet ($0.03) returned to aac1ef94
*** SHOWDOWN ***
aac1ef94 collected $0.04 from pot
*** SUMMARY ***
Total pot $0.04 | Rake $0 | Jackpot $0 | Bingo $0 | Fortune $0
Seat 1: fbdfa5ba folded before Flop (didn't bet)
Seat 2: Hero folded before Flop (didn't bet)
Seat 3: 2a3b2ea0 folded before Flop (didn't bet)
Seat 4: 5a3f28c7 (button) folded before Flop (didn't bet)
Seat 5: 2b97b67f (small blind) folded before Flop
Seat 6: aac1ef94 (big blind) collected ($0.04)


Poker Hand #HD1176562175: Hold'em No Limit  ($0.02/$0.05) - 2023/03/26 12:54:00
Table 'NLHBlue74' 6-max Seat #3 is the button
Seat 1: fbdfa5ba ($6.11 in chips)
Seat 2: Hero ($5.87 in chips)
Seat 3: 2a3b2ea0 ($6.01 in chips)
Seat 4: 5a3f28c7 ($5.09 in chips)
Seat 5: 2b97b67f ($5 in chips)
Seat 6: aac1ef94 ($5.03 in chips)
5a3f28c7: posts small blind $0.02
2b97b67f: posts big blind $0.05
*** HOLE CARDS ***
Dealt to fbdfa5ba 
Dealt to Hero [7c Th]
Dealt to 2a3b2ea0 
Dealt to 5a3f28c7 
Dealt to 2b97b67f 
Dealt to aac1ef94 
aac1ef94: raises $0.1 to $0.15
fbdfa5ba: folds
Hero: folds
2a3b2ea0: folds
5a3f28c7: folds
2b97b67f: folds
Uncalled bet ($0.1) returned to aac1ef94
*** SHOWDOWN ***
aac1ef94 collected $0.12 from pot
*** SUMMARY ***
Total pot $0.12 | Rake $0 | Jackpot $0 | Bingo $0 | Fortune $0
Seat 1: fbdfa5ba folded before Flop (didn't bet)
Seat 2: Hero folded before Flop (didn't bet)
Seat 3: 2a3b2ea0 (button) folded before Flop (didn't bet)
Seat 4: 5a3f28c7 (small blind) folded before Flop
Seat 5: 2b97b67f (big blind) folded before Flop
Seat 6: aac1ef94 collected ($0.12)


Poker Hand #HD1176562144: Hold'em No Limit  ($0.02/$0.05) - 2023/03/26 12:53:47
Table 'NLHBlue74' 6-max Seat #2 is the button
Seat 1: fbdfa5ba ($6.11 in chips)
Seat 2: Hero ($5.87 in chips)
Seat 3: 2a3b2ea0 ($6.03 in chips)
Seat 4: 5a3f28c7 ($5.07 in chips)
Seat 6: aac1ef94 ($5.03 in chips)
2a3b2ea0: posts small blind $0.02
5a3f28c7: posts big blind $0.05
*** HOLE CARDS ***
Dealt to fbdfa5ba 
Dealt to Hero [4s Kh]
Dealt to 2a3b2ea0 
Dealt to 5a3f28c7 
Dealt to aac1ef94 
aac1ef94: folds
fbdfa5ba: folds
Hero: folds
2a3b2ea0: folds
Uncalled bet ($0.03) returned to 5a3f28c7
*** SHOWDOWN ***
5a3f28c7 collected $0.04 from pot
*** SUMMARY ***
Total pot $0.04 | Rake $0 | Jackpot $0 | Bingo $0 | Fortune $0
Seat 1: fbdfa5ba folded before Flop (didn't bet)
Seat 2: Hero (button) folded before Flop (didn't bet)
Seat 3: 2a3b2ea0 (small blind) folded before Flop
Seat 4: 5a3f28c7 (big blind) collected ($0.04)
Seat 6: aac1ef94 folded before Flop (didn't bet)


Poker Hand #HD1176562089: Hold'em No Limit  ($0.02/$0.05) - 2023/03/26 12:53:24
Table 'NLHBlue74' 6-max Seat #1 is the button
Seat 1: fbdfa5ba ($6.11 in chips)
Seat 2: Hero ($5.77 in chips)
Seat 3: 2a3b2ea0 ($6.08 in chips)
Seat 4: 5a3f28c7 ($5.07 in chips)
Seat 6: aac1ef94 ($5.08 in chips)
Hero: posts small blind $0.02
2a3b2ea0: posts big blind $0.05
*** HOLE CARDS ***
Dealt to fbdfa5ba 
Dealt to Hero [As Qs]
Dealt to 2a3b2ea0 
Dealt to 5a3f28c7 
Dealt to aac1ef94 
5a3f28c7: folds
aac1ef94: calls $0.05
fbdfa5ba: folds
Hero: raises $0.25 to $0.3
2a3b2ea0: folds
aac1ef94: folds
Uncalled bet ($0.25) returned to Hero
*** SHOWDOWN ***
Hero collected $0.15 from pot
*** SUMMARY ***
Total pot $0.15 | Rake $0 | Jackpot $0 | Bingo $0 | Fortune $0
Seat 1: fbdfa5ba (button) folded before Flop (didn't bet)
Seat 2: Hero (small blind) collected ($0.15)
Seat 3: 2a3b2ea0 (big blind) folded before Flop
Seat 4: 5a3f28c7 folded before Flop (didn't bet)
Seat 6: aac1ef94 folded before Flop


Poker Hand #HD1176562048: Hold'em No Limit  ($0.02/$0.05) - 2023/03/26 12:53:05
Table 'NLHBlue74' 6-max Seat #6 is the button
Seat 1: fbdfa5ba ($6.13 in chips)
Seat 2: Hero ($5.75 in chips)
Seat 3: 2a3b2ea0 ($6.08 in chips)
Seat 4: 5a3f28c7 ($5.07 in chips)
Seat 6: aac1ef94 ($5.08 in chips)
fbdfa5ba: posts small blind $0.02
Hero: posts big blind $0.05
*** HOLE CARDS ***
Dealt to fbdfa5ba 
Dealt to Hero [Ks Jc]
Dealt to 2a3b2ea0 
Dealt to 5a3f28c7 
Dealt to aac1ef94 
2a3b2ea0: folds
5a3f28c7: folds
aac1ef94: folds
fbdfa5ba: folds
Uncalled bet ($0.03) returned to Hero
*** SHOWDOWN ***
Hero collected $0.04 from pot
*** SUMMARY ***
Total pot $0.04 | Rake $0 | Jackpot $0 | Bingo $0 | Fortune $0
Seat 1: fbdfa5ba (small blind) folded before Flop
Seat 2: Hero (big blind) collected ($0.04)
Seat 3: 2a3b2ea0 folded before Flop (didn't bet)
Seat 4: 5a3f28c7 folded before Flop (didn't bet)
Seat 6: aac1ef94 (button) folded before Flop (didn't bet)


Poker Hand #HD1176562008: Hold'em No Limit  ($0.02/$0.05) - 2023/03/26 12:52:46
Table 'NLHBlue74' 6-max Seat #5 is the button
Seat 1: fbdfa5ba ($6.18 in chips)
Seat 2: Hero ($5.75 in chips)
Seat 3: 2a3b2ea0 ($6.08 in chips)
Seat 4: 5a3f28c7 ($5.07 in chips)
Seat 5: d6cf325 ($7.49 in chips)
Seat 6: aac1ef94 ($5.1 in chips)
aac1ef94: posts small blind $0.02
fbdfa5ba: posts big blind $0.05
*** HOLE CARDS ***
Dealt to fbdfa5ba 
Dealt to Hero [3d 3s]
Dealt to 2a3b2ea0 
Dealt to 5a3f28c7 
Dealt to d6cf325 
Dealt to aac1ef94 
Hero: folds
2a3b2ea0: folds
5a3f28c7: folds
d6cf325: raises $0.05 to $0.1
aac1ef94: folds
fbdfa5ba: folds
Uncalled bet ($0.05) returned to d6cf325
*** SHOWDOWN ***
d6cf325 collected $0.12 from pot
*** SUMMARY ***
Total pot $0.12 | Rake $0 | Jackpot $0 | Bingo $0 | Fortune $0
Seat 1: fbdfa5ba (big blind) folded before Flop
Seat 2: Hero folded before Flop (didn't bet)
Seat 3: 2a3b2ea0 folded before Flop (didn't bet)
Seat 4: 5a3f28c7 folded before Flop (didn't bet)
Seat 5: d6cf325 (button) collected ($0.12)
Seat 6: aac1ef94 (small blind) folded before Flop


Poker Hand #HD1176561981: Hold'em No Limit  ($0.02/$0.05) - 2023/03/26 12:52:32
Table 'NLHBlue74' 6-max Seat #4 is the button
Seat 1: fbdfa5ba ($6.18 in chips)
Seat 2: Hero ($5.75 in chips)
Seat 3: 2a3b2ea0 ($6.08 in chips)
Seat 4: 5a3f28c7 ($5 in chips)
Seat 5: d6cf325 ($7.51 in chips)
Seat 6: aac1ef94 ($5.15 in chips)
d6cf325: posts small blind $0.02
aac1ef94: posts big blind $0.05
*** HOLE CARDS ***
Dealt to fbdfa5ba 
Dealt to Hero [Th 6c]
Dealt to 2a3b2ea0 
Dealt to 5a3f28c7 
Dealt to d6cf325 
Dealt to aac1ef94 
fbdfa5ba: folds
Hero: folds
2a3b2ea0: folds
5a3f28c7: raises $0.08 to $0.13
d6cf325: folds
aac1ef94: folds
Uncalled bet ($0.08) returned to 5a3f28c7
*** SHOWDOWN ***
5a3f28c7 collected $0.12 from pot
*** SUMMARY ***
Total pot $0.12 | Rake $0 | Jackpot $0 | Bingo $0 | Fortune $0
Seat 1: fbdfa5ba folded before Flop (didn't bet)
Seat 2: Hero folded before Flop (didn't bet)
Seat 3: 2a3b2ea0 folded before Flop (didn't bet)
Seat 4: 5a3f28c7 (button) collected ($0.12)
Seat 5: d6cf325 (small blind) folded before Flop
Seat 6: aac1ef94 (big blind) folded before Flop


Poker Hand #HD1176561938: Hold'em No Limit  ($0.02/$0.05) - 2023/03/26 12:52:12
Table 'NLHBlue74' 6-max Seat #3 is the button
Seat 1: fbdfa5ba ($6.18 in chips)
Seat 2: Hero ($5.75 in chips)
Seat 3: 2a3b2ea0 ($6.01 in chips)
Seat 4: 5a3f28c7 ($5 in chips)
Seat 5: d6cf325 ($7.56 in chips)
Seat 6: aac1ef94 ($5.15 in chips)
5a3f28c7: posts small blind $0.02
d6cf325: posts big blind $0.05
*** HOLE CARDS ***
Dealt to fbdfa5ba 
Dealt to Hero [7s Ac]
Dealt to 2a3b2ea0 
Dealt to 5a3f28c7 
Dealt to d6cf325 
Dealt to aac1ef94 
aac1ef94: folds
fbdfa5ba: folds
Hero: folds
2a3b2ea0: raises $0.08 to $0.13
5a3f28c7: folds
d6cf325: folds
Uncalled bet ($0.08) returned to 2a3b2ea0
*** SHOWDOWN ***
2a3b2ea0 collected $0.12 from pot
*** SUMMARY ***
Total pot $0.12 | Rake $0 | Jackpot $0 | Bingo $0 | Fortune $0
Seat 1: fbdfa5ba folded before Flop (didn't bet)
Seat 2: Hero folded before Flop (didn't bet)
Seat 3: 2a3b2ea0 (button) collected ($0.12)
Seat 4: 5a3f28c7 (small blind) folded before Flop
Seat 5: d6cf325 (big blind) folded before Flop
Seat 6: aac1ef94 folded before Flop (didn't bet)


Poker Hand #HD1176561818: Hold'em No Limit  ($0.02/$0.05) - 2023/03/26 12:51:12
Table 'NLHBlue74' 6-max Seat #2 is the button
Seat 1: fbdfa5ba ($8.84 in chips)
Seat 2: Hero ($5.75 in chips)
Seat 3: 2a3b2ea0 ($6.03 in chips)
Seat 4: 5a3f28c7 ($5 in chips)
Seat 5: d6cf325 ($5.14 in chips)
Seat 6: aac1ef94 ($5.15 in chips)
2a3b2ea0: posts small blind $0.02
5a3f28c7: posts big blind $0.05
*** HOLE CARDS ***
Dealt to fbdfa5ba 
Dealt to Hero [3c 2d]
Dealt to 2a3b2ea0 
Dealt to 5a3f28c7 
Dealt to d6cf325 
Dealt to aac1ef94 
d6cf325: raises $0.1 to $0.15
aac1ef94: folds
fbdfa5ba: raises $0.31 to $0.46
Hero: folds
2a3b2ea0: folds
5a3f28c7: folds
d6cf325: calls $0.31
*** FLOP *** [Kd 2s 3h]
d6cf325: checks
fbdfa5ba: checks
*** TURN *** [Kd 2s 3h] [7s]
d6cf325: bets $0.66
fbdfa5ba: calls $0.66
*** RIVER *** [Kd 2s 3h 7s] [7d]
d6cf325: bets $1.54
fbdfa5ba: calls $1.54
d6cf325: shows [Kc Ad] (Pair of Kings and Pair of Sevens)
fbdfa5ba: shows [Qc Qs] (Pair of Queens and Pair of Sevens)
*** SHOWDOWN ***
d6cf325 collected $5.08 from pot
*** SUMMARY ***
Total pot $5.39 | Rake $0.26 | Jackpot $0.05 | Bingo $0 | Fortune $0
Board [Kd 2s 3h 7s 7d]
Seat 1: fbdfa5ba showed [Qc Qs] and lost with Pair of Queens and Pair of Sevens
Seat 2: Hero (button) folded before Flop (didn't bet)
Seat 3: 2a3b2ea0 (small blind) folded before Flop
Seat 4: 5a3f28c7 (big blind) folded before Flop
Seat 5: d6cf325 showed [Kc Ad] and won ($5.08) with Pair of Kings and Pair of Sevens
Seat 6: aac1ef94 folded before Flop (didn't bet)


Poker Hand #HD1176561702: Hold'em No Limit  ($0.02/$0.05) - 2023/03/26 12:50:17
Table 'NLHBlue74' 6-max Seat #1 is the button
Seat 1: fbdfa5ba ($9.04 in chips)
Seat 2: Hero ($5.77 in chips)
Seat 3: 2a3b2ea0 ($6.08 in chips)
Seat 4: 3e5973ee ($5.17 in chips)
Seat 5: d6cf325 ($5.14 in chips)
Seat 6: aac1ef94 ($4.9 in chips)
Hero: posts small blind $0.02
2a3b2ea0: posts big blind $0.05
*** HOLE CARDS ***
Dealt to fbdfa5ba 
Dealt to Hero [Th 5c]
Dealt to 2a3b2ea0 
Dealt to 3e5973ee 
Dealt to d6cf325 
Dealt to aac1ef94 
3e5973ee: folds
d6cf325: folds
aac1ef94: calls $0.05
fbdfa5ba: raises $0.15 to $0.2
Hero: folds
2a3b2ea0: folds
aac1ef94: calls $0.15
*** FLOP *** [Jh Tc Js]
aac1ef94: checks
fbdfa5ba: checks
*** TURN *** [Jh Tc Js] [8s]
aac1ef94: checks
fbdfa5ba: checks
*** RIVER *** [Jh Tc Js 8s] [2c]
aac1ef94: bets $0.1
fbdfa5ba: folds
Uncalled bet ($0.1) returned to aac1ef94
*** SHOWDOWN ***
aac1ef94 collected $0.45 from pot
*** SUMMARY ***
Total pot $0.47 | Rake $0.02 | Jackpot $0 | Bingo $0 | Fortune $0
Board [Jh Tc Js 8s 2c]
Seat 1: fbdfa5ba (button) folded on the River
Seat 2: Hero (small blind) folded before Flop
Seat 3: 2a3b2ea0 (big blind) folded before Flop
Seat 4: 3e5973ee folded before Flop (didn't bet)
Seat 5: d6cf325 folded before Flop (didn't bet)
Seat 6: aac1ef94 won ($0.45)


Poker Hand #HD1176561649: Hold'em No Limit  ($0.02/$0.05) - 2023/03/26 12:49:52
Table 'NLHBlue74' 6-max Seat #6 is the button
Seat 1: fbdfa5ba ($9.06 in chips)
Seat 2: Hero ($5.82 in chips)
Seat 3: 2a3b2ea0 ($6.08 in chips)
Seat 4: 3e5973ee ($5.17 in chips)
Seat 5: d6cf325 ($5.27 in chips)
Seat 6: aac1ef94 ($4.71 in chips)
fbdfa5ba: posts small blind $0.02
Hero: posts big blind $0.05
*** HOLE CARDS ***
Dealt to fbdfa5ba 
Dealt to Hero [7h 2c]
Dealt to 2a3b2ea0 
Dealt to 3e5973ee 
Dealt to d6cf325 
Dealt to aac1ef94 
2a3b2ea0: folds
3e5973ee: folds
d6cf325: raises $0.08 to $0.13
aac1ef94: raises $0.17 to $0.3
fbdfa5ba: folds
Hero: folds
d6cf325: folds
Uncalled bet ($0.17) returned to aac1ef94
*** SHOWDOWN ***
aac1ef94 collected $0.32 from pot
*** SUMMARY ***
Total pot $0.33 | Rake $0.01 | Jackpot $0 | Bingo $0 | Fortune $0
Seat 1: fbdfa5ba (small blind) folded before Flop
Seat 2: Hero (big blind) folded before Flop
Seat 3: 2a3b2ea0 folded before Flop (didn't bet)
Seat 4: 3e5973ee folded before Flop (didn't bet)
Seat 5: d6cf325 folded before Flop
Seat 6: aac1ef94 (button) collected ($0.32)


Poker Hand #HD1176561503: Hold'em No Limit  ($0.02/$0.05) - 2023/03/26 12:48:38
Table 'NLHBlue74' 6-max Seat #5 is the button
Seat 1: fbdfa5ba ($9.11 in chips)
Seat 2: Hero ($5.82 in chips)
Seat 3: 2a3b2ea0 ($6.08 in chips)
Seat 4: 3e5973ee ($5.17 in chips)
Seat 5: d6cf325 ($6.14 in chips)
Seat 6: aac1ef94 ($3.92 in chips)
aac1ef94: posts small blind $0.02
fbdfa5ba: posts big blind $0.05
*** HOLE CARDS ***
Dealt to fbdfa5ba 
Dealt to Hero [9d 8s]
Dealt to 2a3b2ea0 
Dealt to 3e5973ee 
Dealt to d6cf325 
Dealt to aac1ef94 
Hero: folds
2a3b2ea0: folds
3e5973ee: folds
d6cf325: raises $0.05 to $0.1
aac1ef94: calls $0.08
fbdfa5ba: folds
*** FLOP *** [Ah 3s 6d]
aac1ef94: bets $0.09
d6cf325: raises $0.23 to $0.32
aac1ef94: calls $0.23
*** TURN *** [Ah 3s 6d] [7h]
aac1ef94: bets $0.45
d6cf325: calls $0.45
*** RIVER *** [Ah 3s 6d 7h] [Ac]
aac1ef94: bets $1.79
d6cf325: folds
Uncalled bet ($1.79) returned to aac1ef94
*** SHOWDOWN ***
aac1ef94 collected $1.66 from pot
*** SUMMARY ***
Total pot $1.79 | Rake $0.08 | Jackpot $0.05 | Bingo $0 | Fortune $0
Board [Ah 3s 6d 7h Ac]
Seat 1: fbdfa5ba (big blind) folded before Flop
Seat 2: Hero folded before Flop (didn't bet)
Seat 3: 2a3b2ea0 folded before Flop (didn't bet)
Seat 4: 3e5973ee folded before Flop (didn't bet)
Seat 5: d6cf325 (button) folded on the River
Seat 6: aac1ef94 (small blind) won ($1.66)


Poker Hand #HD1176561413: Hold'em No Limit  ($0.02/$0.05) - 2023/03/26 12:47:55
Table 'NLHBlue74' 6-max Seat #4 is the button
Seat 1: fbdfa5ba ($9.11 in chips)
Seat 2: Hero ($5.82 in chips)
Seat 3: 2a3b2ea0 ($6.08 in chips)
Seat 4: 3e5973ee ($5.05 in chips)
Seat 5: d6cf325 ($6.16 in chips)
Seat 6: aac1ef94 ($4.03 in chips)
d6cf325: posts small blind $0.02
aac1ef94: posts big blind $0.05
*** HOLE CARDS ***
Dealt to fbdfa5ba 
Dealt to Hero [3d 6s]
Dealt to 2a3b2ea0 
Dealt to 3e5973ee 
Dealt to d6cf325 
Dealt to aac1ef94 
fbdfa5ba: folds
Hero: folds
2a3b2ea0: folds
3e5973ee: calls $0.05
d6cf325: folds
aac1ef94: checks
*** FLOP *** [Ac 5d 2c]
aac1ef94: bets $0.06
3e5973ee: calls $0.06
*** TURN *** [Ac 5d 2c] [3s]
aac1ef94: checks
3e5973ee: checks
*** RIVER *** [Ac 5d 2c 3s] [Td]
aac1ef94: checks
3e5973ee: checks
aac1ef94: shows [8s 2h] (Pair of Twos)
3e5973ee: shows [Kd Tc] (Pair of Tens)
*** SHOWDOWN ***
3e5973ee collected $0.23 from pot
*** SUMMARY ***
Total pot $0.24 | Rake $0.01 | Jackpot $0 | Bingo $0 | Fortune $0
Board [Ac 5d 2c 3s Td]
Seat 1: fbdfa5ba folded before Flop (didn't bet)
Seat 2: Hero folded before Flop (didn't bet)
Seat 3: 2a3b2ea0 folded before Flop (didn't bet)
Seat 4: 3e5973ee (button) showed [Kd Tc] and won ($0.23) with Pair of Tens
Seat 5: d6cf325 (small blind) folded before Flop
Seat 6: aac1ef94 (big blind) showed [8s 2h] and lost with Pair of Twos


Poker Hand #HD1176561277: Hold'em No Limit  ($0.02/$0.05) - 2023/03/26 12:46:49
Table 'NLHBlue74' 6-max Seat #3 is the button
Seat 1: fbdfa5ba ($9.11 in chips)
Seat 2: Hero ($5.82 in chips)
Seat 3: 2a3b2ea0 ($6.08 in chips)
Seat 4: 3e5973ee ($4.87 in chips)
Seat 5: d6cf325 ($6.36 in chips)
Seat 6: aac1ef94 ($4.03 in chips)
3e5973ee: posts small blind $0.02
d6cf325: posts big blind $0.05
*** HOLE CARDS ***
Dealt to fbdfa5ba 
Dealt to Hero [Ac 3s]
Dealt to 2a3b2ea0 
Dealt to 3e5973ee 
Dealt to d6cf325 
Dealt to aac1ef94 
aac1ef94: folds
fbdfa5ba: folds
Hero: folds
2a3b2ea0: folds
3e5973ee: calls $0.03
d6cf325: raises $0.15 to $0.2
3e5973ee: calls $0.15
*** FLOP *** [Ad 8s Kc]
3e5973ee: checks
d6cf325: checks
*** TURN *** [Ad 8s Kc] [6s]
3e5973ee: checks
d6cf325: checks
*** RIVER *** [Ad 8s Kc 6s] [5h]
3e5973ee: checks
d6cf325: checks
3e5973ee: shows [Kd Tc] (Pair of Kings)
d6cf325: shows [4h 4c] (Pair of Fours)
*** SHOWDOWN ***
3e5973ee collected $0.38 from pot
*** SUMMARY ***
Total pot $0.4 | Rake $0.02 | Jackpot $0 | Bingo $0 | Fortune $0
Board [Ad 8s Kc 6s 5h]
Seat 1: fbdfa5ba folded before Flop (didn't bet)
Seat 2: Hero folded before Flop (didn't bet)
Seat 3: 2a3b2ea0 (button) folded before Flop (didn't bet)
Seat 4: 3e5973ee (small blind) showed [Kd Tc] and won ($0.38) with Pair of Kings
Seat 5: d6cf325 (big blind) showed [4h 4c] and lost with Pair of Fours
Seat 6: aac1ef94 folded before Flop (didn't bet)


Poker Hand #HD1176561245: Hold'em No Limit  ($0.02/$0.05) - 2023/03/26 12:46:33
Table 'NLHBlue74' 6-max Seat #2 is the button
Seat 1: fbdfa5ba ($9.04 in chips)
Seat 2: Hero ($5.82 in chips)
Seat 3: 2a3b2ea0 ($6.1 in chips)
Seat 4: 3e5973ee ($4.92 in chips)
Seat 5: d6cf325 ($6.36 in chips)
Seat 6: aac1ef94 ($4.03 in chips)
2a3b2ea0: posts small blind $0.02
3e5973ee: posts big blind $0.05
*** HOLE CARDS ***
Dealt to fbdfa5ba 
Dealt to Hero [Qd 3c]
Dealt to 2a3b2ea0 
Dealt to 3e5973ee 
Dealt to d6cf325 
Dealt to aac1ef94 
d6cf325: folds
aac1ef94: folds
fbdfa5ba: raises $0.05 to $0.1
Hero: folds
2a3b2ea0: folds
3e5973ee: folds
Uncalled bet ($0.05) returned to fbdfa5ba
*** SHOWDOWN ***
fbdfa5ba collected $0.12 from pot
*** SUMMARY ***
Total pot $0.12 | Rake $0 | Jackpot $0 | Bingo $0 | Fortune $0
Seat 1: fbdfa5ba collected ($0.12)
Seat 2: Hero (button) folded before Flop (didn't bet)
Seat 3: 2a3b2ea0 (small blind) folded before Flop
Seat 4: 3e5973ee (big blind) folded before Flop
Seat 5: d6cf325 folded before Flop (didn't bet)
Seat 6: aac1ef94 folded before Flop (didn't bet)


Poker Hand #HD1176561215: Hold'em No Limit  ($0.02/$0.05) - 2023/03/26 12:46:16
Table 'NLHBlue74' 6-max Seat #1 is the button
Seat 1: fbdfa5ba ($8.97 in chips)
Seat 2: Hero ($5.84 in chips)
Seat 3: 2a3b2ea0 ($6.15 in chips)
Seat 4: 3e5973ee ($4.92 in chips)
Seat 5: d6cf325 ($6.36 in chips)
Seat 6: aac1ef94 ($4.03 in chips)
Hero: posts small blind $0.02
2a3b2ea0: posts big blind $0.05
*** HOLE CARDS ***
Dealt to fbdfa5ba 
Dealt to Hero [4d 6c]
Dealt to 2a3b2ea0 
Dealt to 3e5973ee 
Dealt to d6cf325 
Dealt to aac1ef94 
3e5973ee: folds
d6cf325: folds
aac1ef94: folds
fbdfa5ba: raises $0.05 to $0.1
Hero: folds
2a3b2ea0: folds
Uncalled bet ($0.05) returned to fbdfa5ba
*** SHOWDOWN ***
fbdfa5ba collected $0.12 from pot
*** SUMMARY ***
Total pot $0.12 | Rake $0 | Jackpot $0 | Bingo $0 | Fortune $0
Seat 1: fbdfa5ba (button) collected ($0.12)
Seat 2: Hero (small blind) folded before Flop
Seat 3: 2a3b2ea0 (big blind) folded before Flop
Seat 4: 3e5973ee folded before Flop (didn't bet)
Seat 5: d6cf325 folded before Flop (didn't bet)
Seat 6: aac1ef94 folded before Flop (didn't bet)


Poker Hand #HD1176561162: Hold'em No Limit  ($0.02/$0.05) - 2023/03/26 12:45:54
Table 'NLHBlue74' 6-max Seat #6 is the button
Seat 1: fbdfa5ba ($8.92 in chips)
Seat 2: Hero ($5.89 in chips)
Seat 3: 2a3b2ea0 ($6.15 in chips)
Seat 4: 3e5973ee ($4.92 in chips)
Seat 5: d6cf325 ($6.36 in chips)
Seat 6: aac1ef94 ($4.03 in chips)
fbdfa5ba: posts small blind $0.02
Hero: posts big blind $0.05
*** HOLE CARDS ***
Dealt to fbdfa5ba 
Dealt to Hero [8s Kc]
Dealt to 2a3b2ea0 
Dealt to 3e5973ee 
Dealt to d6cf325 
Dealt to aac1ef94 
2a3b2ea0: folds
3e5973ee: folds
d6cf325: folds
aac1ef94: folds
fbdfa5ba: raises $0.1 to $0.15
Hero: folds
Uncalled bet ($0.1) returned to fbdfa5ba
*** SHOWDOWN ***
fbdfa5ba collected $0.1 from pot
*** SUMMARY ***
Total pot $0.1 | Rake $0 | Jackpot $0 | Bingo $0 | Fortune $0
Seat 1: fbdfa5ba (small blind) collected ($0.1)
Seat 2: Hero (big blind) folded before Flop
Seat 3: 2a3b2ea0 folded before Flop (didn't bet)
Seat 4: 3e5973ee folded before Flop (didn't bet)
Seat 5: d6cf325 folded before Flop (didn't bet)
Seat 6: aac1ef94 (button) folded before Flop (didn't bet)


Poker Hand #HD1176561074: Hold'em No Limit  ($0.02/$0.05) - 2023/03/26 12:45:10
Table 'NLHBlue74' 6-max Seat #5 is the button
Seat 1: fbdfa5ba ($8.97 in chips)
Seat 2: Hero ($5.18 in chips)
Seat 3: 2a3b2ea0 ($6.15 in chips)
Seat 4: 3e5973ee ($5.68 in chips)
Seat 5: d6cf325 ($6.36 in chips)
Seat 6: aac1ef94 ($4.05 in chips)
aac1ef94: posts small blind $0.02
fbdfa5ba: posts big blind $0.05
*** HOLE CARDS ***
Dealt to fbdfa5ba 
Dealt to Hero [Qc Ah]
Dealt to 2a3b2ea0 
Dealt to 3e5973ee 
Dealt to d6cf325 
Dealt to aac1ef94 
Hero: raises $0.07 to $0.12
2a3b2ea0: folds
3e5973ee: calls $0.12
d6cf325: folds
aac1ef94: folds
fbdfa5ba: folds
*** FLOP *** [Qd 3c Td]
Hero: bets $0.24
3e5973ee: calls $0.24
*** TURN *** [Qd 3c Td] [Tc]
Hero: bets $0.4
3e5973ee: calls $0.4
*** RIVER *** [Qd 3c Td Tc] [2h]
Hero: checks
3e5973ee: checks
Hero: shows [Qc Ah] (Pair of Queens and Pair of Tens)
3e5973ee: shows [Ks Js] (Pair of Tens)
*** SHOWDOWN ***
Hero collected $1.47 from pot
*** SUMMARY ***
Total pot $1.59 | Rake $0.07 | Jackpot $0.05 | Bingo $0 | Fortune $0
Board [Qd 3c Td Tc 2h]
Seat 1: fbdfa5ba (big blind) folded before Flop
Seat 2: Hero showed [Qc Ah] and won ($1.47) with Pair of Queens and Pair of Tens
Seat 3: 2a3b2ea0 folded before Flop (didn't bet)
Seat 4: 3e5973ee showed [Ks Js] and lost with Pair of Tens
Seat 5: d6cf325 (button) folded before Flop (didn't bet)
Seat 6: aac1ef94 (small blind) folded before Flop


Poker Hand #HD1176561042: Hold'em No Limit  ($0.02/$0.05) - 2023/03/26 12:44:54
Table 'NLHBlue74' 6-max Seat #4 is the button
Seat 1: fbdfa5ba ($8.97 in chips)
Seat 2: Hero ($5.11 in chips)
Seat 3: 2a3b2ea0 ($6.15 in chips)
Seat 4: 3e5973ee ($5.68 in chips)
Seat 5: d6cf325 ($6.38 in chips)
Seat 6: aac1ef94 ($4.1 in chips)
d6cf325: posts small blind $0.02
aac1ef94: posts big blind $0.05
*** HOLE CARDS ***
Dealt to fbdfa5ba 
Dealt to Hero [Ad 9d]
Dealt to 2a3b2ea0 
Dealt to 3e5973ee 
Dealt to d6cf325 
Dealt to aac1ef94 
fbdfa5ba: folds
Hero: raises $0.07 to $0.12
2a3b2ea0: folds
3e5973ee: folds
d6cf325: folds
aac1ef94: folds
Uncalled bet ($0.07) returned to Hero
*** SHOWDOWN ***
Hero collected $0.12 from pot
*** SUMMARY ***
Total pot $0.12 | Rake $0 | Jackpot $0 | Bingo $0 | Fortune $0
Seat 1: fbdfa5ba folded before Flop (didn't bet)
Seat 2: Hero collected ($0.12)
Seat 3: 2a3b2ea0 folded before Flop (didn't bet)
Seat 4: 3e5973ee (button) folded before Flop (didn't bet)
Seat 5: d6cf325 (small blind) folded before Flop
Seat 6: aac1ef94 (big blind) folded before Flop


Poker Hand #HD1176560880: Hold'em No Limit  ($0.02/$0.05) - 2023/03/26 12:43:35
Table 'NLHBlue74' 6-max Seat #3 is the button
Seat 1: fbdfa5ba ($8.86 in chips)
Seat 2: Hero ($5 in chips)
Seat 3: 2a3b2ea0 ($6.35 in chips)
Seat 4: 3e5973ee ($5.7 in chips)
Seat 5: d6cf325 ($6.43 in chips)
Seat 6: aac1ef94 ($4.3 in chips)
3e5973ee: posts small blind $0.02
d6cf325: posts big blind $0.05
*** HOLE CARDS ***
Dealt to fbdfa5ba 
Dealt to Hero [As Qc]
Dealt to 2a3b2ea0 
Dealt to 3e5973ee 
Dealt to d6cf325 
Dealt to aac1ef94 
aac1ef94: calls $0.05
fbdfa5ba: raises $0.15 to $0.2
Hero: calls $0.2
2a3b2ea0: calls $0.2
3e5973ee: folds
d6cf325: folds
aac1ef94: calls $0.15
*** FLOP *** [5d 6c Qd]
aac1ef94: checks
fbdfa5ba: bets $0.58
Hero: calls $0.58
2a3b2ea0: folds
aac1ef94: folds
*** TURN *** [5d 6c Qd] [Th]
fbdfa5ba: bets $1.18
Hero: calls $1.18
*** RIVER *** [5d 6c Qd Th] [4d]
fbdfa5ba: checks
Hero: checks
fbdfa5ba: shows [Ah Qh] (Pair of Queens)
Hero: shows [As Qc] (Pair of Queens)
*** SHOWDOWN ***
fbdfa5ba collected $2.07 from pot
Hero collected $2.07 from pot
*** SUMMARY ***
Total pot $4.39 | Rake $0.2 | Jackpot $0.05 | Bingo $0 | Fortune $0
Board [5d 6c Qd Th 4d]
Seat 1: fbdfa5ba showed [Ah Qh] and won ($2.07) with Pair of Queens
Seat 2: Hero showed [As Qc] and won ($2.07) with Pair of Queens
Seat 3: 2a3b2ea0 (button) folded on the Flop
Seat 4: 3e5973ee (small blind) folded before Flop
Seat 5: d6cf325 (big blind) folded before Flop
Seat 6: aac1ef94 folded on the Flop


Poker Hand #HD1176560778: Hold'em No Limit  ($0.02/$0.05) - 2023/03/26 12:42:46
Table 'NLHBlue74' 6-max Seat #2 is the button
Seat 1: fbdfa5ba ($8.86 in chips)
Seat 2: Hero ($5 in chips)
Seat 3: 2a3b2ea0 ($6.37 in chips)
Seat 4: 3e5973ee ($5.85 in chips)
Seat 5: d6cf325 ($6.27 in chips)
Seat 6: aac1ef94 ($4.3 in chips)
2a3b2ea0: posts small blind $0.02
3e5973ee: posts big blind $0.05
*** HOLE CARDS ***
Dealt to fbdfa5ba 
Dealt to Hero [4h 9s]
Dealt to 2a3b2ea0 
Dealt to 3e5973ee 
Dealt to d6cf325 
Dealt to aac1ef94 
d6cf325: raises $0.1 to $0.15
aac1ef94: folds
fbdfa5ba: folds
Hero: folds
2a3b2ea0: folds
3e5973ee: calls $0.1
*** FLOP *** [9d Kh 3s]
3e5973ee: checks
d6cf325: bets $0.24
3e5973ee: folds
Uncalled bet ($0.24) returned to d6cf325
*** SHOWDOWN ***
d6cf325 collected $0.31 from pot
*** SUMMARY ***
Total pot $0.32 | Rake $0.01 | Jackpot $0 | Bingo $0 | Fortune $0
Board [9d Kh 3s]
Seat 1: fbdfa5ba folded before Flop (didn't bet)
Seat 2: Hero (button) folded before Flop (didn't bet)
Seat 3: 2a3b2ea0 (small blind) folded before Flop
Seat 4: 3e5973ee (big blind) folded on the Flop
Seat 5: d6cf325 won ($0.31)
Seat 6: aac1ef94 folded before Flop (didn't bet)


Poker Hand #HD1176560748: Hold'em No Limit  ($0.02/$0.05) - 2023/03/26 12:42:32
Table 'NLHBlue74' 6-max Seat #1 is the button
Seat 1: fbdfa5ba ($8.86 in chips)
Seat 2: Hero ($5.02 in chips)
Seat 3: 2a3b2ea0 ($6.35 in chips)
Seat 4: 3e5973ee ($5.85 in chips)
Seat 5: d6cf325 ($6.27 in chips)
Seat 6: aac1ef94 ($4.3 in chips)
Hero: posts small blind $0.02
2a3b2ea0: posts big blind $0.05
*** HOLE CARDS ***
Dealt to fbdfa5ba 
Dealt to Hero [8s 5s]
Dealt to 2a3b2ea0 
Dealt to 3e5973ee 
Dealt to d6cf325 
Dealt to aac1ef94 
3e5973ee: folds
d6cf325: folds
aac1ef94: folds
fbdfa5ba: folds
Hero: folds
Uncalled bet ($0.03) returned to 2a3b2ea0
*** SHOWDOWN ***
2a3b2ea0 collected $0.04 from pot
*** SUMMARY ***
Total pot $0.04 | Rake $0 | Jackpot $0 | Bingo $0 | Fortune $0
Seat 1: fbdfa5ba (button) folded before Flop (didn't bet)
Seat 2: Hero (small blind) folded before Flop
Seat 3: 2a3b2ea0 (big blind) collected ($0.04)
Seat 4: 3e5973ee folded before Flop (didn't bet)
Seat 5: d6cf325 folded before Flop (didn't bet)
Seat 6: aac1ef94 folded before Flop (didn't bet)


Poker Hand #HD1176560665: Hold'em No Limit  ($0.02/$0.05) - 2023/03/26 12:41:47
Table 'NLHBlue74' 6-max Seat #6 is the button
Seat 1: fbdfa5ba ($8.88 in chips)
Seat 2: Hero ($5.07 in chips)
Seat 3: 2a3b2ea0 ($6.63 in chips)
Seat 4: 3e5973ee ($5.85 in chips)
Seat 5: d6cf325 ($6.27 in chips)
Seat 6: aac1ef94 ($3.98 in chips)
fbdfa5ba: posts small blind $0.02
Hero: posts big blind $0.05
*** HOLE CARDS ***
Dealt to fbdfa5ba 
Dealt to Hero [4s 8d]
Dealt to 2a3b2ea0 
Dealt to 3e5973ee 
Dealt to d6cf325 
Dealt to aac1ef94 
2a3b2ea0: raises $0.1 to $0.15
3e5973ee: folds
d6cf325: folds
aac1ef94: calls $0.15
fbdfa5ba: folds
Hero: folds
*** FLOP *** [9h Qc 3d]
2a3b2ea0: bets $0.13
aac1ef94: calls $0.13
*** TURN *** [9h Qc 3d] [7c]
2a3b2ea0: checks
aac1ef94: checks
*** RIVER *** [9h Qc 3d 7c] [8c]
2a3b2ea0: checks
aac1ef94: checks
2a3b2ea0: shows [2h Ah] (Ace-High)
aac1ef94: shows [Jh 9c] (Pair of Nines)
*** SHOWDOWN ***
aac1ef94 collected $0.6 from pot
*** SUMMARY ***
Total pot $0.63 | Rake $0.03 | Jackpot $0 | Bingo $0 | Fortune $0
Board [9h Qc 3d 7c 8c]
Seat 1: fbdfa5ba (small blind) folded before Flop
Seat 2: Hero (big blind) folded before Flop
Seat 3: 2a3b2ea0 showed [2h Ah] and lost with Ace-High
Seat 4: 3e5973ee folded before Flop (didn't bet)
Seat 5: d6cf325 folded before Flop (didn't bet)
Seat 6: aac1ef94 (button) showed [Jh 9c] and won ($0.6) with Pair of Nines


Poker Hand #HD1176560532: Hold'em No Limit  ($0.02/$0.05) - 2023/03/26 12:40:46
Table 'NLHBlue74' 6-max Seat #5 is the button
Seat 1: fbdfa5ba ($9.03 in chips)
Seat 2: Hero ($5.07 in chips)
Seat 3: 2a3b2ea0 ($6.47 in chips)
Seat 4: 3e5973ee ($5.85 in chips)
Seat 5: d6cf325 ($6.27 in chips)
Seat 6: aac1ef94 ($4 in chips)
aac1ef94: posts small blind $0.02
fbdfa5ba: posts big blind $0.05
*** HOLE CARDS ***
Dealt to fbdfa5ba 
Dealt to Hero [6h 9d]
Dealt to 2a3b2ea0 
Dealt to 3e5973ee 
Dealt to d6cf325 
Dealt to aac1ef94 
Hero: folds
2a3b2ea0: raises $0.1 to $0.15
3e5973ee: folds
d6cf325: folds
aac1ef94: folds
fbdfa5ba: calls $0.1
*** FLOP *** [7c 2c Kh]
fbdfa5ba: checks
2a3b2ea0: checks
*** TURN *** [7c 2c Kh] [8d]
fbdfa5ba: checks
2a3b2ea0: bets $0.16
fbdfa5ba: folds
Uncalled bet ($0.16) returned to 2a3b2ea0
*** SHOWDOWN ***
2a3b2ea0 collected $0.31 from pot
*** SUMMARY ***
Total pot $0.32 | Rake $0.01 | Jackpot $0 | Bingo $0 | Fortune $0
Board [7c 2c Kh 8d]
Seat 1: fbdfa5ba (big blind) folded on the Turn
Seat 2: Hero folded before Flop (didn't bet)
Seat 3: 2a3b2ea0 won ($0.31)
Seat 4: 3e5973ee folded before Flop (didn't bet)
Seat 5: d6cf325 (button) folded before Flop (didn't bet)
Seat 6: aac1ef94 (small blind) folded before Flop


Poker Hand #HD1176560438: Hold'em No Limit  ($0.02/$0.05) - 2023/03/26 12:39:58
Table 'NLHBlue74' 6-max Seat #4 is the button
Seat 1: fbdfa5ba ($9.03 in chips)
Seat 2: Hero ($5.07 in chips)
Seat 3: 2a3b2ea0 ($6.47 in chips)
Seat 4: 3e5973ee ($5.7 in chips)
Seat 5: d6cf325 ($6.29 in chips)
Seat 6: aac1ef94 ($4.14 in chips)
d6cf325: posts small blind $0.02
aac1ef94: posts big blind $0.05
*** HOLE CARDS ***
Dealt to fbdfa5ba 
Dealt to Hero [8s Ad]
Dealt to 2a3b2ea0 
Dealt to 3e5973ee 
Dealt to d6cf325 
Dealt to aac1ef94 
fbdfa5ba: folds
Hero: folds
2a3b2ea0: folds
3e5973ee: calls $0.05
d6cf325: folds
aac1ef94: checks
*** FLOP *** [3c Jc 2c]
aac1ef94: bets $0.09
3e5973ee: calls $0.09
*** TURN *** [3c Jc 2c] [4d]
aac1ef94: checks
3e5973ee: checks
*** RIVER *** [3c Jc 2c 4d] [7d]
aac1ef94: checks
3e5973ee: checks
aac1ef94: shows [5s Ks] (King-High)
3e5973ee: shows [Ac 7s] (Pair of Sevens)
*** SHOWDOWN ***
3e5973ee collected $0.29 from pot
*** SUMMARY ***
Total pot $0.3 | Rake $0.01 | Jackpot $0 | Bingo $0 | Fortune $0
Board [3c Jc 2c 4d 7d]
Seat 1: fbdfa5ba folded before Flop (didn't bet)
Seat 2: Hero folded before Flop (didn't bet)
Seat 3: 2a3b2ea0 folded before Flop (didn't bet)
Seat 4: 3e5973ee (button) showed [Ac 7s] and won ($0.29) with Pair of Sevens
Seat 5: d6cf325 (small blind) folded before Flop
Seat 6: aac1ef94 (big blind) showed [5s Ks] and lost with King-High


Poker Hand #HD1176560411: Hold'em No Limit  ($0.02/$0.05) - 2023/03/26 12:39:42
Table 'NLHBlue74' 6-max Seat #3 is the button
Seat 1: fbdfa5ba ($9.03 in chips)
Seat 2: Hero ($5 in chips)
Seat 3: 2a3b2ea0 ($6.47 in chips)
Seat 4: 3e5973ee ($5.72 in chips)
Seat 5: d6cf325 ($6.34 in chips)
Seat 6: aac1ef94 ($4.14 in chips)
3e5973ee: posts small blind $0.02
d6cf325: posts big blind $0.05
*** HOLE CARDS ***
Dealt to fbdfa5ba 
Dealt to Hero [Ac Jh]
Dealt to 2a3b2ea0 
Dealt to 3e5973ee 
Dealt to d6cf325 
Dealt to aac1ef94 
aac1ef94: folds
fbdfa5ba: folds
Hero: raises $0.07 to $0.12
2a3b2ea0: folds
3e5973ee: folds
d6cf325: folds
Uncalled bet ($0.07) returned to Hero
*** SHOWDOWN ***
Hero collected $0.12 from pot
*** SUMMARY ***
Total pot $0.12 | Rake $0 | Jackpot $0 | Bingo $0 | Fortune $0
Seat 1: fbdfa5ba folded before Flop (didn't bet)
Seat 2: Hero collected ($0.12)
Seat 3: 2a3b2ea0 (button) folded before Flop (didn't bet)
Seat 4: 3e5973ee (small blind) folded before Flop
Seat 5: d6cf325 (big blind) folded before Flop
Seat 6: aac1ef94 folded before Flop (didn't bet)


Poker Hand #HD1176560335: Hold'em No Limit  ($0.02/$0.05) - 2023/03/26 12:39:08
Table 'NLHBlue74' 6-max Seat #2 is the button
Seat 1: fbdfa5ba ($9.03 in chips)
Seat 2: Hero ($5 in chips)
Seat 3: 2a3b2ea0 ($6.49 in chips)
Seat 4: 3e5973ee ($5.77 in chips)
Seat 5: d6cf325 ($6.34 in chips)
Seat 6: aac1ef94 ($4.07 in chips)
2a3b2ea0: posts small blind $0.02
3e5973ee: posts big blind $0.05
*** HOLE CARDS ***
Dealt to fbdfa5ba 
Dealt to Hero [9c 7d]
Dealt to 2a3b2ea0 
Dealt to 3e5973ee 
Dealt to d6cf325 
Dealt to aac1ef94 
d6cf325: folds
aac1ef94: calls $0.05
fbdfa5ba: folds
Hero: folds
2a3b2ea0: folds
3e5973ee: checks
*** FLOP *** [Kc Kd Ts]
3e5973ee: checks
aac1ef94: checks
*** TURN *** [Kc Kd Ts] [9d]
3e5973ee: checks
aac1ef94: bets $0.06
3e5973ee: folds
Uncalled bet ($0.06) returned to aac1ef94
*** SHOWDOWN ***
aac1ef94 collected $0.12 from pot
*** SUMMARY ***
Total pot $0.12 | Rake $0 | Jackpot $0 | Bingo $0 | Fortune $0
Board [Kc Kd Ts 9d]
Seat 1: fbdfa5ba folded before Flop (didn't bet)
Seat 2: Hero (button) folded before Flop (didn't bet)
Seat 3: 2a3b2ea0 (small blind) folded before Flop
Seat 4: 3e5973ee (big blind) folded on the Turn
Seat 5: d6cf325 folded before Flop (didn't bet)
Seat 6: aac1ef94 won ($0.12)


Poker Hand #HD1176560219: Hold'em No Limit  ($0.02/$0.05) - 2023/03/26 12:38:06
Table 'NLHBlue74' 6-max Seat #1 is the button
Seat 1: fbdfa5ba ($9.03 in chips)
Seat 2: Hero ($5 in chips)
Seat 3: 2a3b2ea0 ($6.87 in chips)
Seat 4: 3e5973ee ($5.77 in chips)
Seat 5: d6cf325 ($6.34 in chips)
Seat 6: aac1ef94 ($3.7 in chips)
Hero: posts small blind $0.02
2a3b2ea0: posts big blind $0.05
*** HOLE CARDS ***
Dealt to fbdfa5ba 
Dealt to Hero [2d 7s]
Dealt to 2a3b2ea0 
Dealt to 3e5973ee 
Dealt to d6cf325 
Dealt to aac1ef94 
3e5973ee: folds
d6cf325: folds
aac1ef94: calls $0.05
fbdfa5ba: folds
Hero: folds
2a3b2ea0: checks
*** FLOP *** [3h 5c Js]
2a3b2ea0: checks
aac1ef94: checks
*** TURN *** [3h 5c Js] [6c]
2a3b2ea0: bets $0.07
aac1ef94: calls $0.07
*** RIVER *** [3h 5c Js 6c] [4s]
2a3b2ea0: checks
aac1ef94: bets $0.26
2a3b2ea0: calls $0.26
aac1ef94: shows [7d 9h] (Sevens-High Straight)
2a3b2ea0: shows [Ks Jc] (Pair of Jacks)
*** SHOWDOWN ***
aac1ef94 collected $0.75 from pot
*** SUMMARY ***
Total pot $0.78 | Rake $0.03 | Jackpot $0 | Bingo $0 | Fortune $0
Board [3h 5c Js 6c 4s]
Seat 1: fbdfa5ba (button) folded before Flop (didn't bet)
Seat 2: Hero (small blind) folded before Flop
Seat 3: 2a3b2ea0 (big blind) showed [Ks Jc] and lost with Pair of Jacks
Seat 4: 3e5973ee folded before Flop (didn't bet)
Seat 5: d6cf325 folded before Flop (didn't bet)
Seat 6: aac1ef94 showed [7d 9h] and won ($0.75) with Sevens-High Straight


Poker Hand #HD1176560124: Hold'em No Limit  ($0.02/$0.05) - 2023/03/26 12:37:21
Table 'NLHBlue74' 6-max Seat #6 is the button
Seat 1: fbdfa5ba ($9.05 in chips)
Seat 2: Hero ($5.05 in chips)
Seat 3: 2a3b2ea0 ($6.87 in chips)
Seat 4: 3e5973ee ($5.77 in chips)
Seat 5: d6cf325 ($6.34 in chips)
Seat 6: aac1ef94 ($3.63 in chips)
fbdfa5ba: posts small blind $0.02
Hero: posts big blind $0.05
*** HOLE CARDS ***
Dealt to fbdfa5ba 
Dealt to Hero [7d 3c]
Dealt to 2a3b2ea0 
Dealt to 3e5973ee 
Dealt to d6cf325 
Dealt to aac1ef94 
2a3b2ea0: folds
3e5973ee: folds
d6cf325: folds
aac1ef94: calls $0.05
fbdfa5ba: folds
Hero: checks
*** FLOP *** [2s 9c As]
Hero: checks
aac1ef94: checks
*** TURN *** [2s 9c As] [8h]
Hero: checks
aac1ef94: bets $0.06
Hero: folds
Uncalled bet ($0.06) returned to aac1ef94
*** SHOWDOWN ***
aac1ef94 collected $0.12 from pot
*** SUMMARY ***
Total pot $0.12 | Rake $0 | Jackpot $0 | Bingo $0 | Fortune $0
Board [2s 9c As 8h]
Seat 1: fbdfa5ba (small blind) folded before Flop
Seat 2: Hero (big blind) folded on the Turn
Seat 3: 2a3b2ea0 folded before Flop (didn't bet)
Seat 4: 3e5973ee folded before Flop (didn't bet)
Seat 5: d6cf325 folded before Flop (didn't bet)
Seat 6: aac1ef94 (button) won ($0.12)


Poker Hand #HD1176560085: Hold'em No Limit  ($0.02/$0.05) - 2023/03/26 12:37:01
Table 'NLHBlue74' 6-max Seat #5 is the button
Seat 1: fbdfa5ba ($9.1 in chips)
Seat 2: Hero ($5.05 in chips)
Seat 3: 2a3b2ea0 ($6.87 in chips)
Seat 4: 3e5973ee ($5.77 in chips)
Seat 5: d6cf325 ($6.27 in chips)
Seat 6: aac1ef94 ($3.65 in chips)
aac1ef94: posts small blind $0.02
fbdfa5ba: posts big blind $0.05
*** HOLE CARDS ***
Dealt to fbdfa5ba 
Dealt to Hero [5d Ah]
Dealt to 2a3b2ea0 
Dealt to 3e5973ee 
Dealt to d6cf325 
Dealt to aac1ef94 
Hero: folds
2a3b2ea0: folds
3e5973ee: folds
d6cf325: raises $0.05 to $0.1
aac1ef94: folds
fbdfa5ba: folds
Uncalled bet ($0.05) returned to d6cf325
*** SHOWDOWN ***
d6cf325 collected $0.12 from pot
*** SUMMARY ***
Total pot $0.12 | Rake $0 | Jackpot $0 | Bingo $0 | Fortune $0
Seat 1: fbdfa5ba (big blind) folded before Flop
Seat 2: Hero folded before Flop (didn't bet)
Seat 3: 2a3b2ea0 folded before Flop (didn't bet)
Seat 4: 3e5973ee folded before Flop (didn't bet)
Seat 5: d6cf325 (button) collected ($0.12)
Seat 6: aac1ef94 (small blind) folded before Flop


Poker Hand #HD1176560011: Hold'em No Limit  ($0.02/$0.05) - 2023/03/26 12:36:22
Table 'NLHBlue74' 6-max Seat #4 is the button
Seat 1: fbdfa5ba ($9.1 in chips)
Seat 2: Hero ($5.05 in chips)
Seat 3: 2a3b2ea0 ($6.87 in chips)
Seat 4: 3e5973ee ($5.82 in chips)
Seat 5: d6cf325 ($6.29 in chips)
Seat 6: aac1ef94 ($3.58 in chips)
d6cf325: posts small blind $0.02
aac1ef94: posts big blind $0.05
*** HOLE CARDS ***
Dealt to fbdfa5ba 
Dealt to Hero [3h 9s]
Dealt to 2a3b2ea0 
Dealt to 3e5973ee 
Dealt to d6cf325 
Dealt to aac1ef94 
fbdfa5ba: folds
Hero: folds
2a3b2ea0: folds
3e5973ee: calls $0.05
d6cf325: folds
aac1ef94: checks
*** FLOP *** [3s 2s 9h]
aac1ef94: checks
3e5973ee: checks
*** TURN *** [3s 2s 9h] [8h]
aac1ef94: checks
3e5973ee: checks
*** RIVER *** [3s 2s 9h 8h] [8c]
aac1ef94: bets $0.12
3e5973ee: folds
Uncalled bet ($0.12) returned to aac1ef94
*** SHOWDOWN ***
aac1ef94 collected $0.12 from pot
*** SUMMARY ***
Total pot $0.12 | Rake $0 | Jackpot $0 | Bingo $0 | Fortune $0
Board [3s 2s 9h 8h 8c]
Seat 1: fbdfa5ba folded before Flop (didn't bet)
Seat 2: Hero folded before Flop (didn't bet)
Seat 3: 2a3b2ea0 folded before Flop (didn't bet)
Seat 4: 3e5973ee (button) folded on the River
Seat 5: d6cf325 (small blind) folded before Flop
Seat 6: aac1ef94 (big blind) won ($0.12)


Poker Hand #HD1176559912: Hold'em No Limit  ($0.02/$0.05) - 2023/03/26 12:35:34
Table 'NLHBlue74' 6-max Seat #3 is the button
Seat 1: fbdfa5ba ($9.1 in chips)
Seat 2: Hero ($5.05 in chips)
Seat 3: 2a3b2ea0 ($7 in chips)
Seat 4: 3e5973ee ($5.95 in chips)
Seat 5: d6cf325 ($6.05 in chips)
Seat 6: aac1ef94 ($3.58 in chips)
3e5973ee: posts small blind $0.02
d6cf325: posts big blind $0.05
*** HOLE CARDS ***
Dealt to fbdfa5ba 
Dealt to Hero [4c 8d]
Dealt to 2a3b2ea0 
Dealt to 3e5973ee 
Dealt to d6cf325 
Dealt to aac1ef94 
aac1ef94: folds
fbdfa5ba: folds
Hero: folds
2a3b2ea0: raises $0.08 to $0.13
3e5973ee: calls $0.11
d6cf325: raises $0.37 to $0.5
2a3b2ea0: folds
3e5973ee: folds
Uncalled bet ($0.37) returned to d6cf325
*** SHOWDOWN ***
d6cf325 collected $0.37 from pot
*** SUMMARY ***
Total pot $0.39 | Rake $0.02 | Jackpot $0 | Bingo $0 | Fortune $0
Seat 1: fbdfa5ba folded before Flop (didn't bet)
Seat 2: Hero folded before Flop (didn't bet)
Seat 3: 2a3b2ea0 (button) folded before Flop
Seat 4: 3e5973ee (small blind) folded before Flop
Seat 5: d6cf325 (big blind) collected ($0.37)
Seat 6: aac1ef94 folded before Flop (didn't bet)


Poker Hand #HD1176559842: Hold'em No Limit  ($0.02/$0.05) - 2023/03/26 12:34:54
Table 'NLHBlue74' 6-max Seat #2 is the button
Seat 1: fbdfa5ba ($9.3 in chips)
Seat 2: Hero ($5.05 in chips)
Seat 3: 2a3b2ea0 ($7.02 in chips)
Seat 4: 3e5973ee ($6.15 in chips)
Seat 5: d6cf325 ($6.05 in chips)
Seat 6: aac1ef94 ($3.19 in chips)
2a3b2ea0: posts small blind $0.02
3e5973ee: posts big blind $0.05
*** HOLE CARDS ***
Dealt to fbdfa5ba 
Dealt to Hero [Qc 2s]
Dealt to 2a3b2ea0 
Dealt to 3e5973ee 
Dealt to d6cf325 
Dealt to aac1ef94 
d6cf325: folds
aac1ef94: calls $0.05
fbdfa5ba: raises $0.15 to $0.2
Hero: folds
2a3b2ea0: folds
3e5973ee: calls $0.15
aac1ef94: calls $0.15
*** FLOP *** [Tc 2h 4d]
3e5973ee: checks
aac1ef94: bets $0.21
fbdfa5ba: folds
3e5973ee: folds
Uncalled bet ($0.21) returned to aac1ef94
*** SHOWDOWN ***
aac1ef94 collected $0.59 from pot
*** SUMMARY ***
Total pot $0.62 | Rake $0.03 | Jackpot $0 | Bingo $0 | Fortune $0
Board [Tc 2h 4d]
Seat 1: fbdfa5ba folded on the Flop
Seat 2: Hero (button) folded before Flop (didn't bet)
Seat 3: 2a3b2ea0 (small blind) folded before Flop
Seat 4: 3e5973ee (big blind) folded on the Flop
Seat 5: d6cf325 folded before Flop (didn't bet)
Seat 6: aac1ef94 won ($0.59)


Poker Hand #HD1176559808: Hold'em No Limit  ($0.02/$0.05) - 2023/03/26 12:34:35
Table 'NLHBlue74' 6-max Seat #1 is the button
Seat 1: fbdfa5ba ($9.23 in chips)
Seat 2: Hero ($5.07 in chips)
Seat 3: 2a3b2ea0 ($7.07 in chips)
Seat 4: 3e5973ee ($6.15 in chips)
Seat 5: d6cf325 ($6.05 in chips)
Seat 6: aac1ef94 ($3.19 in chips)
Hero: posts small blind $0.02
2a3b2ea0: posts big blind $0.05
*** HOLE CARDS ***
Dealt to fbdfa5ba 
Dealt to Hero [4c 6d]
Dealt to 2a3b2ea0 
Dealt to 3e5973ee 
Dealt to d6cf325 
Dealt to aac1ef94 
3e5973ee: folds
d6cf325: folds
aac1ef94: folds
fbdfa5ba: raises $0.05 to $0.1
Hero: folds
2a3b2ea0: folds
Uncalled bet ($0.05) returned to fbdfa5ba
*** SHOWDOWN ***
fbdfa5ba collected $0.12 from pot
*** SUMMARY ***
Total pot $0.12 | Rake $0 | Jackpot $0 | Bingo $0 | Fortune $0
Seat 1: fbdfa5ba (button) collected ($0.12)
Seat 2: Hero (small blind) folded before Flop
Seat 3: 2a3b2ea0 (big blind) folded before Flop
Seat 4: 3e5973ee folded before Flop (didn't bet)
Seat 5: d6cf325 folded before Flop (didn't bet)
Seat 6: aac1ef94 folded before Flop (didn't bet)


Poker Hand #HD1176559741: Hold'em No Limit  ($0.02/$0.05) - 2023/03/26 12:34:05
Table 'NLHBlue74' 6-max Seat #6 is the button
Seat 1: fbdfa5ba ($9.09 in chips)
Seat 2: Hero ($5.22 in chips)
Seat 3: 2a3b2ea0 ($7.07 in chips)
Seat 4: 3e5973ee ($6.15 in chips)
Seat 5: d6cf325 ($6.05 in chips)
Seat 6: aac1ef94 ($3.19 in chips)
fbdfa5ba: posts small blind $0.02
Hero: posts big blind $0.05
*** HOLE CARDS ***
Dealt to fbdfa5ba 
Dealt to Hero [7h 9h]
Dealt to 2a3b2ea0 
Dealt to 3e5973ee 
Dealt to d6cf325 
Dealt to aac1ef94 
2a3b2ea0: folds
3e5973ee: folds
d6cf325: folds
aac1ef94: folds
fbdfa5ba: raises $0.1 to $0.15
Hero: calls $0.1
*** FLOP *** [8s 2s Ah]
fbdfa5ba: checks
Hero: checks
*** TURN *** [8s 2s Ah] [Qs]
fbdfa5ba: bets $0.2
Hero: folds
Uncalled bet ($0.2) returned to fbdfa5ba
*** SHOWDOWN ***
fbdfa5ba collected $0.29 from pot
*** SUMMARY ***
Total pot $0.3 | Rake $0.01 | Jackpot $0 | Bingo $0 | Fortune $0
Board [8s 2s Ah Qs]
Seat 1: fbdfa5ba (small blind) won ($0.29)
Seat 2: Hero (big blind) folded on the Turn
Seat 3: 2a3b2ea0 folded before Flop (didn't bet)
Seat 4: 3e5973ee folded before Flop (didn't bet)
Seat 5: d6cf325 folded before Flop (didn't bet)
Seat 6: aac1ef94 (button) folded before Flop (didn't bet)


Poker Hand #HD1176559658: Hold'em No Limit  ($0.02/$0.05) - 2023/03/26 12:33:23
Table 'NLHBlue74' 6-max Seat #5 is the button
Seat 1: fbdfa5ba ($9.14 in chips)
Seat 2: Hero ($5.22 in chips)
Seat 3: 2a3b2ea0 ($7.07 in chips)
Seat 4: 3e5973ee ($6.15 in chips)
Seat 5: d6cf325 ($6.05 in chips)
Seat 6: aac1ef94 ($3.14 in chips)
aac1ef94: posts small blind $0.02
fbdfa5ba: posts big blind $0.05
*** HOLE CARDS ***
Dealt to fbdfa5ba 
Dealt to Hero [5h As]
Dealt to 2a3b2ea0 
Dealt to 3e5973ee 
Dealt to d6cf325 
Dealt to aac1ef94 
Hero: folds
2a3b2ea0: folds
3e5973ee: folds
d6cf325: folds
aac1ef94: calls $0.03
fbdfa5ba: checks
*** FLOP *** [6c 7s Jd]
aac1ef94: checks
fbdfa5ba: checks
*** TURN *** [6c 7s Jd] [Tc]
aac1ef94: checks
fbdfa5ba: checks
*** RIVER *** [6c 7s Jd Tc] [5s]
aac1ef94: checks
fbdfa5ba: checks
aac1ef94: shows [Qd 6h] (Pair of Sixes)
fbdfa5ba: shows [2c 5c] (Pair of Fives)
*** SHOWDOWN ***
aac1ef94 collected $0.1 from pot
*** SUMMARY ***
Total pot $0.1 | Rake $0 | Jackpot $0 | Bingo $0 | Fortune $0
Board [6c 7s Jd Tc 5s]
Seat 1: fbdfa5ba (big blind) showed [2c 5c] and lost with Pair of Fives
Seat 2: Hero folded before Flop (didn't bet)
Seat 3: 2a3b2ea0 folded before Flop (didn't bet)
Seat 4: 3e5973ee folded before Flop (didn't bet)
Seat 5: d6cf325 (button) folded before Flop (didn't bet)
Seat 6: aac1ef94 (small blind) showed [Qd 6h] and won ($0.1) with Pair of Sixes


Poker Hand #HD1176559627: Hold'em No Limit  ($0.02/$0.05) - 2023/03/26 12:33:09
Table 'NLHBlue74' 6-max Seat #4 is the button
Seat 1: fbdfa5ba ($9.14 in chips)
Seat 2: Hero ($5.22 in chips)
Seat 3: 2a3b2ea0 ($7.07 in chips)
Seat 4: 3e5973ee ($6.15 in chips)
Seat 5: d6cf325 ($6.07 in chips)
Seat 6: aac1ef94 ($3.12 in chips)
d6cf325: posts small blind $0.02
aac1ef94: posts big blind $0.05
*** HOLE CARDS ***
Dealt to fbdfa5ba 
Dealt to Hero [Ks 8d]
Dealt to 2a3b2ea0 
Dealt to 3e5973ee 
Dealt to d6cf325 
Dealt to aac1ef94 
fbdfa5ba: folds
Hero: folds
2a3b2ea0: folds
3e5973ee: folds
d6cf325: folds
Uncalled bet ($0.03) returned to aac1ef94
*** SHOWDOWN ***
aac1ef94 collected $0.04 from pot
*** SUMMARY ***
Total pot $0.04 | Rake $0 | Jackpot $0 | Bingo $0 | Fortune $0
Seat 1: fbdfa5ba folded before Flop (didn't bet)
Seat 2: Hero folded before Flop (didn't bet)
Seat 3: 2a3b2ea0 folded before Flop (didn't bet)
Seat 4: 3e5973ee (button) folded before Flop (didn't bet)
Seat 5: d6cf325 (small blind) folded before Flop
Seat 6: aac1ef94 (big blind) collected ($0.04)


Poker Hand #HD1176559420: Hold'em No Limit  ($0.02/$0.05) - 2023/03/26 12:31:24
Table 'NLHBlue74' 6-max Seat #3 is the button
Seat 1: fbdfa5ba ($9.59 in chips)
Seat 2: Hero ($5.22 in chips)
Seat 3: 2a3b2ea0 ($5 in chips)
Seat 4: 3e5973ee ($6.17 in chips)
Seat 5: d6cf325 ($6.12 in chips)
Seat 6: aac1ef94 ($4.92 in chips)
3e5973ee: posts small blind $0.02
d6cf325: posts big blind $0.05
*** HOLE CARDS ***
Dealt to fbdfa5ba 
Dealt to Hero [5s 2d]
Dealt to 2a3b2ea0 
Dealt to 3e5973ee 
Dealt to d6cf325 
Dealt to aac1ef94 
aac1ef94: raises $0.05 to $0.1
fbdfa5ba: calls $0.1
Hero: folds
2a3b2ea0: raises $0.35 to $0.45
3e5973ee: folds
d6cf325: folds
aac1ef94: calls $0.35
fbdfa5ba: calls $0.35
*** FLOP *** [Th 3d 7c]
aac1ef94: checks
fbdfa5ba: checks
2a3b2ea0: bets $0.47
aac1ef94: calls $0.47
fbdfa5ba: folds
*** TURN *** [Th 3d 7c] [Qs]
aac1ef94: checks
2a3b2ea0: checks
*** RIVER *** [Th 3d 7c Qs] [8s]
aac1ef94: checks
2a3b2ea0: bets $0.88
aac1ef94: calls $0.88
2a3b2ea0: shows [As Ad] (Pair of Aces)
aac1ef94: shows [Kh Ah] (Ace-High)
*** SHOWDOWN ***
2a3b2ea0 collected $3.87 from pot
*** SUMMARY ***
Total pot $4.12 | Rake $0.2 | Jackpot $0.05 | Bingo $0 | Fortune $0
Board [Th 3d 7c Qs 8s]
Seat 1: fbdfa5ba folded on the Flop
Seat 2: Hero folded before Flop (didn't bet)
Seat 3: 2a3b2ea0 (button) showed [As Ad] and won ($3.87) with Pair of Aces
Seat 4: 3e5973ee (small blind) folded before Flop
Seat 5: d6cf325 (big blind) folded before Flop
Seat 6: aac1ef94 showed [Kh Ah] and lost with Ace-High


Poker Hand #HD1176559390: Hold'em No Limit  ($0.02/$0.05) - 2023/03/26 12:31:09
Table 'NLHBlue74' 6-max Seat #2 is the button
Seat 1: fbdfa5ba ($9.59 in chips)
Seat 2: Hero ($5.15 in chips)
Seat 3: 2a3b2ea0 ($5.02 in chips)
Seat 4: 3e5973ee ($6.22 in chips)
Seat 5: d6cf325 ($6.12 in chips)
Seat 6: aac1ef94 ($4.92 in chips)
2a3b2ea0: posts small blind $0.02
3e5973ee: posts big blind $0.05
*** HOLE CARDS ***
Dealt to fbdfa5ba 
Dealt to Hero [Ad 7d]
Dealt to 2a3b2ea0 
Dealt to 3e5973ee 
Dealt to d6cf325 
Dealt to aac1ef94 
d6cf325: folds
aac1ef94: folds
fbdfa5ba: folds
Hero: raises $0.07 to $0.12
2a3b2ea0: folds
3e5973ee: folds
Uncalled bet ($0.07) returned to Hero
*** SHOWDOWN ***
Hero collected $0.12 from pot
*** SUMMARY ***
Total pot $0.12 | Rake $0 | Jackpot $0 | Bingo $0 | Fortune $0
Seat 1: fbdfa5ba folded before Flop (didn't bet)
Seat 2: Hero (button) collected ($0.12)
Seat 3: 2a3b2ea0 (small blind) folded before Flop
Seat 4: 3e5973ee (big blind) folded before Flop
Seat 5: d6cf325 folded before Flop (didn't bet)
Seat 6: aac1ef94 folded before Flop (didn't bet)


Poker Hand #HD1176559347: Hold'em No Limit  ($0.02/$0.05) - 2023/03/26 12:30:46
Table 'NLHBlue74' 6-max Seat #1 is the button
Seat 1: fbdfa5ba ($9.59 in chips)
Seat 2: Hero ($5.17 in chips)
Seat 3: 2a3b2ea0 ($5 in chips)
Seat 4: 3e5973ee ($6.22 in chips)
Seat 5: d6cf325 ($6.12 in chips)
Seat 6: aac1ef94 ($4.92 in chips)
Hero: posts small blind $0.02
2a3b2ea0: posts big blind $0.05
*** HOLE CARDS ***
Dealt to fbdfa5ba 
Dealt to Hero [8s Qh]
Dealt to 2a3b2ea0 
Dealt to 3e5973ee 
Dealt to d6cf325 
Dealt to aac1ef94 
3e5973ee: folds
d6cf325: folds
aac1ef94: folds
fbdfa5ba: folds
Hero: folds
Uncalled bet ($0.03) returned to 2a3b2ea0
*** SHOWDOWN ***
2a3b2ea0 collected $0.04 from pot
*** SUMMARY ***
Total pot $0.04 | Rake $0 | Jackpot $0 | Bingo $0 | Fortune $0
Seat 1: fbdfa5ba (button) folded before Flop (didn't bet)
Seat 2: Hero (small blind) folded before Flop
Seat 3: 2a3b2ea0 (big blind) collected ($0.04)
Seat 4: 3e5973ee folded before Flop (didn't bet)
Seat 5: d6cf325 folded before Flop (didn't bet)
Seat 6: aac1ef94 folded before Flop (didn't bet)


Poker Hand #HD1176559280: Hold'em No Limit  ($0.02/$0.05) - 2023/03/26 12:30:12
Table 'NLHBlue74' 6-max Seat #6 is the button
Seat 1: fbdfa5ba ($9.61 in chips)
Seat 2: Hero ($5.22 in chips)
Seat 3: 2a3b2ea0 ($5 in chips)
Seat 4: 3e5973ee ($6.22 in chips)
Seat 5: d6cf325 ($6.12 in chips)
Seat 6: aac1ef94 ($4.85 in chips)
fbdfa5ba: posts small blind $0.02
Hero: posts big blind $0.05
*** HOLE CARDS ***
Dealt to fbdfa5ba 
Dealt to Hero [7s 2d]
Dealt to 2a3b2ea0 
Dealt to 3e5973ee 
Dealt to d6cf325 
Dealt to aac1ef94 
2a3b2ea0: folds
3e5973ee: folds
d6cf325: folds
aac1ef94: calls $0.05
fbdfa5ba: folds
Hero: checks
*** FLOP *** [Th 4d 5c]
Hero: checks
aac1ef94: checks
*** TURN *** [Th 4d 5c] [9h]
Hero: checks
aac1ef94: checks
*** RIVER *** [Th 4d 5c 9h] [Jd]
Hero: checks
aac1ef94: bets $0.06
Hero: folds
Uncalled bet ($0.06) returned to aac1ef94
*** SHOWDOWN ***
aac1ef94 collected $0.12 from pot
*** SUMMARY ***
Total pot $0.12 | Rake $0 | Jackpot $0 | Bingo $0 | Fortune $0
Board [Th 4d 5c 9h Jd]
Seat 1: fbdfa5ba (small blind) folded before Flop
Seat 2: Hero (big blind) folded on the River
Seat 3: 2a3b2ea0 folded before Flop (didn't bet)
Seat 4: 3e5973ee folded before Flop (didn't bet)
Seat 5: d6cf325 folded before Flop (didn't bet)
Seat 6: aac1ef94 (button) won ($0.12)


Poker Hand #HD1176559168: Hold'em No Limit  ($0.02/$0.05) - 2023/03/26 12:29:13
Table 'NLHBlue74' 6-max Seat #5 is the button
Seat 1: fbdfa5ba ($9.52 in chips)
Seat 2: Hero ($5.22 in chips)
Seat 3: 2a3b2ea0 ($5 in chips)
Seat 4: 3e5973ee ($6.22 in chips)
Seat 5: d6cf325 ($6.12 in chips)
Seat 6: aac1ef94 ($4.95 in chips)
aac1ef94: posts small blind $0.02
fbdfa5ba: posts big blind $0.05
*** HOLE CARDS ***
Dealt to fbdfa5ba 
Dealt to Hero [5c 3h]
Dealt to 2a3b2ea0 
Dealt to 3e5973ee 
Dealt to d6cf325 
Dealt to aac1ef94 
Hero: folds
2a3b2ea0: folds
3e5973ee: folds
d6cf325: folds
aac1ef94: calls $0.03
fbdfa5ba: checks
*** FLOP *** [Js 5s 8h]
aac1ef94: checks
fbdfa5ba: checks
*** TURN *** [Js 5s 8h] [Jc]
aac1ef94: bets $0.05
fbdfa5ba: calls $0.05
*** RIVER *** [Js 5s 8h Jc] [2s]
aac1ef94: checks
fbdfa5ba: bets $0.14
aac1ef94: folds
Uncalled bet ($0.14) returned to fbdfa5ba
*** SHOWDOWN ***
fbdfa5ba collected $0.19 from pot
*** SUMMARY ***
Total pot $0.2 | Rake $0.01 | Jackpot $0 | Bingo $0 | Fortune $0
Board [Js 5s 8h Jc 2s]
Seat 1: fbdfa5ba (big blind) won ($0.19)
Seat 2: Hero folded before Flop (didn't bet)
Seat 3: 2a3b2ea0 folded before Flop (didn't bet)
Seat 4: 3e5973ee folded before Flop (didn't bet)
Seat 5: d6cf325 (button) folded before Flop (didn't bet)
Seat 6: aac1ef94 (small blind) folded on the River


Poker Hand #HD1176559091: Hold'em No Limit  ($0.02/$0.05) - 2023/03/26 12:28:36
Table 'NLHBlue74' 6-max Seat #4 is the button
Seat 2: Hero ($5.22 in chips)
Seat 3: 2a3b2ea0 ($5 in chips)
Seat 4: 3e5973ee ($6.15 in chips)
Seat 5: d6cf325 ($6.14 in chips)
Seat 6: aac1ef94 ($5 in chips)
d6cf325: posts small blind $0.02
aac1ef94: posts big blind $0.05
*** HOLE CARDS ***
Dealt to Hero [5c 5d]
Dealt to 2a3b2ea0 
Dealt to 3e5973ee 
Dealt to d6cf325 
Dealt to aac1ef94 
Hero: folds
2a3b2ea0: folds
3e5973ee: calls $0.05
d6cf325: folds
aac1ef94: checks
*** FLOP *** [Qs 3c Qd]
aac1ef94: checks
3e5973ee: checks
*** TURN *** [Qs 3c Qd] [3s]
aac1ef94: checks
3e5973ee: bets $0.12
aac1ef94: folds
Uncalled bet ($0.12) returned to 3e5973ee
*** SHOWDOWN ***
3e5973ee collected $0.12 from pot
*** SUMMARY ***
Total pot $0.12 | Rake $0 | Jackpot $0 | Bingo $0 | Fortune $0
Board [Qs 3c Qd 3s]
Seat 2: Hero folded before Flop (didn't bet)
Seat 3: 2a3b2ea0 folded before Flop (didn't bet)
Seat 4: 3e5973ee (button) won ($0.12)
Seat 5: d6cf325 (small blind) folded before Flop
Seat 6: aac1ef94 (big blind) folded on the Turn


Poker Hand #HD1176559021: Hold'em No Limit  ($0.02/$0.05) - 2023/03/26 12:28:01
Table 'NLHBlue74' 6-max Seat #3 is the button
Seat 2: Hero ($5.22 in chips)
Seat 3: 2a3b2ea0 ($5 in chips)
Seat 4: 3e5973ee ($6.17 in chips)
Seat 5: d6cf325 ($5.91 in chips)
3e5973ee: posts small blind $0.02
d6cf325: posts big blind $0.05
*** HOLE CARDS ***
Dealt to Hero [5s Kh]
Dealt to 2a3b2ea0 
Dealt to 3e5973ee 
Dealt to d6cf325 
Hero: folds
2a3b2ea0: raises $0.08 to $0.13
3e5973ee: folds
d6cf325: calls $0.08
*** FLOP *** [Ts 6d Jh]
d6cf325: checks
2a3b2ea0: bets $0.1
d6cf325: raises $0.32 to $0.42
2a3b2ea0: folds
Uncalled bet ($0.32) returned to d6cf325
*** SHOWDOWN ***
d6cf325 collected $0.46 from pot
*** SUMMARY ***
Total pot $0.48 | Rake $0.02 | Jackpot $0 | Bingo $0 | Fortune $0
Board [Ts 6d Jh]
Seat 2: Hero folded before Flop (didn't bet)
Seat 3: 2a3b2ea0 (button) folded on the Flop
Seat 4: 3e5973ee (small blind) folded before Flop
Seat 5: d6cf325 (big blind) won ($0.46)


Poker Hand #HD1176558871: Hold'em No Limit  ($0.02/$0.05) - 2023/03/26 12:26:49
Table 'NLHBlue74' 6-max Seat #2 is the button
Seat 2: Hero ($5.22 in chips)
Seat 3: 2a3b2ea0 ($5.01 in chips)
Seat 4: 3e5973ee ($4.22 in chips)
Seat 5: d6cf325 ($8.1 in chips)
2a3b2ea0: posts small blind $0.02
3e5973ee: posts big blind $0.05
*** HOLE CARDS ***
Dealt to Hero [Qs Th]
Dealt to 2a3b2ea0 
Dealt to 3e5973ee 
Dealt to d6cf325 
d6cf325: raises $0.1 to $0.15
Hero: folds
2a3b2ea0: folds
3e5973ee: calls $0.1
*** FLOP *** [8s Qd 9d]
3e5973ee: checks
d6cf325: bets $0.24
3e5973ee: calls $0.24
*** TURN *** [8s Qd 9d] [Js]
3e5973ee: checks
d6cf325: bets $0.54
3e5973ee: calls $0.54
*** RIVER *** [8s Qd 9d Js] [3h]
3e5973ee: checks
d6cf325: bets $1.26
3e5973ee: calls $1.26
d6cf325: shows [9c 9s] (Three Nines)
3e5973ee: shows [Tc As] (Queens-High Straight)
*** SHOWDOWN ***
3e5973ee collected $4.14 from pot
*** SUMMARY ***
Total pot $4.4 | Rake $0.21 | Jackpot $0.05 | Bingo $0 | Fortune $0
Board [8s Qd 9d Js 3h]
Seat 2: Hero (button) folded before Flop (didn't bet)
Seat 3: 2a3b2ea0 (small blind) folded before Flop
Seat 4: 3e5973ee (big blind) showed [Tc As] and won ($4.14) with Queens-High Straight
Seat 5: d6cf325 showed [9c 9s] and lost with Three Nines


Poker Hand #HD1176558814: Hold'em No Limit  ($0.02/$0.05) - 2023/03/26 12:26:19
Table 'NLHBlue74' 6-max Seat #5 is the button
Seat 2: Hero ($5.24 in chips)
Seat 3: 2a3b2ea0 ($5.06 in chips)
Seat 4: 3e5973ee ($4.42 in chips)
Seat 5: d6cf325 ($7.85 in chips)
Hero: posts small blind $0.02
2a3b2ea0: posts big blind $0.05
*** HOLE CARDS ***
Dealt to Hero [5h 2s]
Dealt to 2a3b2ea0 
Dealt to 3e5973ee 
Dealt to d6cf325 
3e5973ee: calls $0.05
d6cf325: raises $0.15 to $0.2
Hero: folds
2a3b2ea0: folds
3e5973ee: calls $0.15
*** FLOP *** [4h 7h 9d]
3e5973ee: checks
d6cf325: bets $0.32
3e5973ee: folds
Uncalled bet ($0.32) returned to d6cf325
*** SHOWDOWN ***
d6cf325 collected $0.45 from pot
*** SUMMARY ***
Total pot $0.47 | Rake $0.02 | Jackpot $0 | Bingo $0 | Fortune $0
Board [4h 7h 9d]
Seat 2: Hero (small blind) folded before Flop
Seat 3: 2a3b2ea0 (big blind) folded before Flop
Seat 4: 3e5973ee folded on the Flop
Seat 5: d6cf325 (button) won ($0.45)


Poker Hand #HD1176558697: Hold'em No Limit  ($0.02/$0.05) - 2023/03/26 12:25:17
Table 'NLHBlue74' 6-max Seat #4 is the button
Seat 2: Hero ($5.24 in chips)
Seat 3: 2a3b2ea0 ($5.06 in chips)
Seat 4: 3e5973ee ($5.08 in chips)
Seat 5: d6cf325 ($5.21 in chips)
Seat 6: 54a37bac ($2.29 in chips)
d6cf325: posts small blind $0.02
54a37bac: posts big blind $0.05
*** HOLE CARDS ***
Dealt to Hero [Kd 8s]
Dealt to 2a3b2ea0 
Dealt to 3e5973ee 
Dealt to d6cf325 
Dealt to 54a37bac 
Hero: folds
2a3b2ea0: folds
3e5973ee: calls $0.05
d6cf325: raises $0.15 to $0.2
54a37bac: calls $0.15
3e5973ee: calls $0.15
*** FLOP *** [Ts 8h As]
d6cf325: checks
54a37bac: checks
3e5973ee: checks
*** TURN *** [Ts 8h As] [7d]
d6cf325: bets $0.46
54a37bac: calls $0.46
3e5973ee: calls $0.46
*** RIVER *** [Ts 8h As 7d] [Kh]
d6cf325: bets $1.5
54a37bac: raises $0.13 to $1.63 and is all-in
3e5973ee: folds
d6cf325: calls $0.13
54a37bac: shows [7s 7h] (Three Sevens)
d6cf325: shows [Tc Td] (Three Tens)
*** SHOWDOWN ***
d6cf325 collected $4.93 from pot
*** SUMMARY ***
Total pot $5.24 | Rake $0.26 | Jackpot $0.05 | Bingo $0 | Fortune $0
Board [Ts 8h As 7d Kh]
Seat 2: Hero folded before Flop (didn't bet)
Seat 3: 2a3b2ea0 folded before Flop (didn't bet)
Seat 4: 3e5973ee (button) folded on the River
Seat 5: d6cf325 (small blind) showed [Tc Td] and won ($4.93) with Three Tens
Seat 6: 54a37bac (big blind) showed [7s 7h] and lost with Three Sevens


Poker Hand #HD1176558646: Hold'em No Limit  ($0.02/$0.05) - 2023/03/26 12:24:49
Table 'NLHBlue74' 6-max Seat #3 is the button
Seat 2: Hero ($5.24 in chips)
Seat 3: 2a3b2ea0 ($5.06 in chips)
Seat 4: 3e5973ee ($5.13 in chips)
Seat 5: d6cf325 ($5.16 in chips)
3e5973ee: posts small blind $0.02
d6cf325: posts big blind $0.05
*** HOLE CARDS ***
Dealt to Hero [5d 6s]
Dealt to 2a3b2ea0 
Dealt to 3e5973ee 
Dealt to d6cf325 
Hero: folds
2a3b2ea0: folds
3e5973ee: calls $0.03
d6cf325: raises $0.15 to $0.2
3e5973ee: folds
Uncalled bet ($0.15) returned to d6cf325
*** SHOWDOWN ***
d6cf325 collected $0.1 from pot
*** SUMMARY ***
Total pot $0.1 | Rake $0 | Jackpot $0 | Bingo $0 | Fortune $0
Seat 2: Hero folded before Flop (didn't bet)
Seat 3: 2a3b2ea0 (button) folded before Flop (didn't bet)
Seat 4: 3e5973ee (small blind) folded before Flop
Seat 5: d6cf325 (big blind) collected ($0.1)


Poker Hand #HD1176558576: Hold'em No Limit  ($0.02/$0.05) - 2023/03/26 12:24:12
Table 'NLHBlue74' 6-max Seat #2 is the button
Seat 2: Hero ($5.24 in chips)
Seat 3: 2a3b2ea0 ($5.08 in chips)
Seat 4: 3e5973ee ($5.28 in chips)
Seat 5: d6cf325 ($5 in chips)
2a3b2ea0: posts small blind $0.02
3e5973ee: posts big blind $0.05
*** HOLE CARDS ***
Dealt to Hero [Jh Qs]
Dealt to 2a3b2ea0 
Dealt to 3e5973ee 
Dealt to d6cf325 
d6cf325: raises $0.1 to $0.15
Hero: folds
2a3b2ea0: folds
3e5973ee: calls $0.1
*** FLOP *** [5c Ks Ah]
3e5973ee: checks
d6cf325: bets $0.22
3e5973ee: folds
Uncalled bet ($0.22) returned to d6cf325
*** SHOWDOWN ***
d6cf325 collected $0.31 from pot
*** SUMMARY ***
Total pot $0.32 | Rake $0.01 | Jackpot $0 | Bingo $0 | Fortune $0
Board [5c Ks Ah]
Seat 2: Hero (button) folded before Flop (didn't bet)
Seat 3: 2a3b2ea0 (small blind) folded before Flop
Seat 4: 3e5973ee (big blind) folded on the Flop
Seat 5: d6cf325 won ($0.31)


Poker Hand #HD1176558464: Hold'em No Limit  ($0.02/$0.05) - 2023/03/26 12:23:11
Table 'NLHBlue74' 6-max Seat #6 is the button
Seat 2: Hero ($5.26 in chips)
Seat 3: 2a3b2ea0 ($5.23 in chips)
Seat 4: 3e5973ee ($5.12 in chips)
Seat 5: d6cf325 ($5 in chips)
Seat 6: fd1d36a5 ($2.87 in chips)
Hero: posts small blind $0.02
2a3b2ea0: posts big blind $0.05
*** HOLE CARDS ***
Dealt to Hero [3c 3h]
Dealt to 2a3b2ea0 
Dealt to 3e5973ee 
Dealt to d6cf325 
Dealt to fd1d36a5 
3e5973ee: raises $0.05 to $0.1
d6cf325: folds
fd1d36a5: folds
Hero: folds
2a3b2ea0: calls $0.05
*** FLOP *** [7c Jd Ac]
2a3b2ea0: checks
3e5973ee: checks
*** TURN *** [7c Jd Ac] [Ah]
2a3b2ea0: checks
3e5973ee: bets $0.05
2a3b2ea0: calls $0.05
*** RIVER *** [7c Jd Ac Ah] [2d]
2a3b2ea0: checks
3e5973ee: checks
2a3b2ea0: shows [8s 7h] (Pair of Aces and Pair of Sevens)
3e5973ee: shows [Ks Kc] (Pair of Aces and Pair of Kings)
*** SHOWDOWN ***
3e5973ee collected $0.31 from pot
*** SUMMARY ***
Total pot $0.32 | Rake $0.01 | Jackpot $0 | Bingo $0 | Fortune $0
Board [7c Jd Ac Ah 2d]
Seat 2: Hero (small blind) folded before Flop
Seat 3: 2a3b2ea0 (big blind) showed [8s 7h] and lost with Pair of Aces and Pair of Sevens
Seat 4: 3e5973ee showed [Ks Kc] and won ($0.31) with Pair of Aces and Pair of Kings
Seat 5: d6cf325 folded before Flop (didn't bet)
Seat 6: fd1d36a5 (button) folded before Flop (didn't bet)


Poker Hand #HD1176558397: Hold'em No Limit  ($0.02/$0.05) - 2023/03/26 12:22:35
Table 'NLHBlue74' 6-max Seat #5 is the button
Seat 2: Hero ($5.31 in chips)
Seat 3: 2a3b2ea0 ($5.23 in chips)
Seat 4: 3e5973ee ($5.12 in chips)
Seat 5: d6cf325 ($5.07 in chips)
Seat 6: fd1d36a5 ($2.37 in chips)
fd1d36a5: posts small blind $0.02
Hero: posts big blind $0.05
*** HOLE CARDS ***
Dealt to Hero [Qd 4h]
Dealt to 2a3b2ea0 
Dealt to 3e5973ee 
Dealt to d6cf325 
Dealt to fd1d36a5 
2a3b2ea0: folds
3e5973ee: folds
d6cf325: raises $0.05 to $0.1
fd1d36a5: calls $0.08
Hero: folds
*** FLOP *** [3c 6h 8h]
fd1d36a5: bets $0.13
d6cf325: raises $0.27 to $0.4
fd1d36a5: calls $0.27
*** TURN *** [3c 6h 8h] [Jd]
fd1d36a5: bets $0.79
d6cf325: folds
Uncalled bet ($0.79) returned to fd1d36a5
*** SHOWDOWN ***
fd1d36a5 collected $1 from pot
*** SUMMARY ***
Total pot $1.05 | Rake $0.05 | Jackpot $0 | Bingo $0 | Fortune $0
Board [3c 6h 8h Jd]
Seat 2: Hero (big blind) folded before Flop
Seat 3: 2a3b2ea0 folded before Flop (didn't bet)
Seat 4: 3e5973ee folded before Flop (didn't bet)
Seat 5: d6cf325 (button) folded on the Turn
Seat 6: fd1d36a5 (small blind) won ($1)


Poker Hand #HD1176558349: Hold'em No Limit  ($0.02/$0.05) - 2023/03/26 12:22:10
Table 'NLHBlue74' 6-max Seat #4 is the button
Seat 1: fbdfa5ba ($9.52 in chips)
Seat 2: Hero ($5.18 in chips)
Seat 3: 2a3b2ea0 ($5.23 in chips)
Seat 4: 3e5973ee ($5.12 in chips)
Seat 5: d6cf325 ($5.09 in chips)
Seat 6: fd1d36a5 ($2.49 in chips)
d6cf325: posts small blind $0.02
fd1d36a5: posts big blind $0.05
*** HOLE CARDS ***
Dealt to fbdfa5ba 
Dealt to Hero [As Qh]
Dealt to 2a3b2ea0 
Dealt to 3e5973ee 
Dealt to d6cf325 
Dealt to fd1d36a5 
fbdfa5ba: folds
Hero: raises $0.07 to $0.12
2a3b2ea0: folds
3e5973ee: folds
d6cf325: folds
fd1d36a5: calls $0.07
*** FLOP *** [Qc 4h 9s]
fd1d36a5: checks
Hero: bets $0.13
fd1d36a5: folds
Uncalled bet ($0.13) returned to Hero
*** SHOWDOWN ***
Hero collected $0.25 from pot
*** SUMMARY ***
Total pot $0.26 | Rake $0.01 | Jackpot $0 | Bingo $0 | Fortune $0
Board [Qc 4h 9s]
Seat 1: fbdfa5ba folded before Flop (didn't bet)
Seat 2: Hero won ($0.25)
Seat 3: 2a3b2ea0 folded before Flop (didn't bet)
Seat 4: 3e5973ee (button) folded before Flop (didn't bet)
Seat 5: d6cf325 (small blind) folded before Flop
Seat 6: fd1d36a5 (big blind) folded on the Flop


Poker Hand #HD1176558254: Hold'em No Limit  ($0.02/$0.05) - 2023/03/26 12:21:19
Table 'NLHBlue74' 6-max Seat #3 is the button
Seat 1: fbdfa5ba ($9.52 in chips)
Seat 2: Hero ($5.18 in chips)
Seat 3: 2a3b2ea0 ($5.5 in chips)
Seat 4: 3e5973ee ($5.22 in chips)
Seat 5: d6cf325 ($5.14 in chips)
Seat 6: fd1d36a5 ($2.1 in chips)
3e5973ee: posts small blind $0.02
d6cf325: posts big blind $0.05
*** HOLE CARDS ***
Dealt to fbdfa5ba 
Dealt to Hero [3s 4h]
Dealt to 2a3b2ea0 
Dealt to 3e5973ee 
Dealt to d6cf325 
Dealt to fd1d36a5 
fd1d36a5: raises $0.05 to $0.1
fbdfa5ba: folds
Hero: folds
2a3b2ea0: calls $0.1
3e5973ee: calls $0.08
d6cf325: folds
*** FLOP *** [Qh Ts 6d]
3e5973ee: checks
fd1d36a5: checks
2a3b2ea0: bets $0.17
3e5973ee: folds
fd1d36a5: calls $0.17
*** TURN *** [Qh Ts 6d] [Th]
fd1d36a5: checks
2a3b2ea0: checks
*** RIVER *** [Qh Ts 6d Th] [8d]
fd1d36a5: checks
2a3b2ea0: checks
fd1d36a5: shows [8h 9h] (Pair of Tens and Pair of Eights)
2a3b2ea0: shows [Jd Kd] (Pair of Tens)
*** SHOWDOWN ***
fd1d36a5 collected $0.66 from pot
*** SUMMARY ***
Total pot $0.69 | Rake $0.03 | Jackpot $0 | Bingo $0 | Fortune $0
Board [Qh Ts 6d Th 8d]
Seat 1: fbdfa5ba folded before Flop (didn't bet)
Seat 2: Hero folded before Flop (didn't bet)
Seat 3: 2a3b2ea0 (button) showed [Jd Kd] and lost with Pair of Tens
Seat 4: 3e5973ee (small blind) folded on the Flop
Seat 5: d6cf325 (big blind) folded before Flop
Seat 6: fd1d36a5 showed [8h 9h] and won ($0.66) with Pair of Tens and Pair of Eights


Poker Hand #HD1176558183: Hold'em No Limit  ($0.02/$0.05) - 2023/03/26 12:20:36
Table 'NLHBlue74' 6-max Seat #2 is the button
Seat 1: fbdfa5ba ($5 in chips)
Seat 2: Hero ($5.18 in chips)
Seat 3: 2a3b2ea0 ($5.52 in chips)
Seat 4: 3e5973ee ($5.27 in chips)
Seat 5: d6cf325 ($5.14 in chips)
Seat 6: fd1d36a5 ($7.1 in chips)
2a3b2ea0: posts small blind $0.02
3e5973ee: posts big blind $0.05
*** HOLE CARDS ***
Dealt to fbdfa5ba 
Dealt to Hero [Tc Jd]
Dealt to 2a3b2ea0 
Dealt to 3e5973ee 
Dealt to d6cf325 
Dealt to fd1d36a5 
d6cf325: folds
fd1d36a5: raises $0.15 to $0.2
fbdfa5ba: raises $0.4 to $0.6
Hero: folds
2a3b2ea0: folds
3e5973ee: folds
fd1d36a5: calls $0.4
*** FLOP *** [9c As 3d]
fd1d36a5: bets $0.42
fbdfa5ba: calls $0.42
*** TURN *** [9c As 3d] [Kc]
fd1d36a5: bets $0.7
fbdfa5ba: calls $0.7
*** RIVER *** [9c As 3d Kc] [Qs]
fd1d36a5: bets $3.51
fbdfa5ba: calls $3.28 and is all-in
Uncalled bet ($0.23) returned to fd1d36a5
fd1d36a5: shows [3c 3s] (Three Treys)
fbdfa5ba: shows [Ah Ad] (Three Aces)
*** SHOWDOWN ***
fbdfa5ba collected $9.52 from pot
*** SUMMARY ***
Total pot $10.07 | Rake $0.5 | Jackpot $0.05 | Bingo $0 | Fortune $0
Board [9c As 3d Kc Qs]
Seat 1: fbdfa5ba showed [Ah Ad] and won ($9.52) with Three Aces
Seat 2: Hero (button) folded before Flop (didn't bet)
Seat 3: 2a3b2ea0 (small blind) folded before Flop
Seat 4: 3e5973ee (big blind) folded before Flop
Seat 5: d6cf325 folded before Flop (didn't bet)
Seat 6: fd1d36a5 showed [3c 3s] and lost with Three Treys


Poker Hand #HD1176558080: Hold'em No Limit  ($0.02/$0.05) - 2023/03/26 12:19:39
Table 'NLHBlue74' 6-max Seat #1 is the button
Seat 1: fbdfa5ba ($5 in chips)
Seat 2: Hero ($5.2 in chips)
Seat 3: 2a3b2ea0 ($5.7 in chips)
Seat 4: 3e5973ee ($5.32 in chips)
Seat 5: d6cf325 ($5.14 in chips)
Seat 6: fd1d36a5 ($6.87 in chips)
Hero: posts small blind $0.02
2a3b2ea0: posts big blind $0.05
*** HOLE CARDS ***
Dealt to fbdfa5ba 
Dealt to Hero [Qd 6s]
Dealt to 2a3b2ea0 
Dealt to 3e5973ee 
Dealt to d6cf325 
Dealt to fd1d36a5 
3e5973ee: calls $0.05
d6cf325: folds
fd1d36a5: calls $0.05
fbdfa5ba: folds
Hero: folds
2a3b2ea0: checks
*** FLOP *** [Ts As 3c]
2a3b2ea0: checks
3e5973ee: checks
fd1d36a5: bets $0.13
2a3b2ea0: calls $0.13
3e5973ee: folds
*** TURN *** [Ts As 3c] [2h]
2a3b2ea0: checks
fd1d36a5: checks
*** RIVER *** [Ts As 3c 2h] [7h]
2a3b2ea0: checks
fd1d36a5: bets $0.22
2a3b2ea0: folds
Uncalled bet ($0.22) returned to fd1d36a5
*** SHOWDOWN ***
fd1d36a5 collected $0.41 from pot
*** SUMMARY ***
Total pot $0.43 | Rake $0.02 | Jackpot $0 | Bingo $0 | Fortune $0
Board [Ts As 3c 2h 7h]
Seat 1: fbdfa5ba (button) folded before Flop (didn't bet)
Seat 2: Hero (small blind) folded before Flop
Seat 3: 2a3b2ea0 (big blind) folded on the River
Seat 4: 3e5973ee folded on the Flop
Seat 5: d6cf325 folded before Flop (didn't bet)
Seat 6: fd1d36a5 won ($0.41)


Poker Hand #HD1176558023: Hold'em No Limit  ($0.02/$0.05) - 2023/03/26 12:19:07
Table 'NLHBlue74' 6-max Seat #6 is the button
Seat 1: fbdfa5ba ($5.01 in chips)
Seat 2: Hero ($5.33 in chips)
Seat 3: 2a3b2ea0 ($5.7 in chips)
Seat 4: 3e5973ee ($5.32 in chips)
Seat 5: d6cf325 ($5 in chips)
Seat 6: fd1d36a5 ($6.87 in chips)
fbdfa5ba: posts small blind $0.02
Hero: posts big blind $0.05
*** HOLE CARDS ***
Dealt to fbdfa5ba 
Dealt to Hero [6d Kd]
Dealt to 2a3b2ea0 
Dealt to 3e5973ee 
Dealt to d6cf325 
Dealt to fd1d36a5 
2a3b2ea0: folds
3e5973ee: folds
d6cf325: raises $0.08 to $0.13
fd1d36a5: folds
fbdfa5ba: folds
Hero: calls $0.08
*** FLOP *** [8s 7h 3d]
Hero: checks
d6cf325: bets $0.2
Hero: folds
Uncalled bet ($0.2) returned to d6cf325
*** SHOWDOWN ***
d6cf325 collected $0.27 from pot
*** SUMMARY ***
Total pot $0.28 | Rake $0.01 | Jackpot $0 | Bingo $0 | Fortune $0
Board [8s 7h 3d]
Seat 1: fbdfa5ba (small blind) folded before Flop
Seat 2: Hero (big blind) folded on the Flop
Seat 3: 2a3b2ea0 folded before Flop (didn't bet)
Seat 4: 3e5973ee folded before Flop (didn't bet)
Seat 5: d6cf325 won ($0.27)
Seat 6: fd1d36a5 (button) folded before Flop (didn't bet)


Poker Hand #HD1176557916: Hold'em No Limit  ($0.02/$0.05) - 2023/03/26 12:18:10
Table 'NLHBlue74' 6-max Seat #5 is the button
Seat 1: fbdfa5ba ($5.12 in chips)
Seat 2: Hero ($5.33 in chips)
Seat 3: 2a3b2ea0 ($5.7 in chips)
Seat 4: 3e5973ee ($5.32 in chips)
Seat 5: d6cf325 ($5 in chips)
Seat 6: fd1d36a5 ($6.77 in chips)
fd1d36a5: posts small blind $0.02
fbdfa5ba: posts big blind $0.05
*** HOLE CARDS ***
Dealt to fbdfa5ba 
Dealt to Hero [8s Ts]
Dealt to 2a3b2ea0 
Dealt to 3e5973ee 
Dealt to d6cf325 
Dealt to fd1d36a5 
Hero: folds
2a3b2ea0: folds
3e5973ee: folds
d6cf325: folds
fd1d36a5: calls $0.03
fbdfa5ba: checks
*** FLOP *** [3c Kc 3h]
fd1d36a5: checks
fbdfa5ba: checks
*** TURN *** [3c Kc 3h] [6c]
fd1d36a5: checks
fbdfa5ba: bets $0.06
fd1d36a5: calls $0.06
*** RIVER *** [3c Kc 3h 6c] [9c]
fd1d36a5: checks
fbdfa5ba: checks
fd1d36a5: shows [Qc 4s] (King High Flush)
fbdfa5ba: shows [3s 5s] (Three Treys)
*** SHOWDOWN ***
fd1d36a5 collected $0.21 from pot
*** SUMMARY ***
Total pot $0.22 | Rake $0.01 | Jackpot $0 | Bingo $0 | Fortune $0
Board [3c Kc 3h 6c 9c]
Seat 1: fbdfa5ba (big blind) showed [3s 5s] and lost with Three Treys
Seat 2: Hero folded before Flop (didn't bet)
Seat 3: 2a3b2ea0 folded before Flop (didn't bet)
Seat 4: 3e5973ee folded before Flop (didn't bet)
Seat 5: d6cf325 (button) folded before Flop (didn't bet)
Seat 6: fd1d36a5 (small blind) showed [Qc 4s] and won ($0.21) with King High Flush


Poker Hand #HD1176557834: Hold'em No Limit  ($0.02/$0.05) - 2023/03/26 12:17:20
Table 'NLHBlue74' 6-max Seat #4 is the button
Seat 1: fbdfa5ba ($5.12 in chips)
Seat 2: Hero ($5.54 in chips)
Seat 3: 2a3b2ea0 ($5.7 in chips)
Seat 4: 3e5973ee ($5.32 in chips)
Seat 5: d6cf325 ($5 in chips)
Seat 6: fd1d36a5 ($6.56 in chips)
d6cf325: posts small blind $0.02
fd1d36a5: posts big blind $0.05
*** HOLE CARDS ***
Dealt to fbdfa5ba 
Dealt to Hero [7c 6c]
Dealt to 2a3b2ea0 
Dealt to 3e5973ee 
Dealt to d6cf325 
Dealt to fd1d36a5 
fbdfa5ba: folds
Hero: raises $0.07 to $0.12
2a3b2ea0: folds
3e5973ee: folds
d6cf325: folds
fd1d36a5: calls $0.07
*** FLOP *** [3s 3h 8s]
fd1d36a5: checks
Hero: checks
*** TURN *** [3s 3h 8s] [9c]
fd1d36a5: bets $0.09
Hero: calls $0.09
*** RIVER *** [3s 3h 8s 9c] [6s]
fd1d36a5: bets $0.44
Hero: folds
Uncalled bet ($0.44) returned to fd1d36a5
*** SHOWDOWN ***
fd1d36a5 collected $0.42 from pot
*** SUMMARY ***
Total pot $0.44 | Rake $0.02 | Jackpot $0 | Bingo $0 | Fortune $0
Board [3s 3h 8s 9c 6s]
Seat 1: fbdfa5ba folded before Flop (didn't bet)
Seat 2: Hero folded on the River
Seat 3: 2a3b2ea0 folded before Flop (didn't bet)
Seat 4: 3e5973ee (button) folded before Flop (didn't bet)
Seat 5: d6cf325 (small blind) folded before Flop
Seat 6: fd1d36a5 (big blind) won ($0.42)


Poker Hand #HD1176557715: Hold'em No Limit  ($0.02/$0.05) - 2023/03/26 12:16:17
Table 'NLHBlue74' 6-max Seat #3 is the button
Seat 1: fbdfa5ba ($5.12 in chips)
Seat 2: Hero ($5.54 in chips)
Seat 3: 2a3b2ea0 ($6.35 in chips)
Seat 4: 3e5973ee ($4.68 in chips)
Seat 5: d6cf325 ($5 in chips)
Seat 6: fd1d36a5 ($6.56 in chips)
3e5973ee: posts small blind $0.02
d6cf325: posts big blind $0.05
*** HOLE CARDS ***
Dealt to fbdfa5ba 
Dealt to Hero [8s Ad]
Dealt to 2a3b2ea0 
Dealt to 3e5973ee 
Dealt to d6cf325 
Dealt to fd1d36a5 
fd1d36a5: folds
fbdfa5ba: folds
Hero: folds
2a3b2ea0: raises $0.08 to $0.13
3e5973ee: calls $0.11
d6cf325: folds
*** FLOP *** [Jc Ks 8c]
3e5973ee: checks
2a3b2ea0: bets $0.11
3e5973ee: calls $0.11
*** TURN *** [Jc Ks 8c] [Th]
3e5973ee: checks
2a3b2ea0: bets $0.41
3e5973ee: calls $0.41
*** RIVER *** [Jc Ks 8c Th] [3h]
3e5973ee: checks
2a3b2ea0: checks
3e5973ee: shows [Kh 3s] (Pair of Kings and Pair of Treys)
2a3b2ea0: shows [Kc Qs] (Pair of Kings)
*** SHOWDOWN ***
3e5973ee collected $1.29 from pot
*** SUMMARY ***
Total pot $1.35 | Rake $0.06 | Jackpot $0 | Bingo $0 | Fortune $0
Board [Jc Ks 8c Th 3h]
Seat 1: fbdfa5ba folded before Flop (didn't bet)
Seat 2: Hero folded before Flop (didn't bet)
Seat 3: 2a3b2ea0 (button) showed [Kc Qs] and lost with Pair of Kings
Seat 4: 3e5973ee (small blind) showed [Kh 3s] and won ($1.29) with Pair of Kings and Pair of Treys
Seat 5: d6cf325 (big blind) folded before Flop
Seat 6: fd1d36a5 folded before Flop (didn't bet)


Poker Hand #HD1176557668: Hold'em No Limit  ($0.02/$0.05) - 2023/03/26 12:15:53
Table 'NLHBlue74' 6-max Seat #2 is the button
Seat 1: fbdfa5ba ($5.12 in chips)
Seat 2: Hero ($5.54 in chips)
Seat 3: 2a3b2ea0 ($6.37 in chips)
Seat 4: 3e5973ee ($4.73 in chips)
Seat 5: d6cf325 ($5 in chips)
Seat 6: fd1d36a5 ($6.35 in chips)
2a3b2ea0: posts small blind $0.02
3e5973ee: posts big blind $0.05
*** HOLE CARDS ***
Dealt to fbdfa5ba 
Dealt to Hero [6s As]
Dealt to 2a3b2ea0 
Dealt to 3e5973ee 
Dealt to d6cf325 
Dealt to fd1d36a5 
d6cf325: raises $0.1 to $0.15
fd1d36a5: raises $0.37 to $0.52
fbdfa5ba: folds
Hero: folds
2a3b2ea0: folds
3e5973ee: folds
d6cf325: folds
Uncalled bet ($0.37) returned to fd1d36a5
*** SHOWDOWN ***
fd1d36a5 collected $0.36 from pot
*** SUMMARY ***
Total pot $0.37 | Rake $0.01 | Jackpot $0 | Bingo $0 | Fortune $0
Seat 1: fbdfa5ba folded before Flop (didn't bet)
Seat 2: Hero (button) folded before Flop (didn't bet)
Seat 3: 2a3b2ea0 (small blind) folded before Flop
Seat 4: 3e5973ee (big blind) folded before Flop
Seat 5: d6cf325 folded before Flop
Seat 6: fd1d36a5 collected ($0.36)


Poker Hand #HD1176557541: Hold'em No Limit  ($0.02/$0.05) - 2023/03/26 12:14:44
Table 'NLHBlue74' 6-max Seat #1 is the button
Seat 1: fbdfa5ba ($5.12 in chips)
Seat 2: Hero ($5.56 in chips)
Seat 3: 2a3b2ea0 ($6.42 in chips)
Seat 4: 3e5973ee ($4.93 in chips)
Seat 5: d6cf325 ($5 in chips)
Seat 6: fd1d36a5 ($5.54 in chips)
Hero: posts small blind $0.02
2a3b2ea0: posts big blind $0.05
*** HOLE CARDS ***
Dealt to fbdfa5ba 
Dealt to Hero [Ts 8c]
Dealt to 2a3b2ea0 
Dealt to 3e5973ee 
Dealt to d6cf325 
Dealt to fd1d36a5 
3e5973ee: calls $0.05
d6cf325: raises $0.15 to $0.2
fd1d36a5: calls $0.2
fbdfa5ba: folds
Hero: folds
2a3b2ea0: folds
3e5973ee: calls $0.15
*** FLOP *** [Ks 9c 8h]
3e5973ee: checks
d6cf325: bets $0.46
fd1d36a5: calls $0.46
3e5973ee: folds
*** TURN *** [Ks 9c 8h] [Tc]
d6cf325: checks
fd1d36a5: bets $0.53
d6cf325: folds
Uncalled bet ($0.53) returned to fd1d36a5
*** SHOWDOWN ***
fd1d36a5 collected $1.47 from pot
*** SUMMARY ***
Total pot $1.59 | Rake $0.07 | Jackpot $0.05 | Bingo $0 | Fortune $0
Board [Ks 9c 8h Tc]
Seat 1: fbdfa5ba (button) folded before Flop (didn't bet)
Seat 2: Hero (small blind) folded before Flop
Seat 3: 2a3b2ea0 (big blind) folded before Flop
Seat 4: 3e5973ee folded on the Flop
Seat 5: d6cf325 folded on the Turn
Seat 6: fd1d36a5 won ($1.47)


Poker Hand #HD1176557451: Hold'em No Limit  ($0.02/$0.05) - 2023/03/26 12:13:55
Table 'NLHBlue74' 6-max Seat #6 is the button
Seat 1: fbdfa5ba ($5.14 in chips)
Seat 2: Hero ($5.61 in chips)
Seat 3: 2a3b2ea0 ($6.42 in chips)
Seat 4: 3e5973ee ($4.93 in chips)
Seat 5: d6cf325 ($5.86 in chips)
Seat 6: fd1d36a5 ($4.73 in chips)
fbdfa5ba: posts small blind $0.02
Hero: posts big blind $0.05
*** HOLE CARDS ***
Dealt to fbdfa5ba 
Dealt to Hero [Kh 4s]
Dealt to 2a3b2ea0 
Dealt to 3e5973ee 
Dealt to d6cf325 
Dealt to fd1d36a5 
2a3b2ea0: folds
3e5973ee: folds
d6cf325: raises $0.08 to $0.13
fd1d36a5: calls $0.13
fbdfa5ba: folds
Hero: folds
*** FLOP *** [2d Ac Ts]
d6cf325: bets $0.22
fd1d36a5: calls $0.22
*** TURN *** [2d Ac Ts] [2s]
d6cf325: bets $0.52
fd1d36a5: calls $0.52
*** RIVER *** [2d Ac Ts 2s] [3s]
d6cf325: checks
fd1d36a5: checks
d6cf325: shows [9d Th] (Pair of Tens and Pair of Twos)
fd1d36a5: shows [4h Ad] (Pair of Aces and Pair of Twos)
*** SHOWDOWN ***
fd1d36a5 collected $1.68 from pot
*** SUMMARY ***
Total pot $1.81 | Rake $0.08 | Jackpot $0.05 | Bingo $0 | Fortune $0
Board [2d Ac Ts 2s 3s]
Seat 1: fbdfa5ba (small blind) folded before Flop
Seat 2: Hero (big blind) folded before Flop
Seat 3: 2a3b2ea0 folded before Flop (didn't bet)
Seat 4: 3e5973ee folded before Flop (didn't bet)
Seat 5: d6cf325 showed [9d Th] and lost with Pair of Tens and Pair of Twos
Seat 6: fd1d36a5 (button) showed [4h Ad] and won ($1.68) with Pair of Aces and Pair of Twos


Poker Hand #HD1176557315: Hold'em No Limit  ($0.02/$0.05) - 2023/03/26 12:12:46
Table 'NLHBlue74' 6-max Seat #5 is the button
Seat 1: fbdfa5ba ($5.19 in chips)
Seat 2: Hero ($5.61 in chips)
Seat 3: 2a3b2ea0 ($6.42 in chips)
Seat 4: 3e5973ee ($4.28 in chips)
Seat 5: d6cf325 ($5.86 in chips)
Seat 6: fd1d36a5 ($5.4 in chips)
fd1d36a5: posts small blind $0.02
fbdfa5ba: posts big blind $0.05
*** HOLE CARDS ***
Dealt to fbdfa5ba 
Dealt to Hero [5s Jd]
Dealt to 2a3b2ea0 
Dealt to 3e5973ee 
Dealt to d6cf325 
Dealt to fd1d36a5 
Hero: folds
2a3b2ea0: folds
3e5973ee: calls $0.05
d6cf325: folds
fd1d36a5: calls $0.03
fbdfa5ba: checks
*** FLOP *** [5d 4h 6c]
fd1d36a5: checks
fbdfa5ba: checks
3e5973ee: checks
*** TURN *** [5d 4h 6c] [9h]
fd1d36a5: checks
fbdfa5ba: checks
3e5973ee: bets $0.15
fd1d36a5: calls $0.15
fbdfa5ba: folds
*** RIVER *** [5d 4h 6c 9h] [2d]
fd1d36a5: checks
3e5973ee: bets $0.05
fd1d36a5: raises $0.42 to $0.47
3e5973ee: calls $0.42
fd1d36a5: shows [Ts 5c] (Pair of Fives)
3e5973ee: shows [Ks Kh] (Pair of Kings)
*** SHOWDOWN ***
3e5973ee collected $1.32 from pot
*** SUMMARY ***
Total pot $1.39 | Rake $0.07 | Jackpot $0 | Bingo $0 | Fortune $0
Board [5d 4h 6c 9h 2d]
Seat 1: fbdfa5ba (big blind) folded on the Turn
Seat 2: Hero folded before Flop (didn't bet)
Seat 3: 2a3b2ea0 folded before Flop (didn't bet)
Seat 4: 3e5973ee showed [Ks Kh] and won ($1.32) with Pair of Kings
Seat 5: d6cf325 (button) folded before Flop (didn't bet)
Seat 6: fd1d36a5 (small blind) showed [Ts 5c] and lost with Pair of Fives


Poker Hand #HD1176557261: Hold'em No Limit  ($0.02/$0.05) - 2023/03/26 12:12:15
Table 'NLHBlue74' 6-max Seat #4 is the button
Seat 1: fbdfa5ba ($5.19 in chips)
Seat 2: Hero ($5.61 in chips)
Seat 3: 2a3b2ea0 ($6.42 in chips)
Seat 4: 3e5973ee ($4.33 in chips)
Seat 5: d6cf325 ($5.88 in chips)
Seat 6: fd1d36a5 ($5.33 in chips)
d6cf325: posts small blind $0.02
fd1d36a5: posts big blind $0.05
*** HOLE CARDS ***
Dealt to fbdfa5ba 
Dealt to Hero [7c 4c]
Dealt to 2a3b2ea0 
Dealt to 3e5973ee 
Dealt to d6cf325 
Dealt to fd1d36a5 
fbdfa5ba: folds
Hero: folds
2a3b2ea0: folds
3e5973ee: calls $0.05
d6cf325: folds
fd1d36a5: checks
*** FLOP *** [5h Ad 6h]
fd1d36a5: checks
3e5973ee: checks
*** TURN *** [5h Ad 6h] [Qc]
fd1d36a5: bets $0.09
3e5973ee: folds
Uncalled bet ($0.09) returned to fd1d36a5
*** SHOWDOWN ***
fd1d36a5 collected $0.12 from pot
*** SUMMARY ***
Total pot $0.12 | Rake $0 | Jackpot $0 | Bingo $0 | Fortune $0
Board [5h Ad 6h Qc]
Seat 1: fbdfa5ba folded before Flop (didn't bet)
Seat 2: Hero folded before Flop (didn't bet)
Seat 3: 2a3b2ea0 folded before Flop (didn't bet)
Seat 4: 3e5973ee (button) folded on the Turn
Seat 5: d6cf325 (small blind) folded before Flop
Seat 6: fd1d36a5 (big blind) won ($0.12)


Poker Hand #HD1176557191: Hold'em No Limit  ($0.02/$0.05) - 2023/03/26 12:11:30
Table 'NLHBlue74' 6-max Seat #3 is the button
Seat 1: fbdfa5ba ($5.19 in chips)
Seat 2: Hero ($5.61 in chips)
Seat 3: 2a3b2ea0 ($6.42 in chips)
Seat 4: 3e5973ee ($4.53 in chips)
Seat 5: d6cf325 ($5.7 in chips)
Seat 6: fd1d36a5 ($5.33 in chips)
3e5973ee: posts small blind $0.02
d6cf325: posts big blind $0.05
*** HOLE CARDS ***
Dealt to fbdfa5ba 
Dealt to Hero [9d 7c]
Dealt to 2a3b2ea0 
Dealt to 3e5973ee 
Dealt to d6cf325 
Dealt to fd1d36a5 
fd1d36a5: folds
fbdfa5ba: folds
Hero: folds
2a3b2ea0: folds
3e5973ee: calls $0.03
d6cf325: raises $0.15 to $0.2
3e5973ee: calls $0.15
*** FLOP *** [3h 8d Qd]
3e5973ee: checks
d6cf325: bets $0.28
3e5973ee: folds
Uncalled bet ($0.28) returned to d6cf325
*** SHOWDOWN ***
d6cf325 collected $0.38 from pot
*** SUMMARY ***
Total pot $0.4 | Rake $0.02 | Jackpot $0 | Bingo $0 | Fortune $0
Board [3h 8d Qd]
Seat 1: fbdfa5ba folded before Flop (didn't bet)
Seat 2: Hero folded before Flop (didn't bet)
Seat 3: 2a3b2ea0 (button) folded before Flop (didn't bet)
Seat 4: 3e5973ee (small blind) folded on the Flop
Seat 5: d6cf325 (big blind) won ($0.38)
Seat 6: fd1d36a5 folded before Flop (didn't bet)


Poker Hand #HD1176557159: Hold'em No Limit  ($0.02/$0.05) - 2023/03/26 12:11:15
Table 'NLHBlue74' 6-max Seat #2 is the button
Seat 1: fbdfa5ba ($5.19 in chips)
Seat 2: Hero ($5.61 in chips)
Seat 3: 2a3b2ea0 ($6.44 in chips)
Seat 4: 3e5973ee ($4.58 in chips)
Seat 5: d6cf325 ($5.7 in chips)
Seat 6: fd1d36a5 ($5.26 in chips)
2a3b2ea0: posts small blind $0.02
3e5973ee: posts big blind $0.05
*** HOLE CARDS ***
Dealt to fbdfa5ba 
Dealt to Hero [Js 7d]
Dealt to 2a3b2ea0 
Dealt to 3e5973ee 
Dealt to d6cf325 
Dealt to fd1d36a5 
d6cf325: folds
fd1d36a5: raises $0.1 to $0.15
fbdfa5ba: folds
Hero: folds
2a3b2ea0: folds
3e5973ee: folds
Uncalled bet ($0.1) returned to fd1d36a5
*** SHOWDOWN ***
fd1d36a5 collected $0.12 from pot
*** SUMMARY ***
Total pot $0.12 | Rake $0 | Jackpot $0 | Bingo $0 | Fortune $0
Seat 1: fbdfa5ba folded before Flop (didn't bet)
Seat 2: Hero (button) folded before Flop (didn't bet)
Seat 3: 2a3b2ea0 (small blind) folded before Flop
Seat 4: 3e5973ee (big blind) folded before Flop
Seat 5: d6cf325 folded before Flop (didn't bet)
Seat 6: fd1d36a5 collected ($0.12)


Poker Hand #HD1176557042: Hold'em No Limit  ($0.02/$0.05) - 2023/03/26 12:10:12
Table 'NLHBlue74' 6-max Seat #1 is the button
Seat 1: fbdfa5ba ($5.24 in chips)
Seat 2: Hero ($5.63 in chips)
Seat 3: 2a3b2ea0 ($6.6 in chips)
Seat 4: 3e5973ee ($4.63 in chips)
Seat 5: d6cf325 ($5.7 in chips)
Seat 6: fd1d36a5 ($5 in chips)
Hero: posts small blind $0.02
2a3b2ea0: posts big blind $0.05
fd1d36a5: posts big blind $0.05
*** HOLE CARDS ***
Dealt to fbdfa5ba 
Dealt to Hero [Ts 6d]
Dealt to 2a3b2ea0 
Dealt to 3e5973ee 
Dealt to d6cf325 
Dealt to fd1d36a5 
3e5973ee: calls $0.05
d6cf325: folds
fd1d36a5: checks
fbdfa5ba: calls $0.05
Hero: folds
2a3b2ea0: checks
*** FLOP *** [7d 5s Qs]
2a3b2ea0: checks
3e5973ee: checks
fd1d36a5: bets $0.11
fbdfa5ba: folds
2a3b2ea0: calls $0.11
3e5973ee: folds
*** TURN *** [7d 5s Qs] [2c]
2a3b2ea0: checks
fd1d36a5: bets $0.33
2a3b2ea0: folds
Uncalled bet ($0.33) returned to fd1d36a5
*** SHOWDOWN ***
fd1d36a5 collected $0.42 from pot
*** SUMMARY ***
Total pot $0.44 | Rake $0.02 | Jackpot $0 | Bingo $0 | Fortune $0
Board [7d 5s Qs 2c]
Seat 1: fbdfa5ba (button) folded on the Flop
Seat 2: Hero (small blind) folded before Flop
Seat 3: 2a3b2ea0 (big blind) folded on the Turn
Seat 4: 3e5973ee folded on the Flop
Seat 5: d6cf325 folded before Flop (didn't bet)
Seat 6: fd1d36a5 won ($0.42)


Poker Hand #HD1176556997: Hold'em No Limit  ($0.02/$0.05) - 2023/03/26 12:09:46
Table 'NLHBlue74' 6-max Seat #5 is the button
Seat 1: fbdfa5ba ($5.26 in chips)
Seat 2: Hero ($5.56 in chips)
Seat 3: 2a3b2ea0 ($6.6 in chips)
Seat 4: 3e5973ee ($4.68 in chips)
Seat 5: d6cf325 ($5.7 in chips)
fbdfa5ba: posts small blind $0.02
Hero: posts big blind $0.05
*** HOLE CARDS ***
Dealt to fbdfa5ba 
Dealt to Hero [7c 9d]
Dealt to 2a3b2ea0 
Dealt to 3e5973ee 
Dealt to d6cf325 
2a3b2ea0: folds
3e5973ee: calls $0.05
d6cf325: folds
fbdfa5ba: folds
Hero: checks
*** FLOP *** [5c 8c Ac]
Hero: checks
3e5973ee: checks
*** TURN *** [5c 8c Ac] [6h]
Hero: bets $0.09
3e5973ee: folds
Uncalled bet ($0.09) returned to Hero
*** SHOWDOWN ***
Hero collected $0.12 from pot
*** SUMMARY ***
Total pot $0.12 | Rake $0 | Jackpot $0 | Bingo $0 | Fortune $0
Board [5c 8c Ac 6h]
Seat 1: fbdfa5ba (small blind) folded before Flop
Seat 2: Hero (big blind) won ($0.12)
Seat 3: 2a3b2ea0 folded before Flop (didn't bet)
Seat 4: 3e5973ee folded on the Turn
Seat 5: d6cf325 (button) folded before Flop (didn't bet)


Poker Hand #HD1176556894: Hold'em No Limit  ($0.02/$0.05) - 2023/03/26 12:08:52
Table 'NLHBlue74' 6-max Seat #4 is the button
Seat 1: fbdfa5ba ($5.26 in chips)
Seat 2: Hero ($5.56 in chips)
Seat 3: 2a3b2ea0 ($6.6 in chips)
Seat 4: 3e5973ee ($5.22 in chips)
Seat 5: d6cf325 ($5.16 in chips)
Seat 6: b54e0c0a ($3.91 in chips)
d6cf325: posts small blind $0.02
b54e0c0a: posts big blind $0.05
*** HOLE CARDS ***
Dealt to fbdfa5ba 
Dealt to Hero [Jh 8c]
Dealt to 2a3b2ea0 
Dealt to 3e5973ee 
Dealt to d6cf325 
Dealt to b54e0c0a 
fbdfa5ba: folds
Hero: folds
2a3b2ea0: folds
3e5973ee: calls $0.05
d6cf325: raises $0.15 to $0.2
b54e0c0a: folds
3e5973ee: calls $0.15
*** FLOP *** [Ad Kd 6s]
d6cf325: bets $0.34
3e5973ee: calls $0.34
*** TURN *** [Ad Kd 6s] [4d]
d6cf325: bets $0.86
3e5973ee: folds
Uncalled bet ($0.86) returned to d6cf325
*** SHOWDOWN ***
d6cf325 collected $1.08 from pot
*** SUMMARY ***
Total pot $1.13 | Rake $0.05 | Jackpot $0 | Bingo $0 | Fortune $0
Board [Ad Kd 6s 4d]
Seat 1: fbdfa5ba folded before Flop (didn't bet)
Seat 2: Hero folded before Flop (didn't bet)
Seat 3: 2a3b2ea0 folded before Flop (didn't bet)
Seat 4: 3e5973ee (button) folded on the Turn
Seat 5: d6cf325 (small blind) won ($1.08)
Seat 6: b54e0c0a (big blind) folded before Flop


Poker Hand #HD1176556872: Hold'em No Limit  ($0.02/$0.05) - 2023/03/26 12:08:37
Table 'NLHBlue74' 6-max Seat #3 is the button
Seat 1: fbdfa5ba ($5.26 in chips)
Seat 2: Hero ($5.56 in chips)
Seat 3: 2a3b2ea0 ($6.6 in chips)
Seat 4: 3e5973ee ($5.24 in chips)
Seat 5: d6cf325 ($5.14 in chips)
Seat 6: b54e0c0a ($3.91 in chips)
3e5973ee: posts small blind $0.02
d6cf325: posts big blind $0.05
*** HOLE CARDS ***
Dealt to fbdfa5ba 
Dealt to Hero [8c 9s]
Dealt to 2a3b2ea0 
Dealt to 3e5973ee 
Dealt to d6cf325 
Dealt to b54e0c0a 
b54e0c0a: folds
fbdfa5ba: folds
Hero: folds
2a3b2ea0: folds
3e5973ee: folds
Uncalled bet ($0.03) returned to d6cf325
*** SHOWDOWN ***
d6cf325 collected $0.04 from pot
*** SUMMARY ***
Total pot $0.04 | Rake $0 | Jackpot $0 | Bingo $0 | Fortune $0
Seat 1: fbdfa5ba folded before Flop (didn't bet)
Seat 2: Hero folded before Flop (didn't bet)
Seat 3: 2a3b2ea0 (button) folded before Flop (didn't bet)
Seat 4: 3e5973ee (small blind) folded before Flop
Seat 5: d6cf325 (big blind) collected ($0.04)
Seat 6: b54e0c0a folded before Flop (didn't bet)


Poker Hand #HD1176556818: Hold'em No Limit  ($0.02/$0.05) - 2023/03/26 12:08:06
Table 'NLHBlue74' 6-max Seat #2 is the button
Seat 1: fbdfa5ba ($5.26 in chips)
Seat 2: Hero ($5.56 in chips)
Seat 3: 2a3b2ea0 ($6.62 in chips)
Seat 4: 3e5973ee ($5.35 in chips)
Seat 5: d6cf325 ($5.14 in chips)
Seat 6: b54e0c0a ($3.79 in chips)
2a3b2ea0: posts small blind $0.02
3e5973ee: posts big blind $0.05
*** HOLE CARDS ***
Dealt to fbdfa5ba 
Dealt to Hero [Td 6d]
Dealt to 2a3b2ea0 
Dealt to 3e5973ee 
Dealt to d6cf325 
Dealt to b54e0c0a 
d6cf325: folds
b54e0c0a: raises $0.06 to $0.11
fbdfa5ba: folds
Hero: folds
2a3b2ea0: folds
3e5973ee: calls $0.06
*** FLOP *** [Tc Th 5s]
3e5973ee: checks
b54e0c0a: bets $0.07
3e5973ee: folds
Uncalled bet ($0.07) returned to b54e0c0a
*** SHOWDOWN ***
b54e0c0a collected $0.23 from pot
*** SUMMARY ***
Total pot $0.24 | Rake $0.01 | Jackpot $0 | Bingo $0 | Fortune $0
Board [Tc Th 5s]
Seat 1: fbdfa5ba folded before Flop (didn't bet)
Seat 2: Hero (button) folded before Flop (didn't bet)
Seat 3: 2a3b2ea0 (small blind) folded before Flop
Seat 4: 3e5973ee (big blind) folded on the Flop
Seat 5: d6cf325 folded before Flop (didn't bet)
Seat 6: b54e0c0a won ($0.23)


Poker Hand #HD1176556748: Hold'em No Limit  ($0.02/$0.05) - 2023/03/26 12:07:30
Table 'NLHBlue74' 6-max Seat #1 is the button
Seat 1: fbdfa5ba ($5.66 in chips)
Seat 2: Hero ($5.04 in chips)
Seat 3: 2a3b2ea0 ($6.67 in chips)
Seat 4: 3e5973ee ($5.35 in chips)
Seat 5: d6cf325 ($5.14 in chips)
Seat 6: b54e0c0a ($3.9 in chips)
Hero: posts small blind $0.02
2a3b2ea0: posts big blind $0.05
*** HOLE CARDS ***
Dealt to fbdfa5ba 
Dealt to Hero [Qd Qs]
Dealt to 2a3b2ea0 
Dealt to 3e5973ee 
Dealt to d6cf325 
Dealt to b54e0c0a 
3e5973ee: folds
d6cf325: folds
b54e0c0a: raises $0.06 to $0.11
fbdfa5ba: raises $0.29 to $0.4
Hero: raises $0.62 to $1.02
2a3b2ea0: folds
b54e0c0a: folds
fbdfa5ba: folds
Uncalled bet ($0.62) returned to Hero
*** SHOWDOWN ***
Hero collected $0.92 from pot
*** SUMMARY ***
Total pot $0.96 | Rake $0.04 | Jackpot $0 | Bingo $0 | Fortune $0
Seat 1: fbdfa5ba (button) folded before Flop
Seat 2: Hero (small blind) collected ($0.92)
Seat 3: 2a3b2ea0 (big blind) folded before Flop
Seat 4: 3e5973ee folded before Flop (didn't bet)
Seat 5: d6cf325 folded before Flop (didn't bet)
Seat 6: b54e0c0a folded before Flop


Poker Hand #HD1176556689: Hold'em No Limit  ($0.02/$0.05) - 2023/03/26 12:06:58
Table 'NLHBlue74' 6-max Seat #6 is the button
Seat 1: fbdfa5ba ($5.68 in chips)
Seat 2: Hero ($5.17 in chips)
Seat 3: 2a3b2ea0 ($6.67 in chips)
Seat 4: 3e5973ee ($5.35 in chips)
Seat 5: d6cf325 ($5 in chips)
Seat 6: b54e0c0a ($3.9 in chips)
fbdfa5ba: posts small blind $0.02
Hero: posts big blind $0.05
*** HOLE CARDS ***
Dealt to fbdfa5ba 
Dealt to Hero [Ks 8s]
Dealt to 2a3b2ea0 
Dealt to 3e5973ee 
Dealt to d6cf325 
Dealt to b54e0c0a 
2a3b2ea0: folds
3e5973ee: folds
d6cf325: raises $0.08 to $0.13
b54e0c0a: folds
fbdfa5ba: folds
Hero: calls $0.08
*** FLOP *** [Ac 3s Ad]
Hero: checks
d6cf325: bets $0.2
Hero: folds
Uncalled bet ($0.2) returned to d6cf325
*** SHOWDOWN ***
d6cf325 collected $0.27 from pot
*** SUMMARY ***
Total pot $0.28 | Rake $0.01 | Jackpot $0 | Bingo $0 | Fortune $0
Board [Ac 3s Ad]
Seat 1: fbdfa5ba (small blind) folded before Flop
Seat 2: Hero (big blind) folded on the Flop
Seat 3: 2a3b2ea0 folded before Flop (didn't bet)
Seat 4: 3e5973ee folded before Flop (didn't bet)
Seat 5: d6cf325 won ($0.27)
Seat 6: b54e0c0a (button) folded before Flop (didn't bet)


Poker Hand #HD1176556653: Hold'em No Limit  ($0.02/$0.05) - 2023/03/26 12:06:40
Table 'NLHBlue74' 6-max Seat #5 is the button
Seat 1: fbdfa5ba ($5.73 in chips)
Seat 2: Hero ($5.17 in chips)
Seat 3: 2a3b2ea0 ($6.67 in chips)
Seat 4: 3e5973ee ($5.35 in chips)
Seat 5: d6cf325 ($5 in chips)
Seat 6: b54e0c0a ($3.85 in chips)
b54e0c0a: posts small blind $0.02
fbdfa5ba: posts big blind $0.05
*** HOLE CARDS ***
Dealt to fbdfa5ba 
Dealt to Hero [8s 6c]
Dealt to 2a3b2ea0 
Dealt to 3e5973ee 
Dealt to d6cf325 
Dealt to b54e0c0a 
Hero: folds
2a3b2ea0: folds
3e5973ee: folds
d6cf325: folds
b54e0c0a: raises $0.05 to $0.1
fbdfa5ba: folds
Uncalled bet ($0.05) returned to b54e0c0a
*** SHOWDOWN ***
b54e0c0a collected $0.1 from pot
*** SUMMARY ***
Total pot $0.1 | Rake $0 | Jackpot $0 | Bingo $0 | Fortune $0
Seat 1: fbdfa5ba (big blind) folded before Flop
Seat 2: Hero folded before Flop (didn't bet)
Seat 3: 2a3b2ea0 folded before Flop (didn't bet)
Seat 4: 3e5973ee folded before Flop (didn't bet)
Seat 5: d6cf325 (button) folded before Flop (didn't bet)
Seat 6: b54e0c0a (small blind) collected ($0.1)


Poker Hand #HD1176556591: Hold'em No Limit  ($0.02/$0.05) - 2023/03/26 12:06:02
Table 'NLHBlue74' 6-max Seat #4 is the button
Seat 1: fbdfa5ba ($5.73 in chips)
Seat 2: Hero ($5.17 in chips)
Seat 3: 2a3b2ea0 ($6.67 in chips)
Seat 4: 3e5973ee ($5.17 in chips)
Seat 5: d6cf325 ($5 in chips)
Seat 6: b54e0c0a ($4.02 in chips)
d6cf325: posts small blind $0.02
b54e0c0a: posts big blind $0.05
*** HOLE CARDS ***
Dealt to fbdfa5ba 
Dealt to Hero [9c 2d]
Dealt to 2a3b2ea0 
Dealt to 3e5973ee 
Dealt to d6cf325 
Dealt to b54e0c0a 
fbdfa5ba: folds
Hero: folds
2a3b2ea0: folds
3e5973ee: calls $0.05
d6cf325: folds
b54e0c0a: checks
*** FLOP *** [5c Th 8s]
b54e0c0a: bets $0.05
3e5973ee: calls $0.05
*** TURN *** [5c Th 8s] [4d]
b54e0c0a: bets $0.07
3e5973ee: calls $0.07
*** RIVER *** [5c Th 8s 4d] [Ah]
b54e0c0a: checks
3e5973ee: bets $0.05
b54e0c0a: folds
Uncalled bet ($0.05) returned to 3e5973ee
*** SHOWDOWN ***
3e5973ee collected $0.35 from pot
*** SUMMARY ***
Total pot $0.36 | Rake $0.01 | Jackpot $0 | Bingo $0 | Fortune $0
Board [5c Th 8s 4d Ah]
Seat 1: fbdfa5ba folded before Flop (didn't bet)
Seat 2: Hero folded before Flop (didn't bet)
Seat 3: 2a3b2ea0 folded before Flop (didn't bet)
Seat 4: 3e5973ee (button) won ($0.35)
Seat 5: d6cf325 (small blind) folded before Flop
Seat 6: b54e0c0a (big blind) folded on the River


Poker Hand #HD1176556528: Hold'em No Limit  ($0.02/$0.05) - 2023/03/26 12:05:23
Table 'NLHBlue74' 6-max Seat #3 is the button
Seat 1: fbdfa5ba ($5.83 in chips)
Seat 2: Hero ($5.17 in chips)
Seat 3: 2a3b2ea0 ($6.51 in chips)
Seat 4: 3e5973ee ($5.19 in chips)
Seat 5: d6cf325 ($5 in chips)
Seat 6: b54e0c0a ($4.02 in chips)
3e5973ee: posts small blind $0.02
d6cf325: posts big blind $0.05
*** HOLE CARDS ***
Dealt to fbdfa5ba 
Dealt to Hero [Ac 4d]
Dealt to 2a3b2ea0 
Dealt to 3e5973ee 
Dealt to d6cf325 
Dealt to b54e0c0a 
b54e0c0a: folds
fbdfa5ba: raises $0.05 to $0.1
Hero: folds
2a3b2ea0: raises $0.25 to $0.35
3e5973ee: folds
d6cf325: folds
fbdfa5ba: folds
Uncalled bet ($0.25) returned to 2a3b2ea0
*** SHOWDOWN ***
2a3b2ea0 collected $0.26 from pot
*** SUMMARY ***
Total pot $0.27 | Rake $0.01 | Jackpot $0 | Bingo $0 | Fortune $0
Seat 1: fbdfa5ba folded before Flop
Seat 2: Hero folded before Flop (didn't bet)
Seat 3: 2a3b2ea0 (button) collected ($0.26)
Seat 4: 3e5973ee (small blind) folded before Flop
Seat 5: d6cf325 (big blind) folded before Flop
Seat 6: b54e0c0a folded before Flop (didn't bet)


Poker Hand #HD1176556484: Hold'em No Limit  ($0.02/$0.05) - 2023/03/26 12:04:58
Table 'NLHBlue74' 6-max Seat #2 is the button
Seat 1: fbdfa5ba ($5.83 in chips)
Seat 2: Hero ($5.17 in chips)
Seat 3: 2a3b2ea0 ($6.46 in chips)
Seat 4: 3e5973ee ($5.24 in chips)
Seat 6: b54e0c0a ($4.02 in chips)
2a3b2ea0: posts small blind $0.02
3e5973ee: posts big blind $0.05
*** HOLE CARDS ***
Dealt to fbdfa5ba 
Dealt to Hero [8d 6h]
Dealt to 2a3b2ea0 
Dealt to 3e5973ee 
Dealt to b54e0c0a 
b54e0c0a: folds
fbdfa5ba: folds
Hero: folds
2a3b2ea0: raises $0.08 to $0.13
3e5973ee: folds
Uncalled bet ($0.08) returned to 2a3b2ea0
*** SHOWDOWN ***
2a3b2ea0 collected $0.1 from pot
*** SUMMARY ***
Total pot $0.1 | Rake $0 | Jackpot $0 | Bingo $0 | Fortune $0
Seat 1: fbdfa5ba folded before Flop (didn't bet)
Seat 2: Hero (button) folded before Flop (didn't bet)
Seat 3: 2a3b2ea0 (small blind) collected ($0.1)
Seat 4: 3e5973ee (big blind) folded before Flop
Seat 6: b54e0c0a folded before Flop (didn't bet)


Poker Hand #HD1176556372: Hold'em No Limit  ($0.02/$0.05) - 2023/03/26 12:03:55
Table 'NLHBlue74' 6-max Seat #1 is the button
Seat 1: fbdfa5ba ($5.83 in chips)
Seat 2: Hero ($5.19 in chips)
Seat 3: 2a3b2ea0 ($5.22 in chips)
Seat 4: 3e5973ee ($5.29 in chips)
Seat 5: ebd73c6b ($1.35 in chips)
Seat 6: b54e0c0a ($4.02 in chips)
Hero: posts small blind $0.02
2a3b2ea0: posts big blind $0.05
*** HOLE CARDS ***
Dealt to fbdfa5ba 
Dealt to Hero [2c 6h]
Dealt to 2a3b2ea0 
Dealt to 3e5973ee 
Dealt to ebd73c6b 
Dealt to b54e0c0a 
3e5973ee: calls $0.05
ebd73c6b: raises $0.1 to $0.15
b54e0c0a: folds
fbdfa5ba: folds
Hero: folds
2a3b2ea0: raises $0.35 to $0.5
3e5973ee: folds
ebd73c6b: calls $0.35
*** FLOP *** [7s Kh Kc]
2a3b2ea0: checks
ebd73c6b: bets $0.85 and is all-in
2a3b2ea0: calls $0.85
ebd73c6b: shows [Jd Ad] (Pair of Kings)
2a3b2ea0: shows [As Kd] (Three Kings)
*** TURN *** [7s Kh Kc] [Qd]
*** RIVER *** [7s Kh Kc Qd] [6s]
*** SHOWDOWN ***
2a3b2ea0 collected $2.59 from pot
*** SUMMARY ***
Total pot $2.77 | Rake $0.13 | Jackpot $0.05 | Bingo $0 | Fortune $0
Board [7s Kh Kc Qd 6s]
Seat 1: fbdfa5ba (button) folded before Flop (didn't bet)
Seat 2: Hero (small blind) folded before Flop
Seat 3: 2a3b2ea0 (big blind) showed [As Kd] and won ($2.59) with Three Kings
Seat 4: 3e5973ee folded before Flop
Seat 5: ebd73c6b showed [Jd Ad] and lost with Pair of Kings
Seat 6: b54e0c0a folded before Flop (didn't bet)


Poker Hand #HD1176556324: Hold'em No Limit  ($0.02/$0.05) - 2023/03/26 12:03:28
Table 'NLHBlue74' 6-max Seat #6 is the button
Seat 1: fbdfa5ba ($5.85 in chips)
Seat 2: Hero ($5.07 in chips)
Seat 3: 2a3b2ea0 ($5.22 in chips)
Seat 4: 3e5973ee ($5.34 in chips)
Seat 5: ebd73c6b ($1.4 in chips)
Seat 6: b54e0c0a ($4.02 in chips)
fbdfa5ba: posts small blind $0.02
Hero: posts big blind $0.05
*** HOLE CARDS ***
Dealt to fbdfa5ba 
Dealt to Hero [Qh 5d]
Dealt to 2a3b2ea0 
Dealt to 3e5973ee 
Dealt to ebd73c6b 
Dealt to b54e0c0a 
2a3b2ea0: folds
3e5973ee: calls $0.05
ebd73c6b: calls $0.05
b54e0c0a: folds
fbdfa5ba: folds
Hero: checks
*** FLOP *** [3c Jc Qd]
Hero: bets $0.06
3e5973ee: folds
ebd73c6b: folds
Uncalled bet ($0.06) returned to Hero
*** SHOWDOWN ***
Hero collected $0.17 from pot
*** SUMMARY ***
Total pot $0.17 | Rake $0 | Jackpot $0 | Bingo $0 | Fortune $0
Board [3c Jc Qd]
Seat 1: fbdfa5ba (small blind) folded before Flop
Seat 2: Hero (big blind) won ($0.17)
Seat 3: 2a3b2ea0 folded before Flop (didn't bet)
Seat 4: 3e5973ee folded on the Flop
Seat 5: ebd73c6b folded on the Flop
Seat 6: b54e0c0a (button) folded before Flop (didn't bet)


Poker Hand #HD1176556288: Hold'em No Limit  ($0.02/$0.05) - 2023/03/26 12:03:08
Table 'NLHBlue74' 6-max Seat #5 is the button
Seat 1: fbdfa5ba ($5.9 in chips)
Seat 2: Hero ($5 in chips)
Seat 3: 2a3b2ea0 ($5.22 in chips)
Seat 4: 3e5973ee ($5.34 in chips)
Seat 5: ebd73c6b ($1.4 in chips)
Seat 6: b54e0c0a ($4.04 in chips)
b54e0c0a: posts small blind $0.02
fbdfa5ba: posts big blind $0.05
*** HOLE CARDS ***
Dealt to fbdfa5ba 
Dealt to Hero [3c Ac]
Dealt to 2a3b2ea0 
Dealt to 3e5973ee 
Dealt to ebd73c6b 
Dealt to b54e0c0a 
Hero: raises $0.07 to $0.12
2a3b2ea0: folds
3e5973ee: folds
ebd73c6b: folds
b54e0c0a: folds
fbdfa5ba: folds
Uncalled bet ($0.07) returned to Hero
*** SHOWDOWN ***
Hero collected $0.12 from pot
*** SUMMARY ***
Total pot $0.12 | Rake $0 | Jackpot $0 | Bingo $0 | Fortune $0
Seat 1: fbdfa5ba (big blind) folded before Flop
Seat 2: Hero collected ($0.12)
Seat 3: 2a3b2ea0 folded before Flop (didn't bet)
Seat 4: 3e5973ee folded before Flop (didn't bet)
Seat 5: ebd73c6b (button) folded before Flop (didn't bet)
Seat 6: b54e0c0a (small blind) folded before Flop


Poker Hand #HD1176556256: Hold'em No Limit  ($0.02/$0.05) - 2023/03/26 12:02:50
Table 'NLHBlue74' 6-max Seat #4 is the button
Seat 1: fbdfa5ba ($5.9 in chips)
Seat 2: Hero ($5 in chips)
Seat 3: 2a3b2ea0 ($5.22 in chips)
Seat 4: 3e5973ee ($5.34 in chips)
Seat 5: ebd73c6b ($1.42 in chips)
Seat 6: b54e0c0a ($4.02 in chips)
ebd73c6b: posts small blind $0.02
b54e0c0a: posts big blind $0.05
*** HOLE CARDS ***
Dealt to fbdfa5ba 
Dealt to Hero [2d 3c]
Dealt to 2a3b2ea0 
Dealt to 3e5973ee 
Dealt to ebd73c6b 
Dealt to b54e0c0a 
fbdfa5ba: folds
Hero: folds
2a3b2ea0: folds
3e5973ee: folds
ebd73c6b: folds
Uncalled bet ($0.03) returned to b54e0c0a
*** SHOWDOWN ***
b54e0c0a collected $0.04 from pot
*** SUMMARY ***
Total pot $0.04 | Rake $0 | Jackpot $0 | Bingo $0 | Fortune $0
Seat 1: fbdfa5ba folded before Flop (didn't bet)
Seat 2: Hero folded before Flop (didn't bet)
Seat 3: 2a3b2ea0 folded before Flop (didn't bet)
Seat 4: 3e5973ee (button) folded before Flop (didn't bet)
Seat 5: ebd73c6b (small blind) folded before Flop
Seat 6: b54e0c0a (big blind) collected ($0.04)


Poker Hand #HD1176556145: Hold'em No Limit  ($0.02/$0.05) - 2023/03/26 12:01:49
Table 'NLHBlue74' 6-max Seat #3 is the button
Seat 1: fbdfa5ba ($5.9 in chips)
Seat 2: Hero ($5 in chips)
Seat 3: 2a3b2ea0 ($5.22 in chips)
Seat 4: 3e5973ee ($5.22 in chips)
Seat 5: ebd73c6b ($1.55 in chips)
Seat 6: b54e0c0a ($4.02 in chips)
3e5973ee: posts small blind $0.02
ebd73c6b: posts big blind $0.05
*** HOLE CARDS ***
Dealt to fbdfa5ba 
Dealt to Hero [8s 2h]
Dealt to 2a3b2ea0 
Dealt to 3e5973ee 
Dealt to ebd73c6b 
Dealt to b54e0c0a 
b54e0c0a: folds
fbdfa5ba: folds
Hero: folds
2a3b2ea0: folds
3e5973ee: calls $0.03
ebd73c6b: checks
*** FLOP *** [9h Qh Jh]
3e5973ee: checks
ebd73c6b: bets $0.08
3e5973ee: calls $0.08
*** TURN *** [9h Qh Jh] [3h]
3e5973ee: checks
ebd73c6b: checks
*** RIVER *** [9h Qh Jh 3h] [9c]
3e5973ee: bets $0.41
ebd73c6b: folds
Uncalled bet ($0.41) returned to 3e5973ee
*** SHOWDOWN ***
3e5973ee collected $0.25 from pot
*** SUMMARY ***
Total pot $0.26 | Rake $0.01 | Jackpot $0 | Bingo $0 | Fortune $0
Board [9h Qh Jh 3h 9c]
Seat 1: fbdfa5ba folded before Flop (didn't bet)
Seat 2: Hero folded before Flop (didn't bet)
Seat 3: 2a3b2ea0 (button) folded before Flop (didn't bet)
Seat 4: 3e5973ee (small blind) won ($0.25)
Seat 5: ebd73c6b (big blind) folded on the River
Seat 6: b54e0c0a folded before Flop (didn't bet)


Poker Hand #HD1176556039: Hold'em No Limit  ($0.02/$0.05) - 2023/03/26 12:00:52
Table 'NLHBlue74' 6-max Seat #2 is the button
Seat 1: fbdfa5ba ($5.9 in chips)
Seat 2: Hero ($5 in chips)
Seat 3: 2a3b2ea0 ($5.02 in chips)
Seat 4: 3e5973ee ($5.44 in chips)
Seat 5: ebd73c6b ($1.55 in chips)
Seat 6: b54e0c0a ($4.02 in chips)
2a3b2ea0: posts small blind $0.02
3e5973ee: posts big blind $0.05
*** HOLE CARDS ***
Dealt to fbdfa5ba 
Dealt to Hero [Qd 2c]
Dealt to 2a3b2ea0 
Dealt to 3e5973ee 
Dealt to ebd73c6b 
Dealt to b54e0c0a 
ebd73c6b: folds
b54e0c0a: folds
fbdfa5ba: folds
Hero: folds
2a3b2ea0: raises $0.08 to $0.13
3e5973ee: calls $0.08
*** FLOP *** [4d 2d 2h]
2a3b2ea0: bets $0.09
3e5973ee: calls $0.09
*** TURN *** [4d 2d 2h] [7c]
2a3b2ea0: checks
3e5973ee: checks
*** RIVER *** [4d 2d 2h 7c] [2s]
2a3b2ea0: checks
3e5973ee: checks
2a3b2ea0: shows [Ah Js] (Three Twos)
3e5973ee: shows [Ac 3d] (Three Twos)
*** SHOWDOWN ***
2a3b2ea0 collected $0.42 from pot
*** SUMMARY ***
Total pot $0.44 | Rake $0.02 | Jackpot $0 | Bingo $0 | Fortune $0
Board [4d 2d 2h 7c 2s]
Seat 1: fbdfa5ba folded before Flop (didn't bet)
Seat 2: Hero (button) folded before Flop (didn't bet)
Seat 3: 2a3b2ea0 (small blind) showed [Ah Js] and won ($0.42) with Three Twos
Seat 4: 3e5973ee (big blind) showed [Ac 3d] and lost with Three Twos
Seat 5: ebd73c6b folded before Flop (didn't bet)
Seat 6: b54e0c0a folded before Flop (didn't bet)


Poker Hand #HD1176555950: Hold'em No Limit  ($0.02/$0.05) - 2023/03/26 12:00:09
Table 'NLHBlue74' 6-max Seat #1 is the button
Seat 1: fbdfa5ba ($5.9 in chips)
Seat 2: Hero ($5 in chips)
Seat 3: 2a3b2ea0 ($5.07 in chips)
Seat 4: 3e5973ee ($5.58 in chips)
Seat 5: ebd73c6b ($1.35 in chips)
Seat 6: b54e0c0a ($4.02 in chips)
Hero: posts small blind $0.02
2a3b2ea0: posts big blind $0.05
*** HOLE CARDS ***
Dealt to fbdfa5ba 
Dealt to Hero [2d Qc]
Dealt to 2a3b2ea0 
Dealt to 3e5973ee 
Dealt to ebd73c6b 
Dealt to b54e0c0a 
3e5973ee: calls $0.05
ebd73c6b: calls $0.05
b54e0c0a: folds
fbdfa5ba: folds
Hero: folds
2a3b2ea0: checks
*** FLOP *** [Ah Js 6h]
2a3b2ea0: checks
3e5973ee: checks
ebd73c6b: bets $0.09
2a3b2ea0: folds
3e5973ee: calls $0.09
*** TURN *** [Ah Js 6h] [2s]
3e5973ee: checks
ebd73c6b: bets $0.18
3e5973ee: folds
Uncalled bet ($0.18) returned to ebd73c6b
*** SHOWDOWN ***
ebd73c6b collected $0.34 from pot
*** SUMMARY ***
Total pot $0.35 | Rake $0.01 | Jackpot $0 | Bingo $0 | Fortune $0
Board [Ah Js 6h 2s]
Seat 1: fbdfa5ba (button) folded before Flop (didn't bet)
Seat 2: Hero (small blind) folded before Flop
Seat 3: 2a3b2ea0 (big blind) folded on the Flop
Seat 4: 3e5973ee folded on the Turn
Seat 5: ebd73c6b won ($0.34)
Seat 6: b54e0c0a folded before Flop (didn't bet)


Poker Hand #HD1176555912: Hold'em No Limit  ($0.02/$0.05) - 2023/03/26 11:59:51
Table 'NLHBlue74' 6-max Seat #6 is the button
Seat 1: fbdfa5ba ($5.92 in chips)
Seat 2: Hero ($5 in chips)
Seat 3: 2a3b2ea0 ($5.07 in chips)
Seat 4: 3e5973ee ($5.58 in chips)
Seat 5: ebd73c6b ($1.28 in chips)
Seat 6: b54e0c0a ($4.02 in chips)
fbdfa5ba: posts small blind $0.02
Hero: posts big blind $0.05
*** HOLE CARDS ***
Dealt to fbdfa5ba 
Dealt to Hero [As 4h]
Dealt to 2a3b2ea0 
Dealt to 3e5973ee 
Dealt to ebd73c6b 
Dealt to b54e0c0a 
2a3b2ea0: folds
3e5973ee: folds
ebd73c6b: raises $0.05 to $0.1
b54e0c0a: folds
fbdfa5ba: folds
Hero: folds
Uncalled bet ($0.05) returned to ebd73c6b
*** SHOWDOWN ***
ebd73c6b collected $0.12 from pot
*** SUMMARY ***
Total pot $0.12 | Rake $0 | Jackpot $0 | Bingo $0 | Fortune $0
Seat 1: fbdfa5ba (small blind) folded before Flop
Seat 2: Hero (big blind) folded before Flop
Seat 3: 2a3b2ea0 folded before Flop (didn't bet)
Seat 4: 3e5973ee folded before Flop (didn't bet)
Seat 5: ebd73c6b collected ($0.12)
Seat 6: b54e0c0a (button) folded before Flop (didn't bet)


Poker Hand #HD1176555879: Hold'em No Limit  ($0.02/$0.05) - 2023/03/26 11:59:34
Table 'NLHBlue74' 6-max Seat #5 is the button
Seat 1: fbdfa5ba ($5.97 in chips)
Seat 2: Hero ($5 in chips)
Seat 3: 2a3b2ea0 ($5.07 in chips)
Seat 4: 3e5973ee ($5.58 in chips)
Seat 5: ebd73c6b ($1.28 in chips)
Seat 6: b54e0c0a ($3.97 in chips)
b54e0c0a: posts small blind $0.02
fbdfa5ba: posts big blind $0.05
*** HOLE CARDS ***
Dealt to fbdfa5ba 
Dealt to Hero [Kh 2s]
Dealt to 2a3b2ea0 
Dealt to 3e5973ee 
Dealt to ebd73c6b 
Dealt to b54e0c0a 
Hero: folds
2a3b2ea0: folds
3e5973ee: folds
ebd73c6b: folds
b54e0c0a: raises $0.05 to $0.1
fbdfa5ba: folds
Uncalled bet ($0.05) returned to b54e0c0a
*** SHOWDOWN ***
b54e0c0a collected $0.1 from pot
*** SUMMARY ***
Total pot $0.1 | Rake $0 | Jackpot $0 | Bingo $0 | Fortune $0
Seat 1: fbdfa5ba (big blind) folded before Flop
Seat 2: Hero folded before Flop (didn't bet)
Seat 3: 2a3b2ea0 folded before Flop (didn't bet)
Seat 4: 3e5973ee folded before Flop (didn't bet)
Seat 5: ebd73c6b (button) folded before Flop (didn't bet)
Seat 6: b54e0c0a (small blind) collected ($0.1)


Poker Hand #HD1176555797: Hold'em No Limit  ($0.02/$0.05) - 2023/03/26 11:58:51
Table 'NLHBlue74' 6-max Seat #4 is the button
Seat 1: fbdfa5ba ($5.97 in chips)
Seat 2: Hero ($5 in chips)
Seat 3: 2a3b2ea0 ($5.07 in chips)
Seat 4: 3e5973ee ($5.73 in chips)
Seat 5: ebd73c6b ($1.09 in chips)
Seat 6: b54e0c0a ($4.02 in chips)
ebd73c6b: posts small blind $0.02
b54e0c0a: posts big blind $0.05
*** HOLE CARDS ***
Dealt to fbdfa5ba 
Dealt to Hero [Qd 8d]
Dealt to 2a3b2ea0 
Dealt to 3e5973ee 
Dealt to ebd73c6b 
Dealt to b54e0c0a 
fbdfa5ba: folds
Hero: folds
2a3b2ea0: folds
3e5973ee: calls $0.05
ebd73c6b: raises $0.1 to $0.15
b54e0c0a: folds
3e5973ee: calls $0.1
*** FLOP *** [3h Qh 5h]
ebd73c6b: checks
3e5973ee: checks
*** TURN *** [3h Qh 5h] [2c]
ebd73c6b: checks
3e5973ee: checks
*** RIVER *** [3h Qh 5h 2c] [Qc]
ebd73c6b: checks
3e5973ee: checks
ebd73c6b: shows [Tc Ad] (Pair of Queens)
3e5973ee: shows [Kd 4d] (Pair of Queens)
*** SHOWDOWN ***
ebd73c6b collected $0.34 from pot
*** SUMMARY ***
Total pot $0.35 | Rake $0.01 | Jackpot $0 | Bingo $0 | Fortune $0
Board [3h Qh 5h 2c Qc]
Seat 1: fbdfa5ba folded before Flop (didn't bet)
Seat 2: Hero folded before Flop (didn't bet)
Seat 3: 2a3b2ea0 folded before Flop (didn't bet)
Seat 4: 3e5973ee (button) showed [Kd 4d] and lost with Pair of Queens
Seat 5: ebd73c6b (small blind) showed [Tc Ad] and won ($0.34) with Pair of Queens
Seat 6: b54e0c0a (big blind) folded before Flop


Poker Hand #HD1176555759: Hold'em No Limit  ($0.02/$0.05) - 2023/03/26 11:58:32
Table 'NLHBlue74' 6-max Seat #3 is the button
Seat 1: fbdfa5ba ($5.97 in chips)
Seat 2: Hero ($5 in chips)
Seat 3: 2a3b2ea0 ($5.07 in chips)
Seat 4: 3e5973ee ($5.68 in chips)
Seat 5: ebd73c6b ($1.14 in chips)
Seat 6: b54e0c0a ($4.02 in chips)
3e5973ee: posts small blind $0.02
ebd73c6b: posts big blind $0.05
*** HOLE CARDS ***
Dealt to fbdfa5ba 
Dealt to Hero [4h Qh]
Dealt to 2a3b2ea0 
Dealt to 3e5973ee 
Dealt to ebd73c6b 
Dealt to b54e0c0a 
b54e0c0a: folds
fbdfa5ba: folds
Hero: folds
2a3b2ea0: folds
3e5973ee: calls $0.03
ebd73c6b: checks
*** FLOP *** [4s 8d 5c]
3e5973ee: bets $0.05
ebd73c6b: folds
Uncalled bet ($0.05) returned to 3e5973ee
*** SHOWDOWN ***
3e5973ee collected $0.1 from pot
*** SUMMARY ***
Total pot $0.1 | Rake $0 | Jackpot $0 | Bingo $0 | Fortune $0
Board [4s 8d 5c]
Seat 1: fbdfa5ba folded before Flop (didn't bet)
Seat 2: Hero folded before Flop (didn't bet)
Seat 3: 2a3b2ea0 (button) folded before Flop (didn't bet)
Seat 4: 3e5973ee (small blind) won ($0.1)
Seat 5: ebd73c6b (big blind) folded on the Flop
Seat 6: b54e0c0a folded before Flop (didn't bet)


Poker Hand #HD1176555670: Hold'em No Limit  ($0.02/$0.05) - 2023/03/26 11:57:47
Table 'NLHBlue74' 6-max Seat #2 is the button
Seat 1: fbdfa5ba ($5.96 in chips)
Seat 2: Hero ($5 in chips)
Seat 3: 2a3b2ea0 ($5.09 in chips)
Seat 4: 3e5973ee ($5.67 in chips)
Seat 5: ebd73c6b ($1.14 in chips)
Seat 6: b54e0c0a ($4.02 in chips)
2a3b2ea0: posts small blind $0.02
3e5973ee: posts big blind $0.05
*** HOLE CARDS ***
Dealt to fbdfa5ba 
Dealt to Hero [3d Jh]
Dealt to 2a3b2ea0 
Dealt to 3e5973ee 
Dealt to ebd73c6b 
Dealt to b54e0c0a 
ebd73c6b: folds
b54e0c0a: folds
fbdfa5ba: raises $0.05 to $0.1
Hero: folds
2a3b2ea0: folds
3e5973ee: calls $0.05
*** FLOP *** [Ts 9c Qh]
3e5973ee: checks
fbdfa5ba: checks
*** TURN *** [Ts 9c Qh] [Kh]
3e5973ee: bets $0.05
fbdfa5ba: calls $0.05
*** RIVER *** [Ts 9c Qh Kh] [Qs]
3e5973ee: checks
fbdfa5ba: checks
3e5973ee: shows [8c Kd] (Pair of Kings and Pair of Queens)
fbdfa5ba: shows [Ks Td] (Pair of Kings and Pair of Queens)
*** SHOWDOWN ***
3e5973ee collected $0.16 from pot
fbdfa5ba collected $0.16 from pot
*** SUMMARY ***
Total pot $0.32 | Rake $0 | Jackpot $0 | Bingo $0 | Fortune $0
Board [Ts 9c Qh Kh Qs]
Seat 1: fbdfa5ba showed [Ks Td] and won ($0.16) with Pair of Kings and Pair of Queens
Seat 2: Hero (button) folded before Flop (didn't bet)
Seat 3: 2a3b2ea0 (small blind) folded before Flop
Seat 4: 3e5973ee (big blind) showed [8c Kd] and won ($0.16) with Pair of Kings and Pair of Queens
Seat 5: ebd73c6b folded before Flop (didn't bet)
Seat 6: b54e0c0a folded before Flop (didn't bet)


Poker Hand #HD1176485639: Hold'em No Limit  ($0.02/$0.05) - 2023/03/26 11:57:31
Table 'NLHBlue74' 6-max Seat #1 is the button
Seat 1: fbdfa5ba ($5.96 in chips)
Seat 2: Hero ($5 in chips)
Seat 3: 2a3b2ea0 ($5.07 in chips)
Seat 4: 3e5973ee ($5.67 in chips)
Seat 5: ebd73c6b ($1.14 in chips)
Seat 6: b54e0c0a ($4.02 in chips)
Hero: posts small blind $0.02
2a3b2ea0: posts big blind $0.05
*** HOLE CARDS ***
Dealt to fbdfa5ba 
Dealt to Hero [2s 9c]
Dealt to 2a3b2ea0 
Dealt to 3e5973ee 
Dealt to ebd73c6b 
Dealt to b54e0c0a 
3e5973ee: folds
ebd73c6b: folds
b54e0c0a: folds
fbdfa5ba: folds
Hero: folds
Uncalled bet ($0.03) returned to 2a3b2ea0
*** SHOWDOWN ***
2a3b2ea0 collected $0.04 from pot
*** SUMMARY ***
Total pot $0.04 | Rake $0 | Jackpot $0 | Bingo $0 | Fortune $0
Seat 1: fbdfa5ba (button) folded before Flop (didn't bet)
Seat 2: Hero (small blind) folded before Flop
Seat 3: 2a3b2ea0 (big blind) collected ($0.04)
Seat 4: 3e5973ee folded before Flop (didn't bet)
Seat 5: ebd73c6b folded before Flop (didn't bet)
Seat 6: b54e0c0a folded before Flop (didn't bet)


Poker Hand #HD1176485623: Hold'em No Limit  ($0.02/$0.05) - 2023/03/26 11:57:21
Table 'NLHBlue74' 6-max Seat #6 is the button
Seat 1: fbdfa5ba ($5.98 in chips)
Seat 2: Hero ($5 in chips)
Seat 3: 2a3b2ea0 ($5.07 in chips)
Seat 4: 3e5973ee ($5.67 in chips)
Seat 5: ebd73c6b ($1.07 in chips)
Seat 6: b54e0c0a ($4.02 in chips)
fbdfa5ba: posts small blind $0.02
Hero: posts big blind $0.05
*** HOLE CARDS ***
Dealt to fbdfa5ba 
Dealt to Hero [Qs 4d]
Dealt to 2a3b2ea0 
Dealt to 3e5973ee 
Dealt to ebd73c6b 
Dealt to b54e0c0a 
2a3b2ea0: folds
3e5973ee: folds
ebd73c6b: raises $0.1 to $0.15
b54e0c0a: folds
fbdfa5ba: folds
Hero: folds
Uncalled bet ($0.1) returned to ebd73c6b
*** SHOWDOWN ***
ebd73c6b collected $0.12 from pot
*** SUMMARY ***
Total pot $0.12 | Rake $0 | Jackpot $0 | Bingo $0 | Fortune $0
Seat 1: fbdfa5ba (small blind) folded before Flop
Seat 2: Hero (big blind) folded before Flop
Seat 3: 2a3b2ea0 folded before Flop (didn't bet)
Seat 4: 3e5973ee folded before Flop (didn't bet)
Seat 5: ebd73c6b collected ($0.12)
Seat 6: b54e0c0a (button) folded before Flop (didn't bet)


Poker Hand #HD1176485574: Hold'em No Limit  ($0.02/$0.05) - 2023/03/26 11:56:54
Table 'NLHBlue74' 6-max Seat #5 is the button
Seat 1: fbdfa5ba ($5.85 in chips)
Seat 2: Hero ($5 in chips)
Seat 3: 2a3b2ea0 ($5.07 in chips)
Seat 4: 3e5973ee ($5.67 in chips)
Seat 5: ebd73c6b ($1.07 in chips)
Seat 6: b54e0c0a ($3.41 in chips)
b54e0c0a: posts small blind $0.02
fbdfa5ba: posts big blind $0.05
*** HOLE CARDS ***
Dealt to fbdfa5ba 
Dealt to Hero [3h 8c]
Dealt to 2a3b2ea0 
Dealt to 3e5973ee 
Dealt to ebd73c6b 
Dealt to b54e0c0a 
Hero: folds
2a3b2ea0: folds
3e5973ee: folds
ebd73c6b: folds
b54e0c0a: raises $0.09 to $0.14
fbdfa5ba: raises $0.32 to $0.46
b54e0c0a: folds
Uncalled bet ($0.32) returned to fbdfa5ba
*** SHOWDOWN ***
fbdfa5ba collected $0.27 from pot
*** SUMMARY ***
Total pot $0.28 | Rake $0.01 | Jackpot $0 | Bingo $0 | Fortune $0
Seat 1: fbdfa5ba (big blind) collected ($0.27)
Seat 2: Hero folded before Flop (didn't bet)
Seat 3: 2a3b2ea0 folded before Flop (didn't bet)
Seat 4: 3e5973ee folded before Flop (didn't bet)
Seat 5: ebd73c6b (button) folded before Flop (didn't bet)
Seat 6: b54e0c0a (small blind) folded before Flop


Poker Hand #HD1176485556: Hold'em No Limit  ($0.02/$0.05) - 2023/03/26 11:56:40
Table 'NLHBlue74' 6-max Seat #4 is the button
Seat 1: fbdfa5ba ($5.85 in chips)
Seat 2: Hero ($5 in chips)
Seat 3: 2a3b2ea0 ($5 in chips)
Seat 4: 3e5973ee ($5.67 in chips)
Seat 5: ebd73c6b ($1.09 in chips)
Seat 6: b54e0c0a ($3.46 in chips)
ebd73c6b: posts small blind $0.02
b54e0c0a: posts big blind $0.05
*** HOLE CARDS ***
Dealt to fbdfa5ba 
Dealt to Hero [4h 5s]
Dealt to 2a3b2ea0 
Dealt to 3e5973ee 
Dealt to ebd73c6b 
Dealt to b54e0c0a 
fbdfa5ba: folds
Hero: folds
2a3b2ea0: raises $0.1 to $0.15
3e5973ee: folds
ebd73c6b: folds
b54e0c0a: folds
Uncalled bet ($0.1) returned to 2a3b2ea0
*** SHOWDOWN ***
2a3b2ea0 collected $0.12 from pot
*** SUMMARY ***
Total pot $0.12 | Rake $0 | Jackpot $0 | Bingo $0 | Fortune $0
Seat 1: fbdfa5ba folded before Flop (didn't bet)
Seat 2: Hero folded before Flop (didn't bet)
Seat 3: 2a3b2ea0 collected ($0.12)
Seat 4: 3e5973ee (button) folded before Flop (didn't bet)
Seat 5: ebd73c6b (small blind) folded before Flop
Seat 6: b54e0c0a (big blind) folded before Flop


Poker Hand #HD1176485514: Hold'em No Limit  ($0.02/$0.05) - 2023/03/26 11:56:16
Table 'NLHBlue74' 6-max Seat #3 is the button
Seat 1: fbdfa5ba ($5.85 in chips)
Seat 2: Hero ($5 in chips)
Seat 3: 2a3b2ea0 ($5 in chips)
Seat 4: 3e5973ee ($5.62 in chips)
Seat 5: ebd73c6b ($1.14 in chips)
Seat 6: b54e0c0a ($3.46 in chips)
3e5973ee: posts small blind $0.02
ebd73c6b: posts big blind $0.05
*** HOLE CARDS ***
Dealt to fbdfa5ba 
Dealt to Hero [Jh 3s]
Dealt to 2a3b2ea0 
Dealt to 3e5973ee 
Dealt to ebd73c6b 
Dealt to b54e0c0a 
b54e0c0a: folds
fbdfa5ba: folds
Hero: folds
2a3b2ea0: folds
3e5973ee: calls $0.03
ebd73c6b: checks
*** FLOP *** [Td Ac 3d]
3e5973ee: bets $0.05
ebd73c6b: folds
Uncalled bet ($0.05) returned to 3e5973ee
*** SHOWDOWN ***
3e5973ee collected $0.1 from pot
*** SUMMARY ***
Total pot $0.1 | Rake $0 | Jackpot $0 | Bingo $0 | Fortune $0
Board [Td Ac 3d]
Seat 1: fbdfa5ba folded before Flop (didn't bet)
Seat 2: Hero folded before Flop (didn't bet)
Seat 3: 2a3b2ea0 (button) folded before Flop (didn't bet)
Seat 4: 3e5973ee (small blind) won ($0.1)
Seat 5: ebd73c6b (big blind) folded on the Flop
Seat 6: b54e0c0a folded before Flop (didn't bet)


Poker Hand #HD1176485447: Hold'em No Limit  ($0.02/$0.05) - 2023/03/26 11:55:44
Table 'NLHBlue74' 6-max Seat #2 is the button
Seat 1: fbdfa5ba ($5.85 in chips)
Seat 2: Hero ($5 in chips)
Seat 3: 2a3b2ea0 ($5 in chips)
Seat 4: 3e5973ee ($5.77 in chips)
Seat 5: ebd73c6b ($0.98 in chips)
Seat 6: b54e0c0a ($3.46 in chips)
2a3b2ea0: posts small blind $0.02
3e5973ee: posts big blind $0.05
*** HOLE CARDS ***
Dealt to fbdfa5ba 
Dealt to Hero [9h 3c]
Dealt to 2a3b2ea0 
Dealt to 3e5973ee 
Dealt to ebd73c6b 
Dealt to b54e0c0a 
ebd73c6b: raises $0.1 to $0.15
b54e0c0a: folds
fbdfa5ba: folds
Hero: folds
2a3b2ea0: folds
3e5973ee: calls $0.1
*** FLOP *** [7c 5d Ah]
3e5973ee: checks
ebd73c6b: bets $0.16
3e5973ee: folds
Uncalled bet ($0.16) returned to ebd73c6b
*** SHOWDOWN ***
ebd73c6b collected $0.31 from pot
*** SUMMARY ***
Total pot $0.32 | Rake $0.01 | Jackpot $0 | Bingo $0 | Fortune $0
Board [7c 5d Ah]
Seat 1: fbdfa5ba folded before Flop (didn't bet)
Seat 2: Hero (button) folded before Flop (didn't bet)
Seat 3: 2a3b2ea0 (small blind) folded before Flop
Seat 4: 3e5973ee (big blind) folded on the Flop
Seat 5: ebd73c6b won ($0.31)
Seat 6: b54e0c0a folded before Flop (didn't bet)


Poker Hand #HD1176485369: Hold'em No Limit  ($0.02/$0.05) - 2023/03/26 11:55:02
Table 'NLHBlue74' 6-max Seat #1 is the button
Seat 1: fbdfa5ba ($5.14 in chips)
Seat 2: Hero ($5 in chips)
Seat 3: 2a3b2ea0 ($5 in chips)
Seat 4: 3e5973ee ($5.77 in chips)
Seat 5: ebd73c6b ($1 in chips)
Seat 6: b54e0c0a ($4.2 in chips)
Hero: posts small blind $0.02
2a3b2ea0: posts big blind $0.05
ebd73c6b: posts missed blind $0.02
*** HOLE CARDS ***
Dealt to fbdfa5ba 
Dealt to Hero [Ac 3d]
Dealt to 2a3b2ea0 
Dealt to 3e5973ee 
Dealt to ebd73c6b 
Dealt to b54e0c0a 
3e5973ee: folds
ebd73c6b: folds
b54e0c0a: raises $0.05 to $0.1
fbdfa5ba: calls $0.1
Hero: folds
2a3b2ea0: folds
*** FLOP *** [8s 4s 5h]
b54e0c0a: bets $0.15
fbdfa5ba: calls $0.15
*** TURN *** [8s 4s 5h] [2h]
b54e0c0a: bets $0.49
fbdfa5ba: calls $0.49
*** RIVER *** [8s 4s 5h 2h] [9d]
b54e0c0a: checks
fbdfa5ba: checks
b54e0c0a: shows [7h Th] (Ten-High)
fbdfa5ba: shows [6h 6s] (Pair of Sixes)
*** SHOWDOWN ***
fbdfa5ba collected $1.45 from pot
*** SUMMARY ***
Total pot $1.57 | Rake $0.07 | Jackpot $0.05 | Bingo $0 | Fortune $0
Board [8s 4s 5h 2h 9d]
Seat 1: fbdfa5ba (button) showed [6h 6s] and won ($1.45) with Pair of Sixes
Seat 2: Hero (small blind) folded before Flop
Seat 3: 2a3b2ea0 (big blind) folded before Flop
Seat 4: 3e5973ee folded before Flop (didn't bet)
Seat 5: ebd73c6b folded before Flop
Seat 6: b54e0c0a showed [7h Th] and lost with Ten-High


Poker Hand #HD1176485335: Hold'em No Limit  ($0.02/$0.05) - 2023/03/26 11:54:45
Table 'NLHBlue74' 6-max Seat #6 is the button
Seat 1: fbdfa5ba ($5.16 in chips)
Seat 2: Hero ($5 in chips)
Seat 4: 3e5973ee ($5.77 in chips)
Seat 6: b54e0c0a ($4.13 in chips)
fbdfa5ba: posts small blind $0.02
Hero: posts big blind $0.05
*** HOLE CARDS ***
Dealt to fbdfa5ba 
Dealt to Hero [9c 3d]
Dealt to 3e5973ee 
Dealt to b54e0c0a 
3e5973ee: folds
b54e0c0a: raises $0.05 to $0.1
fbdfa5ba: folds
Hero: folds
Uncalled bet ($0.05) returned to b54e0c0a
*** SHOWDOWN ***
b54e0c0a collected $0.12 from pot
*** SUMMARY ***
Total pot $0.12 | Rake $0 | Jackpot $0 | Bingo $0 | Fortune $0
Seat 1: fbdfa5ba (small blind) folded before Flop
Seat 2: Hero (big blind) folded before Flop
Seat 4: 3e5973ee folded before Flop (didn't bet)
Seat 6: b54e0c0a (button) collected ($0.12)


