Poker Hand #HD1155526404: Hold'em No Limit  ($0.02/$0.05) - 2023/03/11 13:51:21
Table 'NLHBlue66' 6-max Seat #1 is the button
Seat 1: 6972cfbf ($3.12 in chips)
Seat 2: a5263905 ($5.89 in chips)
Seat 3: d0220365 ($21.73 in chips)
Seat 4: Hero ($5.12 in chips)
Seat 5: 265735bd ($5 in chips)
Seat 6: 5150052b ($5 in chips)
a5263905: posts small blind $0.02
d0220365: posts big blind $0.05
*** HOLE CARDS ***
Dealt to 6972cfbf 
Dealt to a5263905 
Dealt to d0220365 
Dealt to Hero [3h 9c]
Dealt to 265735bd 
Dealt to 5150052b 
Hero: folds
265735bd: folds
5150052b: raises $0.06 to $0.11
6972cfbf: folds
a5263905: calls $0.09
d0220365: folds
*** FLOP *** [5c 4h 4d]
a5263905: checks
5150052b: bets $0.09
a5263905: folds
Uncalled bet ($0.09) returned to 5150052b
*** SHOWDOWN ***
5150052b collected $0.26 from pot
*** SUMMARY ***
Total pot $0.27 | Rake $0.01 | Jackpot $0 | Bingo $0 | Fortune $0
Board [5c 4h 4d]
Seat 1: 6972cfbf (button) folded before Flop (didn't bet)
Seat 2: a5263905 (small blind) folded on the Flop
Seat 3: d0220365 (big blind) folded before Flop
Seat 4: Hero folded before Flop (didn't bet)
Seat 5: 265735bd folded before Flop (didn't bet)
Seat 6: 5150052b won ($0.26)


Poker Hand #HD1155526349: Hold'em No Limit  ($0.02/$0.05) - 2023/03/11 13:50:58
Table 'NLHBlue66' 6-max Seat #6 is the button
Seat 1: 6972cfbf ($3.14 in chips)
Seat 2: a5263905 ($5.87 in chips)
Seat 3: d0220365 ($21.73 in chips)
Seat 4: Hero ($5.12 in chips)
Seat 5: 265735bd ($5 in chips)
Seat 6: 5150052b ($5 in chips)
6972cfbf: posts small blind $0.02
a5263905: posts big blind $0.05
*** HOLE CARDS ***
Dealt to 6972cfbf 
Dealt to a5263905 
Dealt to d0220365 
Dealt to Hero [5s 4c]
Dealt to 265735bd 
Dealt to 5150052b 
d0220365: folds
Hero: folds
265735bd: folds
5150052b: folds
6972cfbf: folds
Uncalled bet ($0.03) returned to a5263905
*** SHOWDOWN ***
a5263905 collected $0.04 from pot
*** SUMMARY ***
Total pot $0.04 | Rake $0 | Jackpot $0 | Bingo $0 | Fortune $0
Seat 1: 6972cfbf (small blind) folded before Flop
Seat 2: a5263905 (big blind) collected ($0.04)
Seat 3: d0220365 folded before Flop (didn't bet)
Seat 4: Hero folded before Flop (didn't bet)
Seat 5: 265735bd folded before Flop (didn't bet)
Seat 6: 5150052b (button) folded before Flop (didn't bet)


Poker Hand #HD1155526309: Hold'em No Limit  ($0.02/$0.05) - 2023/03/11 13:50:43
Table 'NLHBlue66' 6-max Seat #5 is the button
Seat 1: 6972cfbf ($3.19 in chips)
Seat 2: a5263905 ($5.87 in chips)
Seat 3: d0220365 ($21.66 in chips)
Seat 4: Hero ($5.12 in chips)
Seat 5: 265735bd ($5 in chips)
Seat 6: 5150052b ($5 in chips)
5150052b: posts small blind $0.02
6972cfbf: posts big blind $0.05
*** HOLE CARDS ***
Dealt to 6972cfbf 
Dealt to a5263905 
Dealt to d0220365 
Dealt to Hero [8s Ac]
Dealt to 265735bd 
Dealt to 5150052b 
a5263905: folds
d0220365: raises $0.1 to $0.15
Hero: folds
265735bd: folds
5150052b: folds
6972cfbf: folds
Uncalled bet ($0.1) returned to d0220365
*** SHOWDOWN ***
d0220365 collected $0.12 from pot
*** SUMMARY ***
Total pot $0.12 | Rake $0 | Jackpot $0 | Bingo $0 | Fortune $0
Seat 1: 6972cfbf (big blind) folded before Flop
Seat 2: a5263905 folded before Flop (didn't bet)
Seat 3: d0220365 collected ($0.12)
Seat 4: Hero folded before Flop (didn't bet)
Seat 5: 265735bd (button) folded before Flop (didn't bet)
Seat 6: 5150052b (small blind) folded before Flop


Poker Hand #HD1155526067: Hold'em No Limit  ($0.02/$0.05) - 2023/03/11 13:49:00
Table 'NLHBlue66' 6-max Seat #4 is the button
Seat 2: a5263905 ($5.87 in chips)
Seat 3: d0220365 ($20.84 in chips)
Seat 4: Hero ($5.12 in chips)
Seat 5: 265735bd ($5 in chips)
Seat 6: 5150052b ($5.05 in chips)
265735bd: posts small blind $0.02
5150052b: posts big blind $0.05
*** HOLE CARDS ***
Dealt to a5263905 
Dealt to d0220365 
Dealt to Hero [8s Kd]
Dealt to 265735bd 
Dealt to 5150052b 
a5263905: folds
d0220365: raises $0.1 to $0.15
Hero: folds
265735bd: folds
5150052b: calls $0.1
*** FLOP *** [Kh Jh Ts]
5150052b: checks
d0220365: checks
*** TURN *** [Kh Jh Ts] [7h]
5150052b: bets $0.22
d0220365: raises $0.57 to $0.79
5150052b: calls $0.57
*** RIVER *** [Kh Jh Ts 7h] [Qs]
5150052b: checks
d0220365: bets $1.43
5150052b: folds
Uncalled bet ($1.43) returned to d0220365
*** SHOWDOWN ***
d0220365 collected $1.76 from pot
*** SUMMARY ***
Total pot $1.9 | Rake $0.09 | Jackpot $0.05 | Bingo $0 | Fortune $0
Board [Kh Jh Ts 7h Qs]
Seat 2: a5263905 folded before Flop (didn't bet)
Seat 3: d0220365 won ($1.76)
Seat 4: Hero (button) folded before Flop (didn't bet)
Seat 5: 265735bd (small blind) folded before Flop
Seat 6: 5150052b (big blind) folded on the River


Poker Hand #HD1155525893: Hold'em No Limit  ($0.02/$0.05) - 2023/03/11 13:47:43
Table 'NLHBlue66' 6-max Seat #3 is the button
Seat 2: a5263905 ($5.4 in chips)
Seat 3: d0220365 ($20.84 in chips)
Seat 4: Hero ($5.14 in chips)
Seat 5: 265735bd ($5.07 in chips)
Seat 6: 5150052b ($5.05 in chips)
Hero: posts small blind $0.02
265735bd: posts big blind $0.05
*** HOLE CARDS ***
Dealt to a5263905 
Dealt to d0220365 
Dealt to Hero [9s Kh]
Dealt to 265735bd 
Dealt to 5150052b 
5150052b: folds
a5263905: raises $0.05 to $0.1
d0220365: folds
Hero: folds
265735bd: raises $0.4 to $0.5
a5263905: calls $0.4
*** FLOP *** [8s Qs 9d]
265735bd: checks
a5263905: checks
*** TURN *** [8s Qs 9d] [Td]
265735bd: checks
a5263905: bets $0.51
265735bd: folds
Uncalled bet ($0.51) returned to a5263905
*** SHOWDOWN ***
a5263905 collected $0.97 from pot
*** SUMMARY ***
Total pot $1.02 | Rake $0.05 | Jackpot $0 | Bingo $0 | Fortune $0
Board [8s Qs 9d Td]
Seat 2: a5263905 won ($0.97)
Seat 3: d0220365 (button) folded before Flop (didn't bet)
Seat 4: Hero (small blind) folded before Flop
Seat 5: 265735bd (big blind) folded on the Turn
Seat 6: 5150052b folded before Flop (didn't bet)


Poker Hand #HD1155525804: Hold'em No Limit  ($0.02/$0.05) - 2023/03/11 13:47:04
Table 'NLHBlue66' 6-max Seat #2 is the button
Seat 2: a5263905 ($5.4 in chips)
Seat 3: d0220365 ($20.69 in chips)
Seat 4: Hero ($5.19 in chips)
Seat 5: 265735bd ($5.07 in chips)
Seat 6: 5150052b ($5.16 in chips)
d0220365: posts small blind $0.02
Hero: posts big blind $0.05
*** HOLE CARDS ***
Dealt to a5263905 
Dealt to d0220365 
Dealt to Hero [4c Kc]
Dealt to 265735bd 
Dealt to 5150052b 
265735bd: folds
5150052b: raises $0.06 to $0.11
a5263905: folds
d0220365: raises $0.27 to $0.38
Hero: folds
5150052b: folds
Uncalled bet ($0.27) returned to d0220365
*** SHOWDOWN ***
d0220365 collected $0.26 from pot
*** SUMMARY ***
Total pot $0.27 | Rake $0.01 | Jackpot $0 | Bingo $0 | Fortune $0
Seat 2: a5263905 (button) folded before Flop (didn't bet)
Seat 3: d0220365 (small blind) collected ($0.26)
Seat 4: Hero (big blind) folded before Flop
Seat 5: 265735bd folded before Flop (didn't bet)
Seat 6: 5150052b folded before Flop


Poker Hand #HD1155525779: Hold'em No Limit  ($0.02/$0.05) - 2023/03/11 13:46:52
Table 'NLHBlue66' 6-max Seat #6 is the button
Seat 2: a5263905 ($5.42 in chips)
Seat 3: d0220365 ($20.74 in chips)
Seat 4: Hero ($5.19 in chips)
Seat 5: 265735bd ($5 in chips)
Seat 6: 5150052b ($5.16 in chips)
a5263905: posts small blind $0.02
d0220365: posts big blind $0.05
*** HOLE CARDS ***
Dealt to a5263905 
Dealt to d0220365 
Dealt to Hero [2d Ah]
Dealt to 265735bd 
Dealt to 5150052b 
Hero: folds
265735bd: raises $0.07 to $0.12
5150052b: folds
a5263905: folds
d0220365: folds
Uncalled bet ($0.07) returned to 265735bd
*** SHOWDOWN ***
265735bd collected $0.12 from pot
*** SUMMARY ***
Total pot $0.12 | Rake $0 | Jackpot $0 | Bingo $0 | Fortune $0
Seat 2: a5263905 (small blind) folded before Flop
Seat 3: d0220365 (big blind) folded before Flop
Seat 4: Hero folded before Flop (didn't bet)
Seat 5: 265735bd collected ($0.12)
Seat 6: 5150052b (button) folded before Flop (didn't bet)


Poker Hand #HD1155525689: Hold'em No Limit  ($0.02/$0.05) - 2023/03/11 13:46:14
Table 'NLHBlue66' 6-max Seat #5 is the button
Seat 2: a5263905 ($5.57 in chips)
Seat 3: d0220365 ($20.74 in chips)
Seat 4: Hero ($5.19 in chips)
Seat 5: 265735bd ($5 in chips)
Seat 6: 5150052b ($5.02 in chips)
5150052b: posts small blind $0.02
a5263905: posts big blind $0.05
*** HOLE CARDS ***
Dealt to a5263905 
Dealt to d0220365 
Dealt to Hero [7s Ad]
Dealt to 265735bd 
Dealt to 5150052b 
d0220365: folds
Hero: folds
265735bd: folds
5150052b: raises $0.1 to $0.15
a5263905: calls $0.1
*** FLOP *** [4c Ah 3h]
5150052b: bets $0.2
a5263905: folds
Uncalled bet ($0.2) returned to 5150052b
*** SHOWDOWN ***
5150052b collected $0.29 from pot
*** SUMMARY ***
Total pot $0.3 | Rake $0.01 | Jackpot $0 | Bingo $0 | Fortune $0
Board [4c Ah 3h]
Seat 2: a5263905 (big blind) folded on the Flop
Seat 3: d0220365 folded before Flop (didn't bet)
Seat 4: Hero folded before Flop (didn't bet)
Seat 5: 265735bd (button) folded before Flop (didn't bet)
Seat 6: 5150052b (small blind) won ($0.29)


Poker Hand #HD1155525653: Hold'em No Limit  ($0.02/$0.05) - 2023/03/11 13:46:00
Table 'NLHBlue66' 6-max Seat #4 is the button
Seat 2: a5263905 ($5.57 in chips)
Seat 3: d0220365 ($20.67 in chips)
Seat 4: Hero ($5.19 in chips)
Seat 5: 265735bd ($5 in chips)
Seat 6: 5150052b ($5.07 in chips)
265735bd: posts small blind $0.02
5150052b: posts big blind $0.05
*** HOLE CARDS ***
Dealt to a5263905 
Dealt to d0220365 
Dealt to Hero [6h 5d]
Dealt to 265735bd 
Dealt to 5150052b 
a5263905: folds
d0220365: raises $0.1 to $0.15
Hero: folds
265735bd: folds
5150052b: folds
Uncalled bet ($0.1) returned to d0220365
*** SHOWDOWN ***
d0220365 collected $0.12 from pot
*** SUMMARY ***
Total pot $0.12 | Rake $0 | Jackpot $0 | Bingo $0 | Fortune $0
Seat 2: a5263905 folded before Flop (didn't bet)
Seat 3: d0220365 collected ($0.12)
Seat 4: Hero (button) folded before Flop (didn't bet)
Seat 5: 265735bd (small blind) folded before Flop
Seat 6: 5150052b (big blind) folded before Flop


Poker Hand #HD1155455615: Hold'em No Limit  ($0.02/$0.05) - 2023/03/11 13:45:45
Table 'NLHBlue66' 6-max Seat #3 is the button
Seat 2: a5263905 ($5.57 in chips)
Seat 3: d0220365 ($20.67 in chips)
Seat 4: Hero ($5.21 in chips)
Seat 5: 265735bd ($5 in chips)
Seat 6: 5150052b ($5 in chips)
Hero: posts small blind $0.02
265735bd: posts big blind $0.05
*** HOLE CARDS ***
Dealt to a5263905 
Dealt to d0220365 
Dealt to Hero [6s 2h]
Dealt to 265735bd 
Dealt to 5150052b 
5150052b: raises $0.06 to $0.11
a5263905: folds
d0220365: folds
Hero: folds
265735bd: folds
Uncalled bet ($0.06) returned to 5150052b
*** SHOWDOWN ***
5150052b collected $0.12 from pot
*** SUMMARY ***
Total pot $0.12 | Rake $0 | Jackpot $0 | Bingo $0 | Fortune $0
Seat 2: a5263905 folded before Flop (didn't bet)
Seat 3: d0220365 (button) folded before Flop (didn't bet)
Seat 4: Hero (small blind) folded before Flop
Seat 5: 265735bd (big blind) folded before Flop
Seat 6: 5150052b collected ($0.12)


Poker Hand #HD1155455578: Hold'em No Limit  ($0.02/$0.05) - 2023/03/11 13:45:28
Table 'NLHBlue66' 6-max Seat #2 is the button
Seat 2: a5263905 ($5.5 in chips)
Seat 3: d0220365 ($20.69 in chips)
Seat 4: Hero ($5.26 in chips)
Seat 5: 265735bd ($5 in chips)
Seat 6: 5150052b ($5 in chips)
d0220365: posts small blind $0.02
Hero: posts big blind $0.05
*** HOLE CARDS ***
Dealt to a5263905 
Dealt to d0220365 
Dealt to Hero [4c Qs]
Dealt to 265735bd 
Dealt to 5150052b 
265735bd: folds
5150052b: folds
a5263905: raises $0.08 to $0.13
d0220365: folds
Hero: folds
Uncalled bet ($0.08) returned to a5263905
*** SHOWDOWN ***
a5263905 collected $0.12 from pot
*** SUMMARY ***
Total pot $0.12 | Rake $0 | Jackpot $0 | Bingo $0 | Fortune $0
Seat 2: a5263905 (button) collected ($0.12)
Seat 3: d0220365 (small blind) folded before Flop
Seat 4: Hero (big blind) folded before Flop
Seat 5: 265735bd folded before Flop (didn't bet)
Seat 6: 5150052b folded before Flop (didn't bet)


Poker Hand #HD1155455436: Hold'em No Limit  ($0.02/$0.05) - 2023/03/11 13:44:34
Table 'NLHBlue66' 6-max Seat #1 is the button
Seat 1: 4120c074 ($5.14 in chips)
Seat 2: a5263905 ($5.34 in chips)
Seat 3: d0220365 ($20.74 in chips)
Seat 4: Hero ($5.26 in chips)
Seat 5: 265735bd ($5.1 in chips)
Seat 6: 5150052b ($5 in chips)
a5263905: posts small blind $0.02
d0220365: posts big blind $0.05
*** HOLE CARDS ***
Dealt to 4120c074 
Dealt to a5263905 
Dealt to d0220365 
Dealt to Hero [Td 6c]
Dealt to 265735bd 
Dealt to 5150052b 
Hero: folds
265735bd: raises $0.07 to $0.12
5150052b: folds
4120c074: folds
a5263905: calls $0.1
d0220365: folds
*** FLOP *** [2s 9s 7h]
a5263905: checks
265735bd: checks
*** TURN *** [2s 9s 7h] [4d]
a5263905: bets $0.1
265735bd: folds
Uncalled bet ($0.1) returned to a5263905
*** SHOWDOWN ***
a5263905 collected $0.28 from pot
*** SUMMARY ***
Total pot $0.29 | Rake $0.01 | Jackpot $0 | Bingo $0 | Fortune $0
Board [2s 9s 7h 4d]
Seat 1: 4120c074 (button) folded before Flop (didn't bet)
Seat 2: a5263905 (small blind) won ($0.28)
Seat 3: d0220365 (big blind) folded before Flop
Seat 4: Hero folded before Flop (didn't bet)
Seat 5: 265735bd folded on the Turn
Seat 6: 5150052b folded before Flop (didn't bet)


Poker Hand #HD1155455305: Hold'em No Limit  ($0.02/$0.05) - 2023/03/11 13:43:40
Table 'NLHBlue66' 6-max Seat #6 is the button
Seat 1: 4120c074 ($5.16 in chips)
Seat 2: a5263905 ($5.18 in chips)
Seat 3: d0220365 ($20.89 in chips)
Seat 4: Hero ($5.26 in chips)
Seat 5: 265735bd ($5.1 in chips)
Seat 6: 5150052b ($5 in chips)
4120c074: posts small blind $0.02
a5263905: posts big blind $0.05
*** HOLE CARDS ***
Dealt to 4120c074 
Dealt to a5263905 
Dealt to d0220365 
Dealt to Hero [3d 4d]
Dealt to 265735bd 
Dealt to 5150052b 
d0220365: raises $0.1 to $0.15
Hero: folds
265735bd: folds
5150052b: folds
4120c074: folds
a5263905: calls $0.1
*** FLOP *** [Ts 6d 4h]
a5263905: checks
d0220365: checks
*** TURN *** [Ts 6d 4h] [Qh]
a5263905: bets $0.24
d0220365: folds
Uncalled bet ($0.24) returned to a5263905
*** SHOWDOWN ***
a5263905 collected $0.31 from pot
*** SUMMARY ***
Total pot $0.32 | Rake $0.01 | Jackpot $0 | Bingo $0 | Fortune $0
Board [Ts 6d 4h Qh]
Seat 1: 4120c074 (small blind) folded before Flop
Seat 2: a5263905 (big blind) won ($0.31)
Seat 3: d0220365 folded on the Turn
Seat 4: Hero folded before Flop (didn't bet)
Seat 5: 265735bd folded before Flop (didn't bet)
Seat 6: 5150052b (button) folded before Flop (didn't bet)


Poker Hand #HD1155455209: Hold'em No Limit  ($0.02/$0.05) - 2023/03/11 13:42:55
Table 'NLHBlue66' 6-max Seat #5 is the button
Seat 1: 4120c074 ($5.28 in chips)
Seat 2: a5263905 ($5.18 in chips)
Seat 3: d0220365 ($20.89 in chips)
Seat 4: Hero ($5.13 in chips)
Seat 5: 265735bd ($5.1 in chips)
Seat 6: 5150052b ($5 in chips)
5150052b: posts small blind $0.02
4120c074: posts big blind $0.05
*** HOLE CARDS ***
Dealt to 4120c074 
Dealt to a5263905 
Dealt to d0220365 
Dealt to Hero [Qd Ah]
Dealt to 265735bd 
Dealt to 5150052b 
a5263905: folds
d0220365: folds
Hero: raises $0.07 to $0.12
265735bd: folds
5150052b: folds
4120c074: calls $0.07
*** FLOP *** [Jh 7d 3h]
4120c074: checks
Hero: bets $0.14
4120c074: folds
Uncalled bet ($0.14) returned to Hero
*** SHOWDOWN ***
Hero collected $0.25 from pot
*** SUMMARY ***
Total pot $0.26 | Rake $0.01 | Jackpot $0 | Bingo $0 | Fortune $0
Board [Jh 7d 3h]
Seat 1: 4120c074 (big blind) folded on the Flop
Seat 2: a5263905 folded before Flop (didn't bet)
Seat 3: d0220365 folded before Flop (didn't bet)
Seat 4: Hero won ($0.25)
Seat 5: 265735bd (button) folded before Flop (didn't bet)
Seat 6: 5150052b (small blind) folded before Flop


Poker Hand #HD1155455148: Hold'em No Limit  ($0.02/$0.05) - 2023/03/11 13:42:29
Table 'NLHBlue66' 6-max Seat #4 is the button
Seat 1: 4120c074 ($5.28 in chips)
Seat 2: a5263905 ($5.18 in chips)
Seat 3: d0220365 ($20.89 in chips)
Seat 4: Hero ($5.13 in chips)
Seat 5: 265735bd ($5.05 in chips)
Seat 6: 5150052b ($5 in chips)
265735bd: posts small blind $0.02
5150052b: posts big blind $0.05
*** HOLE CARDS ***
Dealt to 4120c074 
Dealt to a5263905 
Dealt to d0220365 
Dealt to Hero [6d 5h]
Dealt to 265735bd 
Dealt to 5150052b 
4120c074: folds
a5263905: folds
d0220365: folds
Hero: folds
265735bd: raises $0.1 to $0.15
5150052b: folds
Uncalled bet ($0.1) returned to 265735bd
*** SHOWDOWN ***
265735bd collected $0.1 from pot
*** SUMMARY ***
Total pot $0.1 | Rake $0 | Jackpot $0 | Bingo $0 | Fortune $0
Seat 1: 4120c074 folded before Flop (didn't bet)
Seat 2: a5263905 folded before Flop (didn't bet)
Seat 3: d0220365 folded before Flop (didn't bet)
Seat 4: Hero (button) folded before Flop (didn't bet)
Seat 5: 265735bd (small blind) collected ($0.1)
Seat 6: 5150052b (big blind) folded before Flop


Poker Hand #HD1155455059: Hold'em No Limit  ($0.02/$0.05) - 2023/03/11 13:41:54
Table 'NLHBlue66' 6-max Seat #3 is the button
Seat 1: 4120c074 ($5.21 in chips)
Seat 2: a5263905 ($5.18 in chips)
Seat 3: d0220365 ($20.89 in chips)
Seat 4: Hero ($5.15 in chips)
Seat 5: 265735bd ($5 in chips)
Seat 6: 5150052b ($5 in chips)
Hero: posts small blind $0.02
265735bd: posts big blind $0.05
*** HOLE CARDS ***
Dealt to 4120c074 
Dealt to a5263905 
Dealt to d0220365 
Dealt to Hero [Qh 2h]
Dealt to 265735bd 
Dealt to 5150052b 
5150052b: folds
4120c074: raises $0.07 to $0.12
a5263905: folds
d0220365: folds
Hero: folds
265735bd: folds
Uncalled bet ($0.07) returned to 4120c074
*** SHOWDOWN ***
4120c074 collected $0.12 from pot
*** SUMMARY ***
Total pot $0.12 | Rake $0 | Jackpot $0 | Bingo $0 | Fortune $0
Seat 1: 4120c074 collected ($0.12)
Seat 2: a5263905 folded before Flop (didn't bet)
Seat 3: d0220365 (button) folded before Flop (didn't bet)
Seat 4: Hero (small blind) folded before Flop
Seat 5: 265735bd (big blind) folded before Flop
Seat 6: 5150052b folded before Flop (didn't bet)


Poker Hand #HD1155454990: Hold'em No Limit  ($0.02/$0.05) - 2023/03/11 13:41:24
Table 'NLHBlue66' 6-max Seat #2 is the button
Seat 1: 4120c074 ($5.21 in chips)
Seat 2: a5263905 ($5.11 in chips)
Seat 3: d0220365 ($20.91 in chips)
Seat 4: Hero ($5.2 in chips)
Seat 5: 265735bd ($5 in chips)
Seat 6: 5150052b ($5 in chips)
d0220365: posts small blind $0.02
Hero: posts big blind $0.05
*** HOLE CARDS ***
Dealt to 4120c074 
Dealt to a5263905 
Dealt to d0220365 
Dealt to Hero [Td 7c]
Dealt to 265735bd 
Dealt to 5150052b 
265735bd: folds
5150052b: folds
4120c074: folds
a5263905: raises $0.08 to $0.13
d0220365: folds
Hero: folds
Uncalled bet ($0.08) returned to a5263905
*** SHOWDOWN ***
a5263905 collected $0.12 from pot
*** SUMMARY ***
Total pot $0.12 | Rake $0 | Jackpot $0 | Bingo $0 | Fortune $0
Seat 1: 4120c074 folded before Flop (didn't bet)
Seat 2: a5263905 (button) collected ($0.12)
Seat 3: d0220365 (small blind) folded before Flop
Seat 4: Hero (big blind) folded before Flop
Seat 5: 265735bd folded before Flop (didn't bet)
Seat 6: 5150052b folded before Flop (didn't bet)


Poker Hand #HD1155454912: Hold'em No Limit  ($0.02/$0.05) - 2023/03/11 13:40:50
Table 'NLHBlue66' 6-max Seat #1 is the button
Seat 1: 4120c074 ($5.21 in chips)
Seat 2: a5263905 ($5.13 in chips)
Seat 3: d0220365 ($20.79 in chips)
Seat 4: Hero ($5.2 in chips)
Seat 5: 265735bd ($5 in chips)
Seat 6: 5150052b ($5 in chips)
a5263905: posts small blind $0.02
d0220365: posts big blind $0.05
*** HOLE CARDS ***
Dealt to 4120c074 
Dealt to a5263905 
Dealt to d0220365 
Dealt to Hero [6h 7s]
Dealt to 265735bd 
Dealt to 5150052b 
Hero: folds
265735bd: folds
5150052b: raises $0.06 to $0.11
4120c074: folds
a5263905: folds
d0220365: raises $0.24 to $0.35
5150052b: folds
Uncalled bet ($0.24) returned to d0220365
*** SHOWDOWN ***
d0220365 collected $0.23 from pot
*** SUMMARY ***
Total pot $0.24 | Rake $0.01 | Jackpot $0 | Bingo $0 | Fortune $0
Seat 1: 4120c074 (button) folded before Flop (didn't bet)
Seat 2: a5263905 (small blind) folded before Flop
Seat 3: d0220365 (big blind) collected ($0.23)
Seat 4: Hero folded before Flop (didn't bet)
Seat 5: 265735bd folded before Flop (didn't bet)
Seat 6: 5150052b folded before Flop


Poker Hand #HD1155454800: Hold'em No Limit  ($0.02/$0.05) - 2023/03/11 13:40:09
Table 'NLHBlue66' 6-max Seat #6 is the button
Seat 1: 4120c074 ($5.23 in chips)
Seat 2: a5263905 ($5 in chips)
Seat 3: d0220365 ($20.79 in chips)
Seat 4: Hero ($5.2 in chips)
Seat 5: 265735bd ($5 in chips)
Seat 6: 5150052b ($5 in chips)
4120c074: posts small blind $0.02
a5263905: posts big blind $0.05
*** HOLE CARDS ***
Dealt to 4120c074 
Dealt to a5263905 
Dealt to d0220365 
Dealt to Hero [Kh 4h]
Dealt to 265735bd 
Dealt to 5150052b 
d0220365: folds
Hero: folds
265735bd: raises $0.07 to $0.12
5150052b: folds
4120c074: folds
a5263905: calls $0.07
*** FLOP *** [8c 7s 4s]
a5263905: checks
265735bd: checks
*** TURN *** [8c 7s 4s] [7d]
a5263905: bets $0.07
265735bd: folds
Uncalled bet ($0.07) returned to a5263905
*** SHOWDOWN ***
a5263905 collected $0.25 from pot
*** SUMMARY ***
Total pot $0.26 | Rake $0.01 | Jackpot $0 | Bingo $0 | Fortune $0
Board [8c 7s 4s 7d]
Seat 1: 4120c074 (small blind) folded before Flop
Seat 2: a5263905 (big blind) won ($0.25)
Seat 3: d0220365 folded before Flop (didn't bet)
Seat 4: Hero folded before Flop (didn't bet)
Seat 5: 265735bd folded on the Turn
Seat 6: 5150052b (button) folded before Flop (didn't bet)


Poker Hand #HD1155454658: Hold'em No Limit  ($0.02/$0.05) - 2023/03/11 13:39:16
Table 'NLHBlue66' 6-max Seat #5 is the button
Seat 1: 4120c074 ($5.35 in chips)
Seat 2: a5263905 ($5 in chips)
Seat 3: d0220365 ($20.79 in chips)
Seat 4: Hero ($5.07 in chips)
Seat 5: 265735bd ($5 in chips)
Seat 6: 5150052b ($5 in chips)
5150052b: posts small blind $0.02
4120c074: posts big blind $0.05
*** HOLE CARDS ***
Dealt to 4120c074 
Dealt to a5263905 
Dealt to d0220365 
Dealt to Hero [Qs 8s]
Dealt to 265735bd 
Dealt to 5150052b 
a5263905: folds
d0220365: folds
Hero: raises $0.07 to $0.12
265735bd: folds
5150052b: folds
4120c074: calls $0.07
*** FLOP *** [6h 8c 2d]
4120c074: checks
Hero: bets $0.13
4120c074: folds
Uncalled bet ($0.13) returned to Hero
*** SHOWDOWN ***
Hero collected $0.25 from pot
*** SUMMARY ***
Total pot $0.26 | Rake $0.01 | Jackpot $0 | Bingo $0 | Fortune $0
Board [6h 8c 2d]
Seat 1: 4120c074 (big blind) folded on the Flop
Seat 2: a5263905 folded before Flop (didn't bet)
Seat 3: d0220365 folded before Flop (didn't bet)
Seat 4: Hero won ($0.25)
Seat 5: 265735bd (button) folded before Flop (didn't bet)
Seat 6: 5150052b (small blind) folded before Flop


Poker Hand #HD1155454611: Hold'em No Limit  ($0.02/$0.05) - 2023/03/11 13:38:55
Table 'NLHBlue66' 6-max Seat #4 is the button
Seat 1: 4120c074 ($5.35 in chips)
Seat 2: a5263905 ($5 in chips)
Seat 3: d0220365 ($20.79 in chips)
Seat 4: Hero ($5 in chips)
Seat 5: 265735bd ($5.02 in chips)
Seat 6: 5150052b ($5 in chips)
265735bd: posts small blind $0.02
5150052b: posts big blind $0.05
*** HOLE CARDS ***
Dealt to 4120c074 
Dealt to a5263905 
Dealt to d0220365 
Dealt to Hero [Ad 6h]
Dealt to 265735bd 
Dealt to 5150052b 
4120c074: folds
a5263905: folds
d0220365: folds
Hero: raises $0.07 to $0.12
265735bd: folds
5150052b: folds
Uncalled bet ($0.07) returned to Hero
*** SHOWDOWN ***
Hero collected $0.12 from pot
*** SUMMARY ***
Total pot $0.12 | Rake $0 | Jackpot $0 | Bingo $0 | Fortune $0
Seat 1: 4120c074 folded before Flop (didn't bet)
Seat 2: a5263905 folded before Flop (didn't bet)
Seat 3: d0220365 folded before Flop (didn't bet)
Seat 4: Hero (button) collected ($0.12)
Seat 5: 265735bd (small blind) folded before Flop
Seat 6: 5150052b (big blind) folded before Flop


Poker Hand #HD1155454589: Hold'em No Limit  ($0.02/$0.05) - 2023/03/11 13:38:41
Table 'NLHBlue66' 6-max Seat #3 is the button
Seat 1: 4120c074 ($5.35 in chips)
Seat 2: a5263905 ($5 in chips)
Seat 3: d0220365 ($20.79 in chips)
Seat 4: Hero ($5.02 in chips)
Seat 5: 265735bd ($5 in chips)
Hero: posts small blind $0.02
265735bd: posts big blind $0.05
*** HOLE CARDS ***
Dealt to 4120c074 
Dealt to a5263905 
Dealt to d0220365 
Dealt to Hero [Js 4h]
Dealt to 265735bd 
4120c074: folds
a5263905: folds
d0220365: folds
Hero: folds
Uncalled bet ($0.03) returned to 265735bd
*** SHOWDOWN ***
265735bd collected $0.04 from pot
*** SUMMARY ***
Total pot $0.04 | Rake $0 | Jackpot $0 | Bingo $0 | Fortune $0
Seat 1: 4120c074 folded before Flop (didn't bet)
Seat 2: a5263905 folded before Flop (didn't bet)
Seat 3: d0220365 (button) folded before Flop (didn't bet)
Seat 4: Hero (small blind) folded before Flop
Seat 5: 265735bd (big blind) collected ($0.04)


Poker Hand #HD1155454561: Hold'em No Limit  ($0.02/$0.05) - 2023/03/11 13:38:31
Table 'NLHBlue66' 6-max Seat #2 is the button
Seat 1: 4120c074 ($5.35 in chips)
Seat 2: a5263905 ($5 in chips)
Seat 3: d0220365 ($20.81 in chips)
Seat 4: Hero ($5 in chips)
d0220365: posts small blind $0.02
Hero: posts big blind $0.05
*** HOLE CARDS ***
Dealt to 4120c074 
Dealt to a5263905 
Dealt to d0220365 
Dealt to Hero [6d Qh]
4120c074: folds
a5263905: folds
d0220365: folds
Uncalled bet ($0.03) returned to Hero
*** SHOWDOWN ***
Hero collected $0.04 from pot
*** SUMMARY ***
Total pot $0.04 | Rake $0 | Jackpot $0 | Bingo $0 | Fortune $0
Seat 1: 4120c074 folded before Flop (didn't bet)
Seat 2: a5263905 (button) folded before Flop (didn't bet)
Seat 3: d0220365 (small blind) folded before Flop
Seat 4: Hero (big blind) collected ($0.04)


Poker Hand #HD1155454394: Hold'em No Limit  ($0.02/$0.05) - 2023/03/11 13:37:20
Table 'NLHBlue66' 6-max Seat #1 is the button
Seat 1: 4120c074 ($5.48 in chips)
Seat 2: a5263905 ($5.02 in chips)
Seat 3: d0220365 ($20.67 in chips)
Seat 4: Hero ($5 in chips)
a5263905: posts small blind $0.02
d0220365: posts big blind $0.05
*** HOLE CARDS ***
Dealt to 4120c074 
Dealt to a5263905 
Dealt to d0220365 
Dealt to Hero [2d 8d]
Hero: folds
4120c074: raises $0.08 to $0.13
a5263905: folds
d0220365: calls $0.08
*** FLOP *** [Qd 3d Jc]
d0220365: checks
4120c074: checks
*** TURN *** [Qd 3d Jc] [6h]
d0220365: checks
4120c074: checks
*** RIVER *** [Qd 3d Jc 6h] [Jh]
d0220365: checks
4120c074: checks
d0220365: shows [5c 5s] (Pair of Jacks and Pair of Fives)
4120c074: shows [8h Ac] (Pair of Jacks)
*** SHOWDOWN ***
d0220365 collected $0.27 from pot
*** SUMMARY ***
Total pot $0.28 | Rake $0.01 | Jackpot $0 | Bingo $0 | Fortune $0
Board [Qd 3d Jc 6h Jh]
Seat 1: 4120c074 (button) showed [8h Ac] and lost with Pair of Jacks
Seat 2: a5263905 (small blind) folded before Flop
Seat 3: d0220365 (big blind) showed [5c 5s] and won ($0.27) with Pair of Jacks and Pair of Fives
Seat 4: Hero folded before Flop (didn't bet)


Poker Hand #HD1155454353: Hold'em No Limit  ($0.02/$0.05) - 2023/03/11 13:37:04
Table 'NLHBlue66' 6-max Seat #4 is the button
Seat 1: 4120c074 ($5.5 in chips)
Seat 2: a5263905 ($5 in chips)
Seat 3: d0220365 ($20.67 in chips)
Seat 4: Hero ($5 in chips)
4120c074: posts small blind $0.02
a5263905: posts big blind $0.05
*** HOLE CARDS ***
Dealt to 4120c074 
Dealt to a5263905 
Dealt to d0220365 
Dealt to Hero [Tc 8h]
d0220365: folds
Hero: folds
4120c074: folds
Uncalled bet ($0.03) returned to a5263905
*** SHOWDOWN ***
a5263905 collected $0.04 from pot
*** SUMMARY ***
Total pot $0.04 | Rake $0 | Jackpot $0 | Bingo $0 | Fortune $0
Seat 1: 4120c074 (small blind) folded before Flop
Seat 2: a5263905 (big blind) collected ($0.04)
Seat 3: d0220365 folded before Flop (didn't bet)
Seat 4: Hero (button) folded before Flop (didn't bet)


Poker Hand #HD1155454313: Hold'em No Limit  ($0.02/$0.05) - 2023/03/11 13:36:49
Table 'NLHBlue66' 6-max Seat #3 is the button
Seat 1: 4120c074 ($5.55 in chips)
Seat 2: a5263905 ($5 in chips)
Seat 3: d0220365 ($20.6 in chips)
Seat 4: Hero ($5 in chips)
Hero: posts small blind $0.02
4120c074: posts big blind $0.05
*** HOLE CARDS ***
Dealt to 4120c074 
Dealt to a5263905 
Dealt to d0220365 
Dealt to Hero [6h 5h]
a5263905: folds
d0220365: raises $0.1 to $0.15
Hero: folds
4120c074: folds
Uncalled bet ($0.1) returned to d0220365
*** SHOWDOWN ***
d0220365 collected $0.12 from pot
*** SUMMARY ***
Total pot $0.12 | Rake $0 | Jackpot $0 | Bingo $0 | Fortune $0
Seat 1: 4120c074 (big blind) folded before Flop
Seat 2: a5263905 folded before Flop (didn't bet)
Seat 3: d0220365 (button) collected ($0.12)
Seat 4: Hero (small blind) folded before Flop


Poker Hand #HD1155454287: Hold'em No Limit  ($0.02/$0.05) - 2023/03/11 13:36:38
Table 'NLHBlue66' 6-max Seat #2 is the button
Seat 1: 4120c074 ($5.55 in chips)
Seat 2: a5263905 ($5 in chips)
Seat 3: d0220365 ($20.55 in chips)
Seat 4: Hero ($5 in chips)
d0220365: posts small blind $0.02
Hero: posts big blind $0.05
*** HOLE CARDS ***
Dealt to 4120c074 
Dealt to a5263905 
Dealt to d0220365 
Dealt to Hero [3h 5s]
4120c074: folds
a5263905: folds
d0220365: raises $0.1 to $0.15
Hero: folds
Uncalled bet ($0.1) returned to d0220365
*** SHOWDOWN ***
d0220365 collected $0.1 from pot
*** SUMMARY ***
Total pot $0.1 | Rake $0 | Jackpot $0 | Bingo $0 | Fortune $0
Seat 1: 4120c074 folded before Flop (didn't bet)
Seat 2: a5263905 (button) folded before Flop (didn't bet)
Seat 3: d0220365 (small blind) collected ($0.1)
Seat 4: Hero (big blind) folded before Flop


