Poker Hand #HD1189820882: Hold'em No Limit  ($0.02/$0.05) - 2023/04/04 22:28:58
Table 'NLHBlue24' 6-max Seat #4 is the button
Seat 1: Hero ($6.67 in chips)
Seat 2: 22093e16 ($7.89 in chips)
Seat 3: e1096fdd ($11.56 in chips)
Seat 4: 53461883 ($4.98 in chips)
Seat 5: e16b4b0e ($4.76 in chips)
Seat 6: f56d7a85 ($5 in chips)
e16b4b0e: posts small blind $0.02
f56d7a85: posts big blind $0.05
*** HOLE CARDS ***
Dealt to Hero [6s 6h]
Dealt to 22093e16 
Dealt to e1096fdd 
Dealt to 53461883 
Dealt to e16b4b0e 
Dealt to f56d7a85 
Hero: raises $0.07 to $0.12
22093e16: folds
e1096fdd: folds
53461883: raises $0.32 to $0.44
e16b4b0e: calls $0.42
f56d7a85: calls $0.39
Hero: calls $0.32
*** FLOP *** [8s Jd 3h]
e16b4b0e: checks
f56d7a85: checks
Hero: checks
53461883: bets $0.8
e16b4b0e: calls $0.8
f56d7a85: folds
Hero: folds
*** TURN *** [8s Jd 3h] [6c]
e16b4b0e: bets $3.36
53461883: raises $0.38 to $3.74 and is all-in
e16b4b0e: calls $0.16 and is all-in
Uncalled bet ($0.22) returned to 53461883
53461883: shows [As Ad] (Pair of Aces)
e16b4b0e: shows [8h 8d] (Three Eights)
e16b4b0e: Chooses to EV Cashout 
*** RIVER *** [8s Jd 3h 6c] [5d]
e16b4b0e: Pays Cashout Risk ($0.55)
Hero: shows [6s 6h] (Three Sixes)
*** SHOWDOWN ***
e16b4b0e collected $9.85 from pot
*** SUMMARY ***
Total pot $10.4 | Rake $0.5 | Jackpot $0.05 | Bingo $0 | Fortune $0
Board [8s Jd 3h 6c 5d]
Seat 1: Hero folded on the Flop
Seat 2: 22093e16 folded before Flop (didn't bet)
Seat 3: e1096fdd folded before Flop (didn't bet)
Seat 4: 53461883 (button) showed [As Ad] and lost with Pair of Aces
Seat 5: e16b4b0e (small blind) showed [8h 8d] and won ($9.85) with Three Eights, Cashout Risk ($0.55)
Seat 6: f56d7a85 (big blind) folded on the Flop


Poker Hand #HD1189820792: Hold'em No Limit  ($0.02/$0.05) - 2023/04/04 22:28:04
Table 'NLHBlue24' 6-max Seat #3 is the button
Seat 1: Hero ($6.67 in chips)
Seat 2: 22093e16 ($7.1 in chips)
Seat 3: e1096fdd ($11.56 in chips)
Seat 4: 53461883 ($5 in chips)
Seat 5: e16b4b0e ($5.67 in chips)
Seat 6: f56d7a85 ($5 in chips)
53461883: posts small blind $0.02
e16b4b0e: posts big blind $0.05
*** HOLE CARDS ***
Dealt to Hero [Ah 6d]
Dealt to 22093e16 
Dealt to e1096fdd 
Dealt to 53461883 
Dealt to e16b4b0e 
Dealt to f56d7a85 
f56d7a85: folds
Hero: folds
22093e16: raises $0.08 to $0.13
e1096fdd: folds
53461883: folds
e16b4b0e: calls $0.08
*** FLOP *** [9d 2c Kh]
e16b4b0e: checks
22093e16: bets $0.1
e16b4b0e: calls $0.1
*** TURN *** [9d 2c Kh] [4s]
e16b4b0e: checks
22093e16: bets $0.68
e16b4b0e: calls $0.68
*** RIVER *** [9d 2c Kh 4s] [Ad]
e16b4b0e: checks
22093e16: bets $1.38
e16b4b0e: folds
Uncalled bet ($1.38) returned to 22093e16
*** SHOWDOWN ***
22093e16 collected $1.7 from pot
*** SUMMARY ***
Total pot $1.84 | Rake $0.09 | Jackpot $0.05 | Bingo $0 | Fortune $0
Board [9d 2c Kh 4s Ad]
Seat 1: Hero folded before Flop (didn't bet)
Seat 2: 22093e16 won ($1.7)
Seat 3: e1096fdd (button) folded before Flop (didn't bet)
Seat 4: 53461883 (small blind) folded before Flop
Seat 5: e16b4b0e (big blind) folded on the River
Seat 6: f56d7a85 folded before Flop (didn't bet)


Poker Hand #HD1189820664: Hold'em No Limit  ($0.02/$0.05) - 2023/04/04 22:26:51
Table 'NLHBlue24' 6-max Seat #2 is the button
Seat 1: Hero ($6.18 in chips)
Seat 2: 22093e16 ($7.1 in chips)
Seat 3: e1096fdd ($12.05 in chips)
Seat 4: 53461883 ($4.55 in chips)
Seat 5: e16b4b0e ($5.67 in chips)
Seat 6: f56d7a85 ($5 in chips)
e1096fdd: posts small blind $0.02
53461883: posts big blind $0.05
*** HOLE CARDS ***
Dealt to Hero [As Kd]
Dealt to 22093e16 
Dealt to e1096fdd 
Dealt to 53461883 
Dealt to e16b4b0e 
Dealt to f56d7a85 
e16b4b0e: folds
f56d7a85: folds
Hero: raises $0.07 to $0.12
22093e16: folds
e1096fdd: raises $0.37 to $0.49
53461883: folds
Hero: calls $0.37
*** FLOP *** [Ac 6h Tc]
e1096fdd: checks
Hero: bets $0.46
e1096fdd: folds
Uncalled bet ($0.46) returned to Hero
*** SHOWDOWN ***
Hero collected $0.98 from pot
*** SUMMARY ***
Total pot $1.03 | Rake $0.05 | Jackpot $0 | Bingo $0 | Fortune $0
Board [Ac 6h Tc]
Seat 1: Hero won ($0.98)
Seat 2: 22093e16 (button) folded before Flop (didn't bet)
Seat 3: e1096fdd (small blind) folded on the Flop
Seat 4: 53461883 (big blind) folded before Flop
Seat 5: e16b4b0e folded before Flop (didn't bet)
Seat 6: f56d7a85 folded before Flop (didn't bet)


Poker Hand #HD1189820496: Hold'em No Limit  ($0.02/$0.05) - 2023/04/04 22:25:22
Table 'NLHBlue24' 6-max Seat #1 is the button
Seat 1: Hero ($5.56 in chips)
Seat 2: 22093e16 ($7.12 in chips)
Seat 3: e1096fdd ($12.1 in chips)
Seat 4: 53461883 ($5 in chips)
Seat 5: e16b4b0e ($5.67 in chips)
Seat 6: f56d7a85 ($5 in chips)
22093e16: posts small blind $0.02
e1096fdd: posts big blind $0.05
*** HOLE CARDS ***
Dealt to Hero [Js Ah]
Dealt to 22093e16 
Dealt to e1096fdd 
Dealt to 53461883 
Dealt to e16b4b0e 
Dealt to f56d7a85 
53461883: raises $0.1 to $0.15
e16b4b0e: folds
f56d7a85: calls $0.15
Hero: calls $0.15
22093e16: folds
e1096fdd: folds
*** FLOP *** [7s 2c Qc]
53461883: checks
f56d7a85: checks
Hero: checks
*** TURN *** [7s 2c Qc] [Ts]
53461883: checks
f56d7a85: checks
Hero: bets $0.3
53461883: calls $0.3
f56d7a85: folds
*** RIVER *** [7s 2c Qc Ts] [8d]
53461883: checks
Hero: bets $0.62
53461883: folds
Uncalled bet ($0.62) returned to Hero
*** SHOWDOWN ***
Hero collected $1.07 from pot
*** SUMMARY ***
Total pot $1.12 | Rake $0.05 | Jackpot $0 | Bingo $0 | Fortune $0
Board [7s 2c Qc Ts 8d]
Seat 1: Hero (button) won ($1.07)
Seat 2: 22093e16 (small blind) folded before Flop
Seat 3: e1096fdd (big blind) folded before Flop
Seat 4: 53461883 folded on the River
Seat 5: e16b4b0e folded before Flop (didn't bet)
Seat 6: f56d7a85 folded on the Turn


Poker Hand #HD1189820445: Hold'em No Limit  ($0.02/$0.05) - 2023/04/04 22:24:57
Table 'NLHBlue24' 6-max Seat #6 is the button
Seat 1: Hero ($5.51 in chips)
Seat 2: 22093e16 ($7.17 in chips)
Seat 3: e1096fdd ($12.1 in chips)
Seat 4: 53461883 ($5 in chips)
Seat 5: e16b4b0e ($5.67 in chips)
Seat 6: f56d7a85 ($5 in chips)
Hero: posts small blind $0.02
22093e16: posts big blind $0.05
*** HOLE CARDS ***
Dealt to Hero [8d 6d]
Dealt to 22093e16 
Dealt to e1096fdd 
Dealt to 53461883 
Dealt to e16b4b0e 
Dealt to f56d7a85 
e1096fdd: folds
53461883: folds
e16b4b0e: folds
f56d7a85: folds
Hero: raises $0.09 to $0.14
22093e16: folds
Uncalled bet ($0.09) returned to Hero
*** SHOWDOWN ***
Hero collected $0.1 from pot
*** SUMMARY ***
Total pot $0.1 | Rake $0 | Jackpot $0 | Bingo $0 | Fortune $0
Seat 1: Hero (small blind) collected ($0.1)
Seat 2: 22093e16 (big blind) folded before Flop
Seat 3: e1096fdd folded before Flop (didn't bet)
Seat 4: 53461883 folded before Flop (didn't bet)
Seat 5: e16b4b0e folded before Flop (didn't bet)
Seat 6: f56d7a85 (button) folded before Flop (didn't bet)


Poker Hand #HD1189820366: Hold'em No Limit  ($0.02/$0.05) - 2023/04/04 22:24:11
Table 'NLHBlue24' 6-max Seat #5 is the button
Seat 1: Hero ($5.25 in chips)
Seat 2: 22093e16 ($7.3 in chips)
Seat 3: e1096fdd ($12.23 in chips)
Seat 4: 53461883 ($4.02 in chips)
Seat 5: e16b4b0e ($5.67 in chips)
Seat 6: f56d7a85 ($5 in chips)
f56d7a85: posts small blind $0.02
Hero: posts big blind $0.05
*** HOLE CARDS ***
Dealt to Hero [Kd Js]
Dealt to 22093e16 
Dealt to e1096fdd 
Dealt to 53461883 
Dealt to e16b4b0e 
Dealt to f56d7a85 
22093e16: raises $0.08 to $0.13
e1096fdd: calls $0.13
53461883: folds
e16b4b0e: folds
f56d7a85: folds
Hero: calls $0.08
*** FLOP *** [Jh Ks 6s]
Hero: checks
22093e16: checks
e1096fdd: checks
*** TURN *** [Jh Ks 6s] [4d]
Hero: bets $0.21
22093e16: folds
e1096fdd: folds
Uncalled bet ($0.21) returned to Hero
*** SHOWDOWN ***
Hero collected $0.39 from pot
*** SUMMARY ***
Total pot $0.41 | Rake $0.02 | Jackpot $0 | Bingo $0 | Fortune $0
Board [Jh Ks 6s 4d]
Seat 1: Hero (big blind) won ($0.39)
Seat 2: 22093e16 folded on the Turn
Seat 3: e1096fdd folded on the Turn
Seat 4: 53461883 folded before Flop (didn't bet)
Seat 5: e16b4b0e (button) folded before Flop (didn't bet)
Seat 6: f56d7a85 (small blind) folded before Flop


Poker Hand #HD1189820203: Hold'em No Limit  ($0.02/$0.05) - 2023/04/04 22:22:34
Table 'NLHBlue24' 6-max Seat #4 is the button
Seat 1: Hero ($5.25 in chips)
Seat 2: 22093e16 ($7.3 in chips)
Seat 3: e1096fdd ($12.23 in chips)
Seat 4: 53461883 ($4.71 in chips)
Seat 5: e16b4b0e ($5 in chips)
Seat 6: f56d7a85 ($5 in chips)
e16b4b0e: posts small blind $0.02
f56d7a85: posts big blind $0.05
*** HOLE CARDS ***
Dealt to Hero [4s 5s]
Dealt to 22093e16 
Dealt to e1096fdd 
Dealt to 53461883 
Dealt to e16b4b0e 
Dealt to f56d7a85 
Hero: folds
22093e16: folds
e1096fdd: folds
53461883: raises $0.1 to $0.15
e16b4b0e: calls $0.13
f56d7a85: folds
*** FLOP *** [Td 8h Tc]
e16b4b0e: checks
53461883: bets $0.22
e16b4b0e: calls $0.22
*** TURN *** [Td 8h Tc] [2h]
e16b4b0e: checks
53461883: bets $0.32
e16b4b0e: raises $1.43 to $1.75
53461883: folds
Uncalled bet ($1.43) returned to e16b4b0e
e16b4b0e: shows [Ts] (Three Tens)
*** SHOWDOWN ***
e16b4b0e collected $1.36 from pot
*** SUMMARY ***
Total pot $1.43 | Rake $0.07 | Jackpot $0 | Bingo $0 | Fortune $0
Board [Td 8h Tc 2h]
Seat 1: Hero folded before Flop (didn't bet)
Seat 2: 22093e16 folded before Flop (didn't bet)
Seat 3: e1096fdd folded before Flop (didn't bet)
Seat 4: 53461883 (button) folded on the Turn
Seat 5: e16b4b0e (small blind) showed [Ts Js] and won ($1.36) with Three Tens
Seat 6: f56d7a85 (big blind) folded before Flop


Poker Hand #HD1189820182: Hold'em No Limit  ($0.02/$0.05) - 2023/04/04 22:22:21
Table 'NLHBlue24' 6-max Seat #3 is the button
Seat 1: Hero ($5.25 in chips)
Seat 2: 22093e16 ($7.3 in chips)
Seat 3: e1096fdd ($12.23 in chips)
Seat 4: 53461883 ($4.73 in chips)
Seat 5: e16b4b0e ($2.36 in chips)
53461883: posts small blind $0.02
e16b4b0e: posts big blind $0.05
*** HOLE CARDS ***
Dealt to Hero [Tc Ks]
Dealt to 22093e16 
Dealt to e1096fdd 
Dealt to 53461883 
Dealt to e16b4b0e 
Hero: folds
22093e16: folds
e1096fdd: folds
53461883: folds
Uncalled bet ($0.03) returned to e16b4b0e
*** SHOWDOWN ***
e16b4b0e collected $0.04 from pot
*** SUMMARY ***
Total pot $0.04 | Rake $0 | Jackpot $0 | Bingo $0 | Fortune $0
Seat 1: Hero folded before Flop (didn't bet)
Seat 2: 22093e16 folded before Flop (didn't bet)
Seat 3: e1096fdd (button) folded before Flop (didn't bet)
Seat 4: 53461883 (small blind) folded before Flop
Seat 5: e16b4b0e (big blind) collected ($0.04)


Poker Hand #HD1189820083: Hold'em No Limit  ($0.02/$0.05) - 2023/04/04 22:21:26
Table 'NLHBlue24' 6-max Seat #2 is the button
Seat 1: Hero ($5.25 in chips)
Seat 2: 22093e16 ($6.59 in chips)
Seat 3: e1096fdd ($12.25 in chips)
Seat 4: 53461883 ($4.78 in chips)
Seat 5: e16b4b0e ($3.12 in chips)
e1096fdd: posts small blind $0.02
53461883: posts big blind $0.05
*** HOLE CARDS ***
Dealt to Hero [Jh 5c]
Dealt to 22093e16 
Dealt to e1096fdd 
Dealt to 53461883 
Dealt to e16b4b0e 
e16b4b0e: calls $0.05
Hero: folds
22093e16: raises $0.15 to $0.2
e1096fdd: folds
53461883: folds
e16b4b0e: calls $0.15
*** FLOP *** [4h 8h 6h]
e16b4b0e: checks
22093e16: checks
*** TURN *** [4h 8h 6h] [Ac]
e16b4b0e: bets $0.24
22093e16: calls $0.24
*** RIVER *** [4h 8h 6h Ac] [Jd]
e16b4b0e: checks
22093e16: bets $0.32
e16b4b0e: calls $0.32
22093e16: shows [Kd Ad] (Pair of Aces)
e16b4b0e: shows [8s Ks] (Pair of Eights)
*** SHOWDOWN ***
22093e16 collected $1.47 from pot
*** SUMMARY ***
Total pot $1.59 | Rake $0.07 | Jackpot $0.05 | Bingo $0 | Fortune $0
Board [4h 8h 6h Ac Jd]
Seat 1: Hero folded before Flop (didn't bet)
Seat 2: 22093e16 (button) showed [Kd Ad] and won ($1.47) with Pair of Aces
Seat 3: e1096fdd (small blind) folded before Flop
Seat 4: 53461883 (big blind) folded before Flop
Seat 5: e16b4b0e showed [8s Ks] and lost with Pair of Eights


Poker Hand #HD1189820009: Hold'em No Limit  ($0.02/$0.05) - 2023/04/04 22:20:42
Table 'NLHBlue24' 6-max Seat #1 is the button
Seat 1: Hero ($5.12 in chips)
Seat 2: 22093e16 ($6.61 in chips)
Seat 3: e1096fdd ($12.37 in chips)
Seat 4: 53461883 ($4.78 in chips)
Seat 5: e16b4b0e ($3.12 in chips)
22093e16: posts small blind $0.02
e1096fdd: posts big blind $0.05
*** HOLE CARDS ***
Dealt to Hero [3h 4h]
Dealt to 22093e16 
Dealt to e1096fdd 
Dealt to 53461883 
Dealt to e16b4b0e 
53461883: folds
e16b4b0e: folds
Hero: raises $0.07 to $0.12
22093e16: folds
e1096fdd: calls $0.07
*** FLOP *** [Jd Qh Js]
e1096fdd: checks
Hero: bets $0.12
e1096fdd: folds
Uncalled bet ($0.12) returned to Hero
*** SHOWDOWN ***
Hero collected $0.25 from pot
*** SUMMARY ***
Total pot $0.26 | Rake $0.01 | Jackpot $0 | Bingo $0 | Fortune $0
Board [Jd Qh Js]
Seat 1: Hero (button) won ($0.25)
Seat 2: 22093e16 (small blind) folded before Flop
Seat 3: e1096fdd (big blind) folded on the Flop
Seat 4: 53461883 folded before Flop (didn't bet)
Seat 5: e16b4b0e folded before Flop (didn't bet)


Poker Hand #HD1189819957: Hold'em No Limit  ($0.02/$0.05) - 2023/04/04 22:20:14
Table 'NLHBlue24' 6-max Seat #5 is the button
Seat 1: Hero ($5.07 in chips)
Seat 2: 22093e16 ($6.66 in chips)
Seat 3: e1096fdd ($12.37 in chips)
Seat 4: 53461883 ($4.78 in chips)
Seat 5: e16b4b0e ($3.12 in chips)
Hero: posts small blind $0.02
22093e16: posts big blind $0.05
*** HOLE CARDS ***
Dealt to Hero [Qh 7h]
Dealt to 22093e16 
Dealt to e1096fdd 
Dealt to 53461883 
Dealt to e16b4b0e 
e1096fdd: folds
53461883: folds
e16b4b0e: folds
Hero: raises $0.09 to $0.14
22093e16: folds
Uncalled bet ($0.09) returned to Hero
*** SHOWDOWN ***
Hero collected $0.1 from pot
*** SUMMARY ***
Total pot $0.1 | Rake $0 | Jackpot $0 | Bingo $0 | Fortune $0
Seat 1: Hero (small blind) collected ($0.1)
Seat 2: 22093e16 (big blind) folded before Flop
Seat 3: e1096fdd folded before Flop (didn't bet)
Seat 4: 53461883 folded before Flop (didn't bet)
Seat 5: e16b4b0e (button) folded before Flop (didn't bet)


Poker Hand #HD1189819888: Hold'em No Limit  ($0.02/$0.05) - 2023/04/04 22:19:30
Table 'NLHBlue24' 6-max Seat #4 is the button
Seat 1: Hero ($5.07 in chips)
Seat 2: 22093e16 ($6.66 in chips)
Seat 3: e1096fdd ($12.37 in chips)
Seat 4: 53461883 ($4.78 in chips)
Seat 5: e16b4b0e ($3.07 in chips)
Seat 6: f56d7a85 ($5 in chips)
e16b4b0e: posts small blind $0.02
f56d7a85: posts big blind $0.05
*** HOLE CARDS ***
Dealt to Hero [Ad 2s]
Dealt to 22093e16 
Dealt to e1096fdd 
Dealt to 53461883 
Dealt to e16b4b0e 
Dealt to f56d7a85 
Hero: folds
22093e16: folds
e1096fdd: folds
53461883: folds
e16b4b0e: calls $0.03
f56d7a85: checks
*** FLOP *** [Qd 3h 2d]
e16b4b0e: checks
f56d7a85: checks
*** TURN *** [Qd 3h 2d] [5c]
e16b4b0e: bets $0.1
f56d7a85: folds
Uncalled bet ($0.1) returned to e16b4b0e
*** SHOWDOWN ***
e16b4b0e collected $0.1 from pot
*** SUMMARY ***
Total pot $0.1 | Rake $0 | Jackpot $0 | Bingo $0 | Fortune $0
Board [Qd 3h 2d 5c]
Seat 1: Hero folded before Flop (didn't bet)
Seat 2: 22093e16 folded before Flop (didn't bet)
Seat 3: e1096fdd folded before Flop (didn't bet)
Seat 4: 53461883 (button) folded before Flop (didn't bet)
Seat 5: e16b4b0e (small blind) won ($0.1)
Seat 6: f56d7a85 (big blind) folded on the Turn


Poker Hand #HD1189819864: Hold'em No Limit  ($0.02/$0.05) - 2023/04/04 22:19:18
Table 'NLHBlue24' 6-max Seat #3 is the button
Seat 1: Hero ($5.07 in chips)
Seat 2: 22093e16 ($6.66 in chips)
Seat 3: e1096fdd ($12.37 in chips)
Seat 4: 53461883 ($4.8 in chips)
Seat 5: e16b4b0e ($3.05 in chips)
53461883: posts small blind $0.02
e16b4b0e: posts big blind $0.05
*** HOLE CARDS ***
Dealt to Hero [Jd Th]
Dealt to 22093e16 
Dealt to e1096fdd 
Dealt to 53461883 
Dealt to e16b4b0e 
Hero: folds
22093e16: folds
e1096fdd: folds
53461883: folds
Uncalled bet ($0.03) returned to e16b4b0e
*** SHOWDOWN ***
e16b4b0e collected $0.04 from pot
*** SUMMARY ***
Total pot $0.04 | Rake $0 | Jackpot $0 | Bingo $0 | Fortune $0
Seat 1: Hero folded before Flop (didn't bet)
Seat 2: 22093e16 folded before Flop (didn't bet)
Seat 3: e1096fdd (button) folded before Flop (didn't bet)
Seat 4: 53461883 (small blind) folded before Flop
Seat 5: e16b4b0e (big blind) collected ($0.04)


Poker Hand #HD1189819837: Hold'em No Limit  ($0.02/$0.05) - 2023/04/04 22:19:03
Table 'NLHBlue24' 6-max Seat #2 is the button
Seat 1: Hero ($5.07 in chips)
Seat 2: 22093e16 ($6.66 in chips)
Seat 3: e1096fdd ($12.39 in chips)
Seat 4: 53461883 ($4.78 in chips)
Seat 5: e16b4b0e ($3.05 in chips)
e1096fdd: posts small blind $0.02
53461883: posts big blind $0.05
*** HOLE CARDS ***
Dealt to Hero [9c Ts]
Dealt to 22093e16 
Dealt to e1096fdd 
Dealt to 53461883 
Dealt to e16b4b0e 
e16b4b0e: folds
Hero: folds
22093e16: folds
e1096fdd: folds
Uncalled bet ($0.03) returned to 53461883
*** SHOWDOWN ***
53461883 collected $0.04 from pot
*** SUMMARY ***
Total pot $0.04 | Rake $0 | Jackpot $0 | Bingo $0 | Fortune $0
Seat 1: Hero folded before Flop (didn't bet)
Seat 2: 22093e16 (button) folded before Flop (didn't bet)
Seat 3: e1096fdd (small blind) folded before Flop
Seat 4: 53461883 (big blind) collected ($0.04)
Seat 5: e16b4b0e folded before Flop (didn't bet)


Poker Hand #HD1189819788: Hold'em No Limit  ($0.02/$0.05) - 2023/04/04 22:18:37
Table 'NLHBlue24' 6-max Seat #1 is the button
Seat 1: Hero ($5 in chips)
Seat 2: 22093e16 ($6.68 in chips)
Seat 3: e1096fdd ($12.44 in chips)
Seat 4: 53461883 ($4.78 in chips)
Seat 5: e16b4b0e ($3.05 in chips)
22093e16: posts small blind $0.02
e1096fdd: posts big blind $0.05
*** HOLE CARDS ***
Dealt to Hero [9c Th]
Dealt to 22093e16 
Dealt to e1096fdd 
Dealt to 53461883 
Dealt to e16b4b0e 
53461883: folds
e16b4b0e: folds
Hero: raises $0.07 to $0.12
22093e16: folds
e1096fdd: folds
Uncalled bet ($0.07) returned to Hero
*** SHOWDOWN ***
Hero collected $0.12 from pot
*** SUMMARY ***
Total pot $0.12 | Rake $0 | Jackpot $0 | Bingo $0 | Fortune $0
Seat 1: Hero (button) collected ($0.12)
Seat 2: 22093e16 (small blind) folded before Flop
Seat 3: e1096fdd (big blind) folded before Flop
Seat 4: 53461883 folded before Flop (didn't bet)
Seat 5: e16b4b0e folded before Flop (didn't bet)


Poker Hand #HD1189819735: Hold'em No Limit  ($0.02/$0.05) - 2023/04/04 22:18:04
Table 'NLHBlue24' 6-max Seat #5 is the button
Seat 1: Hero ($5 in chips)
Seat 2: 22093e16 ($6.48 in chips)
Seat 3: e1096fdd ($12.44 in chips)
Seat 4: 53461883 ($4.78 in chips)
Seat 5: e16b4b0e ($3.25 in chips)
Hero: posts small blind $0.02
22093e16: posts big blind $0.05
*** HOLE CARDS ***
Dealt to Hero [7s Tc]
Dealt to 22093e16 
Dealt to e1096fdd 
Dealt to 53461883 
Dealt to e16b4b0e 
e1096fdd: folds
53461883: folds
e16b4b0e: calls $0.05
Hero: folds
22093e16: raises $0.15 to $0.2
e16b4b0e: calls $0.15
*** FLOP *** [4s 2s 2d]
22093e16: checks
e16b4b0e: checks
*** TURN *** [4s 2s 2d] [3d]
22093e16: bets $0.21
e16b4b0e: folds
Uncalled bet ($0.21) returned to 22093e16
*** SHOWDOWN ***
22093e16 collected $0.4 from pot
*** SUMMARY ***
Total pot $0.42 | Rake $0.02 | Jackpot $0 | Bingo $0 | Fortune $0
Board [4s 2s 2d 3d]
Seat 1: Hero (small blind) folded before Flop
Seat 2: 22093e16 (big blind) won ($0.4)
Seat 3: e1096fdd folded before Flop (didn't bet)
Seat 4: 53461883 folded before Flop (didn't bet)
Seat 5: e16b4b0e (button) folded on the Turn


Poker Hand #HD1189819654: Hold'em No Limit  ($0.02/$0.05) - 2023/04/04 22:17:21
Table 'NLHBlue24' 6-max Seat #4 is the button
Seat 1: Hero ($5.12 in chips)
Seat 2: 22093e16 ($6.48 in chips)
Seat 3: e1096fdd ($12.44 in chips)
Seat 4: 53461883 ($4.78 in chips)
Seat 5: e16b4b0e ($3.02 in chips)
e16b4b0e: posts small blind $0.02
Hero: posts big blind $0.05
*** HOLE CARDS ***
Dealt to Hero [4c Qh]
Dealt to 22093e16 
Dealt to e1096fdd 
Dealt to 53461883 
Dealt to e16b4b0e 
22093e16: folds
e1096fdd: folds
53461883: folds
e16b4b0e: calls $0.03
Hero: checks
*** FLOP *** [Qc 7s 3h]
e16b4b0e: bets $0.1
Hero: calls $0.1
*** TURN *** [Qc 7s 3h] [3s]
e16b4b0e: checks
Hero: bets $0.1
e16b4b0e: calls $0.1
*** RIVER *** [Qc 7s 3h 3s] [2h]
e16b4b0e: bets $2.77 and is all-in
Hero: folds
Uncalled bet ($2.77) returned to e16b4b0e
*** SHOWDOWN ***
e16b4b0e collected $0.48 from pot
*** SUMMARY ***
Total pot $0.5 | Rake $0.02 | Jackpot $0 | Bingo $0 | Fortune $0
Board [Qc 7s 3h 3s 2h]
Seat 1: Hero (big blind) folded on the River
Seat 2: 22093e16 folded before Flop (didn't bet)
Seat 3: e1096fdd folded before Flop (didn't bet)
Seat 4: 53461883 (button) folded before Flop (didn't bet)
Seat 5: e16b4b0e (small blind) won ($0.48)


Poker Hand #HD1189819608: Hold'em No Limit  ($0.02/$0.05) - 2023/04/04 22:16:55
Table 'NLHBlue24' 6-max Seat #3 is the button
Seat 1: Hero ($5.12 in chips)
Seat 2: 22093e16 ($6.48 in chips)
Seat 3: e1096fdd ($12.44 in chips)
Seat 4: 53461883 ($4.8 in chips)
Seat 5: e16b4b0e ($3 in chips)
Seat 6: 28915b0a ($5.38 in chips)
53461883: posts small blind $0.02
e16b4b0e: posts big blind $0.05
*** HOLE CARDS ***
Dealt to Hero [Th 7s]
Dealt to 22093e16 
Dealt to e1096fdd 
Dealt to 53461883 
Dealt to e16b4b0e 
Dealt to 28915b0a 
28915b0a: folds
Hero: folds
22093e16: folds
e1096fdd: folds
53461883: folds
Uncalled bet ($0.03) returned to e16b4b0e
*** SHOWDOWN ***
e16b4b0e collected $0.04 from pot
*** SUMMARY ***
Total pot $0.04 | Rake $0 | Jackpot $0 | Bingo $0 | Fortune $0
Seat 1: Hero folded before Flop (didn't bet)
Seat 2: 22093e16 folded before Flop (didn't bet)
Seat 3: e1096fdd (button) folded before Flop (didn't bet)
Seat 4: 53461883 (small blind) folded before Flop
Seat 5: e16b4b0e (big blind) collected ($0.04)
Seat 6: 28915b0a folded before Flop (didn't bet)


Poker Hand #HD1189819446: Hold'em No Limit  ($0.02/$0.05) - 2023/04/04 22:15:28
Table 'NLHBlue24' 6-max Seat #2 is the button
Seat 1: Hero ($5.12 in chips)
Seat 2: 22093e16 ($6.48 in chips)
Seat 3: e1096fdd ($12.46 in chips)
Seat 4: 53461883 ($4.93 in chips)
Seat 6: 28915b0a ($5.24 in chips)
e1096fdd: posts small blind $0.02
53461883: posts big blind $0.05
*** HOLE CARDS ***
Dealt to Hero [Td 3c]
Dealt to 22093e16 
Dealt to e1096fdd 
Dealt to 53461883 
Dealt to 28915b0a 
28915b0a: raises $0.08 to $0.13
Hero: folds
22093e16: folds
e1096fdd: folds
53461883: calls $0.08
*** FLOP *** [6s Jh 9s]
53461883: checks
28915b0a: checks
*** TURN *** [6s Jh 9s] [4c]
53461883: checks
28915b0a: checks
*** RIVER *** [6s Jh 9s 4c] [3h]
53461883: checks
28915b0a: checks
53461883: shows [Ts As] (Ace-High)
28915b0a: shows [Qc Ad] (Ace-High)
*** SHOWDOWN ***
28915b0a collected $0.27 from pot
*** SUMMARY ***
Total pot $0.28 | Rake $0.01 | Jackpot $0 | Bingo $0 | Fortune $0
Board [6s Jh 9s 4c 3h]
Seat 1: Hero folded before Flop (didn't bet)
Seat 2: 22093e16 (button) folded before Flop (didn't bet)
Seat 3: e1096fdd (small blind) folded before Flop
Seat 4: 53461883 (big blind) showed [Ts As] and lost with Ace-High
Seat 6: 28915b0a showed [Qc Ad] and won ($0.27) with Ace-High


Poker Hand #HD1189819398: Hold'em No Limit  ($0.02/$0.05) - 2023/04/04 22:15:03
Table 'NLHBlue24' 6-max Seat #1 is the button
Seat 1: Hero ($5.12 in chips)
Seat 2: 22093e16 ($6.5 in chips)
Seat 3: e1096fdd ($12.51 in chips)
Seat 4: 53461883 ($4.93 in chips)
Seat 5: a0ba5899 ($2.12 in chips)
Seat 6: 28915b0a ($5.17 in chips)
22093e16: posts small blind $0.02
e1096fdd: posts big blind $0.05
*** HOLE CARDS ***
Dealt to Hero [2s Ad]
Dealt to 22093e16 
Dealt to e1096fdd 
Dealt to 53461883 
Dealt to a0ba5899 
Dealt to 28915b0a 
53461883: folds
a0ba5899: folds
28915b0a: raises $0.08 to $0.13
Hero: folds
22093e16: folds
e1096fdd: folds
Uncalled bet ($0.08) returned to 28915b0a
*** SHOWDOWN ***
28915b0a collected $0.12 from pot
*** SUMMARY ***
Total pot $0.12 | Rake $0 | Jackpot $0 | Bingo $0 | Fortune $0
Seat 1: Hero (button) folded before Flop (didn't bet)
Seat 2: 22093e16 (small blind) folded before Flop
Seat 3: e1096fdd (big blind) folded before Flop
Seat 4: 53461883 folded before Flop (didn't bet)
Seat 5: a0ba5899 folded before Flop (didn't bet)
Seat 6: 28915b0a collected ($0.12)


Poker Hand #HD1189819248: Hold'em No Limit  ($0.02/$0.05) - 2023/04/04 22:13:38
Table 'NLHBlue24' 6-max Seat #6 is the button
Seat 1: Hero ($5.14 in chips)
Seat 2: 22093e16 ($6.55 in chips)
Seat 3: e1096fdd ($12.51 in chips)
Seat 4: 53461883 ($4.93 in chips)
Seat 5: a0ba5899 ($2.05 in chips)
Seat 6: 28915b0a ($5.17 in chips)
Hero: posts small blind $0.02
22093e16: posts big blind $0.05
a0ba5899: posts missed blind $0.02
*** HOLE CARDS ***
Dealt to Hero [8h 5d]
Dealt to 22093e16 
Dealt to e1096fdd 
Dealt to 53461883 
Dealt to a0ba5899 
Dealt to 28915b0a 
e1096fdd: folds
53461883: folds
a0ba5899: calls $0.05
28915b0a: folds
Hero: folds
22093e16: checks
*** FLOP *** [9c 2c Jd]
22093e16: checks
a0ba5899: checks
*** TURN *** [9c 2c Jd] [Kc]
22093e16: checks
a0ba5899: checks
*** RIVER *** [9c 2c Jd Kc] [4h]
22093e16: checks
a0ba5899: bets $1.44
22093e16: folds
Uncalled bet ($1.44) returned to a0ba5899
*** SHOWDOWN ***
a0ba5899 collected $0.14 from pot
*** SUMMARY ***
Total pot $0.14 | Rake $0 | Jackpot $0 | Bingo $0 | Fortune $0
Board [9c 2c Jd Kc 4h]
Seat 1: Hero (small blind) folded before Flop
Seat 2: 22093e16 (big blind) folded on the River
Seat 3: e1096fdd folded before Flop (didn't bet)
Seat 4: 53461883 folded before Flop (didn't bet)
Seat 5: a0ba5899 won ($0.14)
Seat 6: 28915b0a (button) folded before Flop (didn't bet)


Poker Hand #HD1189819216: Hold'em No Limit  ($0.02/$0.05) - 2023/04/04 22:13:21
Table 'NLHBlue24' 6-max Seat #4 is the button
Seat 1: Hero ($5.12 in chips)
Seat 2: 22093e16 ($6.55 in chips)
Seat 3: e1096fdd ($12.51 in chips)
Seat 4: 53461883 ($4.93 in chips)
Seat 6: 28915b0a ($5.19 in chips)
28915b0a: posts small blind $0.02
Hero: posts big blind $0.05
*** HOLE CARDS ***
Dealt to Hero [6h 4s]
Dealt to 22093e16 
Dealt to e1096fdd 
Dealt to 53461883 
Dealt to 28915b0a 
22093e16: folds
e1096fdd: folds
53461883: folds
28915b0a: folds
Uncalled bet ($0.03) returned to Hero
*** SHOWDOWN ***
Hero collected $0.04 from pot
*** SUMMARY ***
Total pot $0.04 | Rake $0 | Jackpot $0 | Bingo $0 | Fortune $0
Seat 1: Hero (big blind) collected ($0.04)
Seat 2: 22093e16 folded before Flop (didn't bet)
Seat 3: e1096fdd folded before Flop (didn't bet)
Seat 4: 53461883 (button) folded before Flop (didn't bet)
Seat 6: 28915b0a (small blind) folded before Flop


Poker Hand #HD1189819063: Hold'em No Limit  ($0.02/$0.05) - 2023/04/04 22:11:54
Table 'NLHBlue24' 6-max Seat #3 is the button
Seat 1: Hero ($5.97 in chips)
Seat 2: 22093e16 ($5 in chips)
Seat 3: e1096fdd ($12.51 in chips)
Seat 4: 53461883 ($4.95 in chips)
Seat 5: a0ba5899 ($0.85 in chips)
Seat 6: 28915b0a ($5.19 in chips)
53461883: posts small blind $0.02
a0ba5899: posts big blind $0.05
*** HOLE CARDS ***
Dealt to Hero [Ad Kd]
Dealt to 22093e16 
Dealt to e1096fdd 
Dealt to 53461883 
Dealt to a0ba5899 
Dealt to 28915b0a 
28915b0a: folds
Hero: raises $0.07 to $0.12
22093e16: calls $0.12
e1096fdd: folds
53461883: folds
a0ba5899: calls $0.07
*** FLOP *** [9d 8d 7h]
a0ba5899: checks
Hero: bets $0.19
22093e16: calls $0.19
a0ba5899: raises $0.54 to $0.73 and is all-in
Hero: calls $0.54
22093e16: calls $0.54
*** TURN *** [9d 8d 7h] [4h]
Hero: checks
22093e16: checks
*** RIVER *** [9d 8d 7h 4h] [Jc]
Hero: checks
22093e16: bets $1.29
Hero: folds
Uncalled bet ($1.29) returned to 22093e16
22093e16: shows [As Ts] (Jacks-High Straight)
a0ba5899: shows [8h 6s] (Pair of Eights)
*** SHOWDOWN ***
22093e16 collected $2.4 from pot
*** SUMMARY ***
Total pot $2.57 | Rake $0.12 | Jackpot $0.05 | Bingo $0 | Fortune $0
Board [9d 8d 7h 4h Jc]
Seat 1: Hero folded on the River
Seat 2: 22093e16 showed [As Ts] and won ($2.4) with Jacks-High Straight
Seat 3: e1096fdd (button) folded before Flop (didn't bet)
Seat 4: 53461883 (small blind) folded before Flop
Seat 5: a0ba5899 (big blind) showed [8h 6s] and lost with Pair of Eights
Seat 6: 28915b0a folded before Flop (didn't bet)


Poker Hand #HD1189818938: Hold'em No Limit  ($0.02/$0.05) - 2023/04/04 22:10:44
Table 'NLHBlue24' 6-max Seat #2 is the button
Seat 1: Hero ($5.97 in chips)
Seat 2: 22093e16 ($5 in chips)
Seat 3: e1096fdd ($12.53 in chips)
Seat 4: 53461883 ($5 in chips)
Seat 5: a0ba5899 ($0.64 in chips)
Seat 6: 28915b0a ($5.19 in chips)
e1096fdd: posts small blind $0.02
53461883: posts big blind $0.05
*** HOLE CARDS ***
Dealt to Hero [3h 9c]
Dealt to 22093e16 
Dealt to e1096fdd 
Dealt to 53461883 
Dealt to a0ba5899 
Dealt to 28915b0a 
a0ba5899: calls $0.05
28915b0a: folds
Hero: folds
22093e16: raises $0.1 to $0.15
e1096fdd: folds
53461883: folds
a0ba5899: calls $0.1
*** FLOP *** [Kc 6d 6s]
a0ba5899: checks
22093e16: checks
*** TURN *** [Kc 6d 6s] [7c]
a0ba5899: checks
22093e16: checks
*** RIVER *** [Kc 6d 6s 7c] [Jd]
a0ba5899: checks
22093e16: checks
a0ba5899: shows [Th Tc] (Pair of Tens and Pair of Sixes)
22093e16: shows [Td Ac] (Pair of Sixes)
*** SHOWDOWN ***
a0ba5899 collected $0.36 from pot
*** SUMMARY ***
Total pot $0.37 | Rake $0.01 | Jackpot $0 | Bingo $0 | Fortune $0
Board [Kc 6d 6s 7c Jd]
Seat 1: Hero folded before Flop (didn't bet)
Seat 2: 22093e16 (button) showed [Td Ac] and lost with Pair of Sixes
Seat 3: e1096fdd (small blind) folded before Flop
Seat 4: 53461883 (big blind) folded before Flop
Seat 5: a0ba5899 showed [Th Tc] and won ($0.36) with Pair of Tens and Pair of Sixes
Seat 6: 28915b0a folded before Flop (didn't bet)


Poker Hand #HD1189818868: Hold'em No Limit  ($0.02/$0.05) - 2023/04/04 22:10:10
Table 'NLHBlue24' 6-max Seat #1 is the button
Seat 1: Hero ($5.97 in chips)
Seat 2: 22093e16 ($5.02 in chips)
Seat 3: e1096fdd ($12.33 in chips)
Seat 5: a0ba5899 ($0.84 in chips)
Seat 6: 28915b0a ($5.19 in chips)
22093e16: posts small blind $0.02
e1096fdd: posts big blind $0.05
*** HOLE CARDS ***
Dealt to Hero [8s Kd]
Dealt to 22093e16 
Dealt to e1096fdd 
Dealt to a0ba5899 
Dealt to 28915b0a 
a0ba5899: calls $0.05
28915b0a: folds
Hero: folds
22093e16: folds
e1096fdd: raises $0.15 to $0.2
a0ba5899: calls $0.15
*** FLOP *** [4c 6c Ts]
e1096fdd: bets $0.24
a0ba5899: folds
Uncalled bet ($0.24) returned to e1096fdd
*** SHOWDOWN ***
e1096fdd collected $0.4 from pot
*** SUMMARY ***
Total pot $0.42 | Rake $0.02 | Jackpot $0 | Bingo $0 | Fortune $0
Board [4c 6c Ts]
Seat 1: Hero (button) folded before Flop (didn't bet)
Seat 2: 22093e16 (small blind) folded before Flop
Seat 3: e1096fdd (big blind) won ($0.4)
Seat 5: a0ba5899 folded on the Flop
Seat 6: 28915b0a folded before Flop (didn't bet)


Poker Hand #HD1189818768: Hold'em No Limit  ($0.02/$0.05) - 2023/04/04 22:09:13
Table 'NLHBlue24' 6-max Seat #6 is the button
Seat 1: Hero ($5 in chips)
Seat 2: 22093e16 ($5.07 in chips)
Seat 3: e1096fdd ($12.33 in chips)
Seat 4: 900b0c3c ($7.7 in chips)
Seat 5: a0ba5899 ($1.91 in chips)
Seat 6: 28915b0a ($5.19 in chips)
Hero: posts small blind $0.02
22093e16: posts big blind $0.05
*** HOLE CARDS ***
Dealt to Hero [Qc Qs]
Dealt to 22093e16 
Dealt to e1096fdd 
Dealt to 900b0c3c 
Dealt to a0ba5899 
Dealt to 28915b0a 
e1096fdd: folds
900b0c3c: folds
a0ba5899: calls $0.05
28915b0a: folds
Hero: raises $0.25 to $0.3
22093e16: folds
a0ba5899: calls $0.25
*** FLOP *** [Kd 9d Th]
Hero: bets $0.33
a0ba5899: calls $0.33
*** TURN *** [Kd 9d Th] [5s]
Hero: checks
a0ba5899: checks
*** RIVER *** [Kd 9d Th 5s] [3s]
Hero: checks
a0ba5899: bets $0.44
Hero: calls $0.44
a0ba5899: shows [8h 8d] (Pair of Eights)
Hero: shows [Qc Qs] (Pair of Queens)
*** SHOWDOWN ***
Hero collected $2.04 from pot
*** SUMMARY ***
Total pot $2.19 | Rake $0.1 | Jackpot $0.05 | Bingo $0 | Fortune $0
Board [Kd 9d Th 5s 3s]
Seat 1: Hero (small blind) showed [Qc Qs] and won ($2.04) with Pair of Queens
Seat 2: 22093e16 (big blind) folded before Flop
Seat 3: e1096fdd folded before Flop (didn't bet)
Seat 4: 900b0c3c folded before Flop (didn't bet)
Seat 5: a0ba5899 showed [8h 8d] and lost with Pair of Eights
Seat 6: 28915b0a (button) folded before Flop (didn't bet)


Poker Hand #HD1189818662: Hold'em No Limit  ($0.02/$0.05) - 2023/04/04 22:08:18
Table 'NLHBlue24' 6-max Seat #5 is the button
Seat 1: Hero ($5.07 in chips)
Seat 2: 22093e16 ($5.07 in chips)
Seat 3: e1096fdd ($12.33 in chips)
Seat 4: 900b0c3c ($7.4 in chips)
Seat 5: a0ba5899 ($2.06 in chips)
Seat 6: 28915b0a ($5.21 in chips)
28915b0a: posts small blind $0.02
Hero: posts big blind $0.05
*** HOLE CARDS ***
Dealt to Hero [3d 3s]
Dealt to 22093e16 
Dealt to e1096fdd 
Dealt to 900b0c3c 
Dealt to a0ba5899 
Dealt to 28915b0a 
22093e16: folds
e1096fdd: folds
900b0c3c: raises $0.1 to $0.15
a0ba5899: calls $0.15
28915b0a: folds
Hero: calls $0.1
*** FLOP *** [6h Qs 6d]
Hero: checks
900b0c3c: bets $0.36
a0ba5899: folds
Hero: folds
Uncalled bet ($0.36) returned to 900b0c3c
*** SHOWDOWN ***
900b0c3c collected $0.45 from pot
*** SUMMARY ***
Total pot $0.47 | Rake $0.02 | Jackpot $0 | Bingo $0 | Fortune $0
Board [6h Qs 6d]
Seat 1: Hero (big blind) folded on the Flop
Seat 2: 22093e16 folded before Flop (didn't bet)
Seat 3: e1096fdd folded before Flop (didn't bet)
Seat 4: 900b0c3c won ($0.45)
Seat 5: a0ba5899 (button) folded on the Flop
Seat 6: 28915b0a (small blind) folded before Flop


Poker Hand #HD1189818598: Hold'em No Limit  ($0.02/$0.05) - 2023/04/04 22:07:39
Table 'NLHBlue24' 6-max Seat #4 is the button
Seat 1: Hero ($5.07 in chips)
Seat 2: 22093e16 ($5.07 in chips)
Seat 3: e1096fdd ($12.33 in chips)
Seat 4: 900b0c3c ($7.4 in chips)
Seat 5: a0ba5899 ($2.01 in chips)
Seat 6: 28915b0a ($5.26 in chips)
a0ba5899: posts small blind $0.02
28915b0a: posts big blind $0.05
*** HOLE CARDS ***
Dealt to Hero [Ad 2h]
Dealt to 22093e16 
Dealt to e1096fdd 
Dealt to 900b0c3c 
Dealt to a0ba5899 
Dealt to 28915b0a 
Hero: folds
22093e16: folds
e1096fdd: folds
900b0c3c: folds
a0ba5899: calls $0.03
28915b0a: checks
*** FLOP *** [6d Jc 3c]
a0ba5899: checks
28915b0a: checks
*** TURN *** [6d Jc 3c] [Kc]
a0ba5899: checks
28915b0a: checks
*** RIVER *** [6d Jc 3c Kc] [Th]
a0ba5899: bets $0.05
28915b0a: folds
Uncalled bet ($0.05) returned to a0ba5899
*** SHOWDOWN ***
a0ba5899 collected $0.1 from pot
*** SUMMARY ***
Total pot $0.1 | Rake $0 | Jackpot $0 | Bingo $0 | Fortune $0
Board [6d Jc 3c Kc Th]
Seat 1: Hero folded before Flop (didn't bet)
Seat 2: 22093e16 folded before Flop (didn't bet)
Seat 3: e1096fdd folded before Flop (didn't bet)
Seat 4: 900b0c3c (button) folded before Flop (didn't bet)
Seat 5: a0ba5899 (small blind) won ($0.1)
Seat 6: 28915b0a (big blind) folded on the River


Poker Hand #HD1189818463: Hold'em No Limit  ($0.02/$0.05) - 2023/04/04 22:06:35
Table 'NLHBlue24' 6-max Seat #3 is the button
Seat 1: Hero ($5.07 in chips)
Seat 2: 22093e16 ($6.14 in chips)
Seat 3: e1096fdd ($12.33 in chips)
Seat 4: 900b0c3c ($7.42 in chips)
Seat 5: a0ba5899 ($1.07 in chips)
Seat 6: 28915b0a ($5.26 in chips)
900b0c3c: posts small blind $0.02
a0ba5899: posts big blind $0.05
*** HOLE CARDS ***
Dealt to Hero [4h Ac]
Dealt to 22093e16 
Dealt to e1096fdd 
Dealt to 900b0c3c 
Dealt to a0ba5899 
Dealt to 28915b0a 
28915b0a: folds
Hero: folds
22093e16: raises $0.08 to $0.13
e1096fdd: folds
900b0c3c: folds
a0ba5899: raises $0.14 to $0.27
22093e16: raises $0.79 to $1.06
a0ba5899: raises $0.01 to $1.07 and is all-in
22093e16: calls $0.01
a0ba5899: shows [9s Kc]
22093e16: shows [8h 8d]
*** FLOP *** [2s Jd Qc]
*** TURN *** [2s Jd Qc] [9h]
*** RIVER *** [2s Jd Qc 9h] [Qh]
*** SHOWDOWN ***
a0ba5899 collected $2.01 from pot
*** SUMMARY ***
Total pot $2.16 | Rake $0.1 | Jackpot $0.05 | Bingo $0 | Fortune $0
Board [2s Jd Qc 9h Qh]
Seat 1: Hero folded before Flop (didn't bet)
Seat 2: 22093e16 showed [8h 8d] and lost with Pair of Queens and Pair of Eights
Seat 3: e1096fdd (button) folded before Flop (didn't bet)
Seat 4: 900b0c3c (small blind) folded before Flop
Seat 5: a0ba5899 (big blind) showed [9s Kc] and won ($2.01) with Pair of Queens and Pair of Nines
Seat 6: 28915b0a folded before Flop (didn't bet)


Poker Hand #HD1189818390: Hold'em No Limit  ($0.02/$0.05) - 2023/04/04 22:06:00
Table 'NLHBlue24' 6-max Seat #2 is the button
Seat 1: Hero ($5.07 in chips)
Seat 2: 22093e16 ($6.14 in chips)
Seat 3: e1096fdd ($12.35 in chips)
Seat 4: 900b0c3c ($7.47 in chips)
Seat 5: a0ba5899 ($1 in chips)
Seat 6: 28915b0a ($5.26 in chips)
e1096fdd: posts small blind $0.02
900b0c3c: posts big blind $0.05
*** HOLE CARDS ***
Dealt to Hero [Ts 2d]
Dealt to 22093e16 
Dealt to e1096fdd 
Dealt to 900b0c3c 
Dealt to a0ba5899 
Dealt to 28915b0a 
a0ba5899: calls $0.05
28915b0a: folds
Hero: folds
22093e16: folds
e1096fdd: folds
900b0c3c: checks
*** FLOP *** [Tc 7c Kh]
900b0c3c: checks
a0ba5899: bets $0.06
900b0c3c: folds
Uncalled bet ($0.06) returned to a0ba5899
*** SHOWDOWN ***
a0ba5899 collected $0.12 from pot
*** SUMMARY ***
Total pot $0.12 | Rake $0 | Jackpot $0 | Bingo $0 | Fortune $0
Board [Tc 7c Kh]
Seat 1: Hero folded before Flop (didn't bet)
Seat 2: 22093e16 (button) folded before Flop (didn't bet)
Seat 3: e1096fdd (small blind) folded before Flop
Seat 4: 900b0c3c (big blind) folded on the Flop
Seat 5: a0ba5899 won ($0.12)
Seat 6: 28915b0a folded before Flop (didn't bet)


Poker Hand #HD1189818346: Hold'em No Limit  ($0.02/$0.05) - 2023/04/04 22:05:39
Table 'NLHBlue24' 6-max Seat #1 is the button
Seat 1: Hero ($5 in chips)
Seat 2: 22093e16 ($6.16 in chips)
Seat 3: e1096fdd ($12.4 in chips)
Seat 4: 900b0c3c ($7.47 in chips)
Seat 6: 28915b0a ($5.26 in chips)
22093e16: posts small blind $0.02
e1096fdd: posts big blind $0.05
*** HOLE CARDS ***
Dealt to Hero [6h 6d]
Dealt to 22093e16 
Dealt to e1096fdd 
Dealt to 900b0c3c 
Dealt to 28915b0a 
900b0c3c: folds
28915b0a: folds
Hero: raises $0.07 to $0.12
22093e16: folds
e1096fdd: folds
Uncalled bet ($0.07) returned to Hero
*** SHOWDOWN ***
Hero collected $0.12 from pot
*** SUMMARY ***
Total pot $0.12 | Rake $0 | Jackpot $0 | Bingo $0 | Fortune $0
Seat 1: Hero (button) collected ($0.12)
Seat 2: 22093e16 (small blind) folded before Flop
Seat 3: e1096fdd (big blind) folded before Flop
Seat 4: 900b0c3c folded before Flop (didn't bet)
Seat 6: 28915b0a folded before Flop (didn't bet)


Poker Hand #HD1189818218: Hold'em No Limit  ($0.02/$0.05) - 2023/04/04 22:04:35
Table 'NLHBlue24' 6-max Seat #6 is the button
Seat 1: Hero ($5.02 in chips)
Seat 2: 22093e16 ($5.38 in chips)
Seat 3: e1096fdd ($12.55 in chips)
Seat 4: 900b0c3c ($7.47 in chips)
Seat 5: a0ba5899 ($0.74 in chips)
Seat 6: 28915b0a ($5.26 in chips)
Hero: posts small blind $0.02
22093e16: posts big blind $0.05
*** HOLE CARDS ***
Dealt to Hero [9s Tc]
Dealt to 22093e16 
Dealt to e1096fdd 
Dealt to 900b0c3c 
Dealt to a0ba5899 
Dealt to 28915b0a 
e1096fdd: raises $0.1 to $0.15
900b0c3c: folds
a0ba5899: calls $0.15
28915b0a: folds
Hero: folds
22093e16: raises $0.6 to $0.75
e1096fdd: folds
a0ba5899: calls $0.59 and is all-in
Uncalled bet ($0.01) returned to 22093e16
22093e16: shows [Kc Kd]
a0ba5899: shows [Jc Ts]
*** FIRST FLOP *** [5d 6d Qh]
*** FIRST TURN *** [5d 6d Qh] [5s]
*** FIRST RIVER *** [5d 6d Qh 5s] [7s]
*** SECOND FLOP *** [3d Ac Th]
*** SECOND TURN *** [3d Ac Th] [8h]
*** SECOND RIVER *** [3d Ac Th 8h] [Ks]
*** FIRST SHOWDOWN ***
22093e16 collected $0.76 from pot
*** SECOND SHOWDOWN ***
22093e16 collected $0.76 from pot
*** SUMMARY ***
Total pot $1.65 | Rake $0.08 | Jackpot $0.05 | Bingo $0 | Fortune $0
Hand was run two times
FIRST Board [5d 6d Qh 5s 7s]
SECOND Board [3d Ac Th 8h Ks]
Seat 1: Hero (small blind) folded before Flop
Seat 2: 22093e16 (big blind) showed [Kc Kd] and won ($0.76) with Pair of Kings and Pair of Fives, and won ($0.76) with Three Kings
Seat 3: e1096fdd folded before Flop
Seat 4: 900b0c3c folded before Flop (didn't bet)
Seat 5: a0ba5899 showed [Jc Ts] and lost with Pair of Fives, and lost with Pair of Tens
Seat 6: 28915b0a (button) folded before Flop (didn't bet)


Poker Hand #HD1189818184: Hold'em No Limit  ($0.02/$0.05) - 2023/04/04 22:04:19
Table 'NLHBlue24' 6-max Seat #5 is the button
Seat 1: Hero ($5 in chips)
Seat 3: e1096fdd ($12.55 in chips)
Seat 4: 900b0c3c ($7.47 in chips)
Seat 5: a0ba5899 ($0.74 in chips)
Seat 6: 28915b0a ($5.28 in chips)
28915b0a: posts small blind $0.02
Hero: posts big blind $0.05
*** HOLE CARDS ***
Dealt to Hero [5c 6c]
Dealt to e1096fdd 
Dealt to 900b0c3c 
Dealt to a0ba5899 
Dealt to 28915b0a 
e1096fdd: folds
900b0c3c: folds
a0ba5899: folds
28915b0a: folds
Uncalled bet ($0.03) returned to Hero
*** SHOWDOWN ***
Hero collected $0.04 from pot
*** SUMMARY ***
Total pot $0.04 | Rake $0 | Jackpot $0 | Bingo $0 | Fortune $0
Seat 1: Hero (big blind) collected ($0.04)
Seat 3: e1096fdd folded before Flop (didn't bet)
Seat 4: 900b0c3c folded before Flop (didn't bet)
Seat 5: a0ba5899 (button) folded before Flop (didn't bet)
Seat 6: 28915b0a (small blind) folded before Flop


