Poker Hand #HD1189701434: Hold'em No Limit  ($0.02/$0.05) - 2023/04/04 20:56:55
Table 'NLHBlue41' 6-max Seat #3 is the button
Seat 1: c65754f2 ($5.81 in chips)
Seat 2: 1993dfbc ($2.82 in chips)
Seat 3: 19a9dfa4 ($7.17 in chips)
Seat 4: 6e94ef2a ($5 in chips)
Seat 5: e9eb4bc8 ($5.25 in chips)
Seat 6: Hero ($5 in chips)
6e94ef2a: posts small blind $0.02
e9eb4bc8: posts big blind $0.05
*** HOLE CARDS ***
Dealt to c65754f2 
Dealt to 1993dfbc 
Dealt to 19a9dfa4 
Dealt to 6e94ef2a 
Dealt to e9eb4bc8 
Dealt to Hero [Kc 4h]
Hero: folds
c65754f2: folds
1993dfbc: folds
19a9dfa4: raises $0.1 to $0.15
6e94ef2a: calls $0.13
e9eb4bc8: folds
*** FLOP *** [2c 8d Qc]
6e94ef2a: checks
19a9dfa4: bets $0.16
6e94ef2a: raises $0.45 to $0.61
19a9dfa4: calls $0.45
*** TURN *** [2c 8d Qc] [2h]
6e94ef2a: bets $1.04
19a9dfa4: calls $1.04
*** RIVER *** [2c 8d Qc 2h] [4c]
6e94ef2a: bets $3.2 and is all-in
19a9dfa4: folds
Uncalled bet ($3.2) returned to 6e94ef2a
*** SHOWDOWN ***
6e94ef2a collected $3.42 from pot
*** SUMMARY ***
Total pot $3.65 | Rake $0.18 | Jackpot $0.05 | Bingo $0 | Fortune $0
Board [2c 8d Qc 2h 4c]
Seat 1: c65754f2 folded before Flop (didn't bet)
Seat 2: 1993dfbc folded before Flop (didn't bet)
Seat 3: 19a9dfa4 (button) folded on the River
Seat 4: 6e94ef2a (small blind) won ($3.42)
Seat 5: e9eb4bc8 (big blind) folded before Flop
Seat 6: Hero folded before Flop (didn't bet)


Poker Hand #HD1189701307: Hold'em No Limit  ($0.02/$0.05) - 2023/04/04 20:55:55
Table 'NLHBlue41' 6-max Seat #2 is the button
Seat 1: c65754f2 ($5.81 in chips)
Seat 2: 1993dfbc ($2.09 in chips)
Seat 3: 19a9dfa4 ($7.19 in chips)
Seat 4: 6e94ef2a ($5 in chips)
Seat 5: e9eb4bc8 ($6.03 in chips)
Seat 6: Hero ($5 in chips)
19a9dfa4: posts small blind $0.02
6e94ef2a: posts big blind $0.05
*** HOLE CARDS ***
Dealt to c65754f2 
Dealt to 1993dfbc 
Dealt to 19a9dfa4 
Dealt to 6e94ef2a 
Dealt to e9eb4bc8 
Dealt to Hero [Jd 8d]
e9eb4bc8: raises $0.08 to $0.13
Hero: folds
c65754f2: folds
1993dfbc: calls $0.13
19a9dfa4: folds
6e94ef2a: folds
*** FLOP *** [As Kd Qc]
e9eb4bc8: bets $0.12
1993dfbc: calls $0.12
*** TURN *** [As Kd Qc] [8s]
e9eb4bc8: bets $0.2
1993dfbc: calls $0.2
*** RIVER *** [As Kd Qc 8s] [6s]
e9eb4bc8: bets $0.33
1993dfbc: calls $0.33
e9eb4bc8: shows [Tc Kh] (Pair of Kings)
1993dfbc: shows [Ac 8c] (Pair of Aces and Pair of Eights)
*** SHOWDOWN ***
1993dfbc collected $1.51 from pot
*** SUMMARY ***
Total pot $1.63 | Rake $0.07 | Jackpot $0.05 | Bingo $0 | Fortune $0
Board [As Kd Qc 8s 6s]
Seat 1: c65754f2 folded before Flop (didn't bet)
Seat 2: 1993dfbc (button) showed [Ac 8c] and won ($1.51) with Pair of Aces and Pair of Eights
Seat 3: 19a9dfa4 (small blind) folded before Flop
Seat 4: 6e94ef2a (big blind) folded before Flop
Seat 5: e9eb4bc8 showed [Tc Kh] and lost with Pair of Kings
Seat 6: Hero folded before Flop (didn't bet)


Poker Hand #HD1189701272: Hold'em No Limit  ($0.02/$0.05) - 2023/04/04 20:55:36
Table 'NLHBlue41' 6-max Seat #1 is the button
Seat 1: c65754f2 ($5.81 in chips)
Seat 2: 1993dfbc ($2.11 in chips)
Seat 3: 19a9dfa4 ($7.17 in chips)
Seat 4: 6e94ef2a ($5 in chips)
Seat 5: e9eb4bc8 ($6.03 in chips)
Seat 6: Hero ($5 in chips)
1993dfbc: posts small blind $0.02
19a9dfa4: posts big blind $0.05
*** HOLE CARDS ***
Dealt to c65754f2 
Dealt to 1993dfbc 
Dealt to 19a9dfa4 
Dealt to 6e94ef2a 
Dealt to e9eb4bc8 
Dealt to Hero [4h Kc]
6e94ef2a: folds
e9eb4bc8: folds
Hero: folds
c65754f2: folds
1993dfbc: folds
Uncalled bet ($0.03) returned to 19a9dfa4
*** SHOWDOWN ***
19a9dfa4 collected $0.04 from pot
*** SUMMARY ***
Total pot $0.04 | Rake $0 | Jackpot $0 | Bingo $0 | Fortune $0
Seat 1: c65754f2 (button) folded before Flop (didn't bet)
Seat 2: 1993dfbc (small blind) folded before Flop
Seat 3: 19a9dfa4 (big blind) collected ($0.04)
Seat 4: 6e94ef2a folded before Flop (didn't bet)
Seat 5: e9eb4bc8 folded before Flop (didn't bet)
Seat 6: Hero folded before Flop (didn't bet)


Poker Hand #HD1189701163: Hold'em No Limit  ($0.02/$0.05) - 2023/04/04 20:54:39
Table 'NLHBlue41' 6-max Seat #6 is the button
Seat 1: c65754f2 ($5.83 in chips)
Seat 2: 1993dfbc ($2.4 in chips)
Seat 3: 19a9dfa4 ($7.17 in chips)
Seat 4: 6e94ef2a ($5 in chips)
Seat 5: e9eb4bc8 ($5.75 in chips)
Seat 6: Hero ($5 in chips)
c65754f2: posts small blind $0.02
1993dfbc: posts big blind $0.05
*** HOLE CARDS ***
Dealt to c65754f2 
Dealt to 1993dfbc 
Dealt to 19a9dfa4 
Dealt to 6e94ef2a 
Dealt to e9eb4bc8 
Dealt to Hero [8s 4h]
19a9dfa4: folds
6e94ef2a: folds
e9eb4bc8: raises $0.08 to $0.13
Hero: folds
c65754f2: folds
1993dfbc: calls $0.08
*** FLOP *** [8h 2h 8c]
1993dfbc: checks
e9eb4bc8: bets $0.16
1993dfbc: calls $0.16
*** TURN *** [8h 2h 8c] [Qh]
1993dfbc: checks
e9eb4bc8: bets $0.33
1993dfbc: folds
Uncalled bet ($0.33) returned to e9eb4bc8
*** SHOWDOWN ***
e9eb4bc8 collected $0.57 from pot
*** SUMMARY ***
Total pot $0.6 | Rake $0.03 | Jackpot $0 | Bingo $0 | Fortune $0
Board [8h 2h 8c Qh]
Seat 1: c65754f2 (small blind) folded before Flop
Seat 2: 1993dfbc (big blind) folded on the Turn
Seat 3: 19a9dfa4 folded before Flop (didn't bet)
Seat 4: 6e94ef2a folded before Flop (didn't bet)
Seat 5: e9eb4bc8 won ($0.57)
Seat 6: Hero (button) folded before Flop (didn't bet)


Poker Hand #HD1189701132: Hold'em No Limit  ($0.02/$0.05) - 2023/04/04 20:54:21
Table 'NLHBlue41' 6-max Seat #5 is the button
Seat 1: c65754f2 ($5.88 in chips)
Seat 2: 1993dfbc ($2.4 in chips)
Seat 3: 19a9dfa4 ($7.17 in chips)
Seat 4: 6e94ef2a ($5 in chips)
Seat 5: e9eb4bc8 ($5.68 in chips)
Seat 6: Hero ($5 in chips)
Hero: posts small blind $0.02
c65754f2: posts big blind $0.05
*** HOLE CARDS ***
Dealt to c65754f2 
Dealt to 1993dfbc 
Dealt to 19a9dfa4 
Dealt to 6e94ef2a 
Dealt to e9eb4bc8 
Dealt to Hero [3h 9c]
1993dfbc: folds
19a9dfa4: folds
6e94ef2a: folds
e9eb4bc8: raises $0.08 to $0.13
Hero: folds
c65754f2: folds
Uncalled bet ($0.08) returned to e9eb4bc8
*** SHOWDOWN ***
e9eb4bc8 collected $0.12 from pot
*** SUMMARY ***
Total pot $0.12 | Rake $0 | Jackpot $0 | Bingo $0 | Fortune $0
Seat 1: c65754f2 (big blind) folded before Flop
Seat 2: 1993dfbc folded before Flop (didn't bet)
Seat 3: 19a9dfa4 folded before Flop (didn't bet)
Seat 4: 6e94ef2a folded before Flop (didn't bet)
Seat 5: e9eb4bc8 (button) collected ($0.12)
Seat 6: Hero (small blind) folded before Flop


Poker Hand #HD1189701030: Hold'em No Limit  ($0.02/$0.05) - 2023/04/04 20:53:27
Table 'NLHBlue41' 6-max Seat #4 is the button
Seat 1: c65754f2 ($5.88 in chips)
Seat 2: 1993dfbc ($2.4 in chips)
Seat 3: 19a9dfa4 ($7.17 in chips)
Seat 4: 6e94ef2a ($5 in chips)
Seat 5: e9eb4bc8 ($5 in chips)
Seat 6: Hero ($5.41 in chips)
e9eb4bc8: posts small blind $0.02
Hero: posts big blind $0.05
*** HOLE CARDS ***
Dealt to c65754f2 
Dealt to 1993dfbc 
Dealt to 19a9dfa4 
Dealt to 6e94ef2a 
Dealt to e9eb4bc8 
Dealt to Hero [Td Qh]
c65754f2: folds
1993dfbc: folds
19a9dfa4: folds
6e94ef2a: folds
e9eb4bc8: raises $0.1 to $0.15
Hero: calls $0.1
*** FLOP *** [Tc Ks 7h]
e9eb4bc8: checks
Hero: checks
*** TURN *** [Tc Ks 7h] [5d]
e9eb4bc8: bets $0.17
Hero: calls $0.17
*** RIVER *** [Tc Ks 7h 5d] [8s]
e9eb4bc8: bets $0.48
Hero: calls $0.48
e9eb4bc8: shows [Kh Qd] (Pair of Kings)
Hero: shows [Td Qh] (Pair of Tens)
*** SHOWDOWN ***
e9eb4bc8 collected $1.48 from pot
*** SUMMARY ***
Total pot $1.6 | Rake $0.07 | Jackpot $0.05 | Bingo $0 | Fortune $0
Board [Tc Ks 7h 5d 8s]
Seat 1: c65754f2 folded before Flop (didn't bet)
Seat 2: 1993dfbc folded before Flop (didn't bet)
Seat 3: 19a9dfa4 folded before Flop (didn't bet)
Seat 4: 6e94ef2a (button) folded before Flop (didn't bet)
Seat 5: e9eb4bc8 (small blind) showed [Kh Qd] and won ($1.48) with Pair of Kings
Seat 6: Hero (big blind) showed [Td Qh] and lost with Pair of Tens


Poker Hand #HD1189700988: Hold'em No Limit  ($0.02/$0.05) - 2023/04/04 20:53:07
Table 'NLHBlue41' 6-max Seat #3 is the button
Seat 1: c65754f2 ($5.88 in chips)
Seat 2: 1993dfbc ($2.4 in chips)
Seat 3: 19a9dfa4 ($7.1 in chips)
Seat 4: 6e94ef2a ($5 in chips)
Seat 5: e9eb4bc8 ($5 in chips)
Seat 6: Hero ($5.41 in chips)
6e94ef2a: posts small blind $0.02
e9eb4bc8: posts big blind $0.05
*** HOLE CARDS ***
Dealt to c65754f2 
Dealt to 1993dfbc 
Dealt to 19a9dfa4 
Dealt to 6e94ef2a 
Dealt to e9eb4bc8 
Dealt to Hero [Jc 2d]
Hero: folds
c65754f2: folds
1993dfbc: folds
19a9dfa4: raises $0.1 to $0.15
6e94ef2a: folds
e9eb4bc8: folds
Uncalled bet ($0.1) returned to 19a9dfa4
*** SHOWDOWN ***
19a9dfa4 collected $0.12 from pot
*** SUMMARY ***
Total pot $0.12 | Rake $0 | Jackpot $0 | Bingo $0 | Fortune $0
Seat 1: c65754f2 folded before Flop (didn't bet)
Seat 2: 1993dfbc folded before Flop (didn't bet)
Seat 3: 19a9dfa4 (button) collected ($0.12)
Seat 4: 6e94ef2a (small blind) folded before Flop
Seat 5: e9eb4bc8 (big blind) folded before Flop
Seat 6: Hero folded before Flop (didn't bet)


Poker Hand #HD1189700955: Hold'em No Limit  ($0.02/$0.05) - 2023/04/04 20:52:54
Table 'NLHBlue41' 6-max Seat #2 is the button
Seat 1: c65754f2 ($5.88 in chips)
Seat 2: 1993dfbc ($2.33 in chips)
Seat 3: 19a9dfa4 ($7.12 in chips)
Seat 4: 6e94ef2a ($5 in chips)
Seat 5: e9eb4bc8 ($5 in chips)
Seat 6: Hero ($5.41 in chips)
19a9dfa4: posts small blind $0.02
6e94ef2a: posts big blind $0.05
*** HOLE CARDS ***
Dealt to c65754f2 
Dealt to 1993dfbc 
Dealt to 19a9dfa4 
Dealt to 6e94ef2a 
Dealt to e9eb4bc8 
Dealt to Hero [3h 6h]
e9eb4bc8: folds
Hero: folds
c65754f2: folds
1993dfbc: raises $0.1 to $0.15
19a9dfa4: folds
6e94ef2a: folds
Uncalled bet ($0.1) returned to 1993dfbc
*** SHOWDOWN ***
1993dfbc collected $0.12 from pot
*** SUMMARY ***
Total pot $0.12 | Rake $0 | Jackpot $0 | Bingo $0 | Fortune $0
Seat 1: c65754f2 folded before Flop (didn't bet)
Seat 2: 1993dfbc (button) collected ($0.12)
Seat 3: 19a9dfa4 (small blind) folded before Flop
Seat 4: 6e94ef2a (big blind) folded before Flop
Seat 5: e9eb4bc8 folded before Flop (didn't bet)
Seat 6: Hero folded before Flop (didn't bet)


Poker Hand #HD1189700812: Hold'em No Limit  ($0.02/$0.05) - 2023/04/04 20:51:38
Table 'NLHBlue41' 6-max Seat #1 is the button
Seat 1: c65754f2 ($5.88 in chips)
Seat 2: 1993dfbc ($1.6 in chips)
Seat 3: 19a9dfa4 ($7.17 in chips)
Seat 4: 6e94ef2a ($5.07 in chips)
Seat 5: e9eb4bc8 ($5 in chips)
Seat 6: Hero ($5.41 in chips)
1993dfbc: posts small blind $0.02
19a9dfa4: posts big blind $0.05
*** HOLE CARDS ***
Dealt to c65754f2 
Dealt to 1993dfbc 
Dealt to 19a9dfa4 
Dealt to 6e94ef2a 
Dealt to e9eb4bc8 
Dealt to Hero [5c Qh]
6e94ef2a: raises $0.14 to $0.19
e9eb4bc8: calls $0.19
Hero: folds
c65754f2: folds
1993dfbc: calls $0.17
19a9dfa4: folds
*** FLOP *** [4h Qs 3d]
1993dfbc: bets $0.36
6e94ef2a: folds
e9eb4bc8: calls $0.36
*** TURN *** [4h Qs 3d] [Ts]
1993dfbc: bets $1.05 and is all-in
e9eb4bc8: folds
Uncalled bet ($1.05) returned to 1993dfbc
*** SHOWDOWN ***
1993dfbc collected $1.28 from pot
*** SUMMARY ***
Total pot $1.34 | Rake $0.06 | Jackpot $0 | Bingo $0 | Fortune $0
Board [4h Qs 3d Ts]
Seat 1: c65754f2 (button) folded before Flop (didn't bet)
Seat 2: 1993dfbc (small blind) won ($1.28)
Seat 3: 19a9dfa4 (big blind) folded before Flop
Seat 4: 6e94ef2a folded on the Flop
Seat 5: e9eb4bc8 folded on the Turn
Seat 6: Hero folded before Flop (didn't bet)


Poker Hand #HD1189700620: Hold'em No Limit  ($0.02/$0.05) - 2023/04/04 20:49:45
Table 'NLHBlue41' 6-max Seat #6 is the button
Seat 1: c65754f2 ($5.9 in chips)
Seat 2: 1993dfbc ($3.53 in chips)
Seat 3: 19a9dfa4 ($5.46 in chips)
Seat 4: 6e94ef2a ($5.07 in chips)
Seat 5: e9eb4bc8 ($5 in chips)
Seat 6: Hero ($5.41 in chips)
c65754f2: posts small blind $0.02
1993dfbc: posts big blind $0.05
*** HOLE CARDS ***
Dealt to c65754f2 
Dealt to 1993dfbc 
Dealt to 19a9dfa4 
Dealt to 6e94ef2a 
Dealt to e9eb4bc8 
Dealt to Hero [Kc 2c]
19a9dfa4: raises $0.1 to $0.15
6e94ef2a: folds
e9eb4bc8: folds
Hero: folds
c65754f2: folds
1993dfbc: calls $0.1
*** FLOP *** [Jh Ac 2h]
1993dfbc: checks
19a9dfa4: bets $0.2
1993dfbc: calls $0.2
*** TURN *** [Jh Ac 2h] [3d]
1993dfbc: checks
19a9dfa4: bets $0.3
1993dfbc: raises $0.42 to $0.72
19a9dfa4: calls $0.42
*** RIVER *** [Jh Ac 2h 3d] [2s]
1993dfbc: checks
19a9dfa4: bets $0.86
1993dfbc: calls $0.86
19a9dfa4: shows [Qd As] (Pair of Aces and Pair of Twos)
1993dfbc: shows [Ad 8h] (Pair of Aces and Pair of Twos)
*** SHOWDOWN ***
19a9dfa4 collected $3.64 from pot
*** SUMMARY ***
Total pot $3.88 | Rake $0.19 | Jackpot $0.05 | Bingo $0 | Fortune $0
Board [Jh Ac 2h 3d 2s]
Seat 1: c65754f2 (small blind) folded before Flop
Seat 2: 1993dfbc (big blind) showed [Ad 8h] and lost with Pair of Aces and Pair of Twos
Seat 3: 19a9dfa4 showed [Qd As] and won ($3.64) with Pair of Aces and Pair of Twos
Seat 4: 6e94ef2a folded before Flop (didn't bet)
Seat 5: e9eb4bc8 folded before Flop (didn't bet)
Seat 6: Hero (button) folded before Flop (didn't bet)


Poker Hand #HD1189700584: Hold'em No Limit  ($0.02/$0.05) - 2023/04/04 20:49:26
Table 'NLHBlue41' 6-max Seat #5 is the button
Seat 1: c65754f2 ($5.88 in chips)
Seat 2: 1993dfbc ($3.53 in chips)
Seat 3: 19a9dfa4 ($5.46 in chips)
Seat 4: 6e94ef2a ($5.07 in chips)
Seat 5: e9eb4bc8 ($5 in chips)
Seat 6: Hero ($5.43 in chips)
Hero: posts small blind $0.02
c65754f2: posts big blind $0.05
*** HOLE CARDS ***
Dealt to c65754f2 
Dealt to 1993dfbc 
Dealt to 19a9dfa4 
Dealt to 6e94ef2a 
Dealt to e9eb4bc8 
Dealt to Hero [5d 9c]
1993dfbc: folds
19a9dfa4: folds
6e94ef2a: folds
e9eb4bc8: folds
Hero: folds
Uncalled bet ($0.03) returned to c65754f2
*** SHOWDOWN ***
c65754f2 collected $0.04 from pot
*** SUMMARY ***
Total pot $0.04 | Rake $0 | Jackpot $0 | Bingo $0 | Fortune $0
Seat 1: c65754f2 (big blind) collected ($0.04)
Seat 2: 1993dfbc folded before Flop (didn't bet)
Seat 3: 19a9dfa4 folded before Flop (didn't bet)
Seat 4: 6e94ef2a folded before Flop (didn't bet)
Seat 5: e9eb4bc8 (button) folded before Flop (didn't bet)
Seat 6: Hero (small blind) folded before Flop


Poker Hand #HD1189700537: Hold'em No Limit  ($0.02/$0.05) - 2023/04/04 20:49:00
Table 'NLHBlue41' 6-max Seat #4 is the button
Seat 1: c65754f2 ($5.88 in chips)
Seat 2: 1993dfbc ($3.53 in chips)
Seat 3: 19a9dfa4 ($5.46 in chips)
Seat 4: 6e94ef2a ($5 in chips)
Seat 5: e9eb4bc8 ($5 in chips)
Seat 6: Hero ($5.48 in chips)
e9eb4bc8: posts small blind $0.02
Hero: posts big blind $0.05
*** HOLE CARDS ***
Dealt to c65754f2 
Dealt to 1993dfbc 
Dealt to 19a9dfa4 
Dealt to 6e94ef2a 
Dealt to e9eb4bc8 
Dealt to Hero [3d Kc]
c65754f2: folds
1993dfbc: folds
19a9dfa4: folds
6e94ef2a: raises $0.14 to $0.19
e9eb4bc8: folds
Hero: folds
Uncalled bet ($0.14) returned to 6e94ef2a
*** SHOWDOWN ***
6e94ef2a collected $0.12 from pot
*** SUMMARY ***
Total pot $0.12 | Rake $0 | Jackpot $0 | Bingo $0 | Fortune $0
Seat 1: c65754f2 folded before Flop (didn't bet)
Seat 2: 1993dfbc folded before Flop (didn't bet)
Seat 3: 19a9dfa4 folded before Flop (didn't bet)
Seat 4: 6e94ef2a (button) collected ($0.12)
Seat 5: e9eb4bc8 (small blind) folded before Flop
Seat 6: Hero (big blind) folded before Flop


Poker Hand #HD1189700447: Hold'em No Limit  ($0.02/$0.05) - 2023/04/04 20:48:13
Table 'NLHBlue41' 6-max Seat #3 is the button
Seat 1: c65754f2 ($5.05 in chips)
Seat 2: 1993dfbc ($3.53 in chips)
Seat 3: 19a9dfa4 ($5.46 in chips)
Seat 4: 6e94ef2a ($5 in chips)
Seat 5: e9eb4bc8 ($5.07 in chips)
Seat 6: Hero ($5.48 in chips)
6e94ef2a: posts small blind $0.02
e9eb4bc8: posts big blind $0.05
*** HOLE CARDS ***
Dealt to c65754f2 
Dealt to 1993dfbc 
Dealt to 19a9dfa4 
Dealt to 6e94ef2a 
Dealt to e9eb4bc8 
Dealt to Hero [3c 6h]
Hero: folds
c65754f2: raises $0.1 to $0.15
1993dfbc: folds
19a9dfa4: folds
6e94ef2a: folds
e9eb4bc8: calls $0.1
*** FLOP *** [Qc 8s 8c]
e9eb4bc8: bets $0.11
c65754f2: calls $0.11
*** TURN *** [Qc 8s 8c] [2d]
e9eb4bc8: bets $0.3
c65754f2: calls $0.3
*** RIVER *** [Qc 8s 8c 2d] [7s]
e9eb4bc8: bets $0.39
c65754f2: calls $0.39
e9eb4bc8: shows [Ts Tc] (Pair of Tens and Pair of Eights)
c65754f2: shows [Qs Ac] (Pair of Queens and Pair of Eights)
*** SHOWDOWN ***
c65754f2 collected $1.78 from pot
*** SUMMARY ***
Total pot $1.92 | Rake $0.09 | Jackpot $0.05 | Bingo $0 | Fortune $0
Board [Qc 8s 8c 2d 7s]
Seat 1: c65754f2 showed [Qs Ac] and won ($1.78) with Pair of Queens and Pair of Eights
Seat 2: 1993dfbc folded before Flop (didn't bet)
Seat 3: 19a9dfa4 (button) folded before Flop (didn't bet)
Seat 4: 6e94ef2a (small blind) folded before Flop
Seat 5: e9eb4bc8 (big blind) showed [Ts Tc] and lost with Pair of Tens and Pair of Eights
Seat 6: Hero folded before Flop (didn't bet)


Poker Hand #HD1189700429: Hold'em No Limit  ($0.02/$0.05) - 2023/04/04 20:48:02
Table 'NLHBlue41' 6-max Seat #2 is the button
Seat 1: c65754f2 ($5.05 in chips)
Seat 2: 1993dfbc ($3.53 in chips)
Seat 3: 19a9dfa4 ($5.48 in chips)
Seat 4: 6e94ef2a ($5 in chips)
Seat 5: e9eb4bc8 ($5 in chips)
Seat 6: Hero ($5.48 in chips)
19a9dfa4: posts small blind $0.02
6e94ef2a: posts big blind $0.05
*** HOLE CARDS ***
Dealt to c65754f2 
Dealt to 1993dfbc 
Dealt to 19a9dfa4 
Dealt to 6e94ef2a 
Dealt to e9eb4bc8 
Dealt to Hero [3c Js]
e9eb4bc8: raises $0.08 to $0.13
Hero: folds
c65754f2: folds
1993dfbc: folds
19a9dfa4: folds
6e94ef2a: folds
Uncalled bet ($0.08) returned to e9eb4bc8
*** SHOWDOWN ***
e9eb4bc8 collected $0.12 from pot
*** SUMMARY ***
Total pot $0.12 | Rake $0 | Jackpot $0 | Bingo $0 | Fortune $0
Seat 1: c65754f2 folded before Flop (didn't bet)
Seat 2: 1993dfbc (button) folded before Flop (didn't bet)
Seat 3: 19a9dfa4 (small blind) folded before Flop
Seat 4: 6e94ef2a (big blind) folded before Flop
Seat 5: e9eb4bc8 collected ($0.12)
Seat 6: Hero folded before Flop (didn't bet)


Poker Hand #HD1189700393: Hold'em No Limit  ($0.02/$0.05) - 2023/04/04 20:47:47
Table 'NLHBlue41' 6-max Seat #1 is the button
Seat 1: c65754f2 ($5.05 in chips)
Seat 2: 1993dfbc ($3.48 in chips)
Seat 3: 19a9dfa4 ($5.53 in chips)
Seat 4: 6e94ef2a ($5 in chips)
Seat 5: e9eb4bc8 ($5 in chips)
Seat 6: Hero ($5.48 in chips)
1993dfbc: posts small blind $0.02
19a9dfa4: posts big blind $0.05
*** HOLE CARDS ***
Dealt to c65754f2 
Dealt to 1993dfbc 
Dealt to 19a9dfa4 
Dealt to 6e94ef2a 
Dealt to e9eb4bc8 
Dealt to Hero [3d 7d]
6e94ef2a: folds
e9eb4bc8: folds
Hero: folds
c65754f2: folds
1993dfbc: raises $0.1 to $0.15
19a9dfa4: folds
Uncalled bet ($0.1) returned to 1993dfbc
*** SHOWDOWN ***
1993dfbc collected $0.1 from pot
*** SUMMARY ***
Total pot $0.1 | Rake $0 | Jackpot $0 | Bingo $0 | Fortune $0
Seat 1: c65754f2 (button) folded before Flop (didn't bet)
Seat 2: 1993dfbc (small blind) collected ($0.1)
Seat 3: 19a9dfa4 (big blind) folded before Flop
Seat 4: 6e94ef2a folded before Flop (didn't bet)
Seat 5: e9eb4bc8 folded before Flop (didn't bet)
Seat 6: Hero folded before Flop (didn't bet)


Poker Hand #HD1189700367: Hold'em No Limit  ($0.02/$0.05) - 2023/04/04 20:47:31
Table 'NLHBlue41' 6-max Seat #6 is the button
Seat 1: c65754f2 ($5.07 in chips)
Seat 2: 1993dfbc ($3.46 in chips)
Seat 3: 19a9dfa4 ($5.53 in chips)
Seat 4: 6e94ef2a ($5 in chips)
Seat 5: e9eb4bc8 ($5 in chips)
Seat 6: Hero ($5.48 in chips)
c65754f2: posts small blind $0.02
1993dfbc: posts big blind $0.05
*** HOLE CARDS ***
Dealt to c65754f2 
Dealt to 1993dfbc 
Dealt to 19a9dfa4 
Dealt to 6e94ef2a 
Dealt to e9eb4bc8 
Dealt to Hero [4h Jd]
19a9dfa4: folds
6e94ef2a: folds
e9eb4bc8: folds
Hero: folds
c65754f2: folds
Uncalled bet ($0.03) returned to 1993dfbc
*** SHOWDOWN ***
1993dfbc collected $0.04 from pot
*** SUMMARY ***
Total pot $0.04 | Rake $0 | Jackpot $0 | Bingo $0 | Fortune $0
Seat 1: c65754f2 (small blind) folded before Flop
Seat 2: 1993dfbc (big blind) collected ($0.04)
Seat 3: 19a9dfa4 folded before Flop (didn't bet)
Seat 4: 6e94ef2a folded before Flop (didn't bet)
Seat 5: e9eb4bc8 folded before Flop (didn't bet)
Seat 6: Hero (button) folded before Flop (didn't bet)


Poker Hand #HD1189700299: Hold'em No Limit  ($0.02/$0.05) - 2023/04/04 20:46:54
Table 'NLHBlue41' 6-max Seat #5 is the button
Seat 1: c65754f2 ($5.12 in chips)
Seat 3: 19a9dfa4 ($5.32 in chips)
Seat 4: 6e94ef2a ($5 in chips)
Seat 5: e9eb4bc8 ($5 in chips)
Seat 6: Hero ($5.5 in chips)
Hero: posts small blind $0.02
c65754f2: posts big blind $0.05
*** HOLE CARDS ***
Dealt to c65754f2 
Dealt to 19a9dfa4 
Dealt to 6e94ef2a 
Dealt to e9eb4bc8 
Dealt to Hero [9s 6h]
19a9dfa4: raises $0.1 to $0.15
6e94ef2a: folds
e9eb4bc8: calls $0.15
Hero: folds
c65754f2: folds
*** FLOP *** [7d 9c Qh]
19a9dfa4: bets $0.18
e9eb4bc8: folds
Uncalled bet ($0.18) returned to 19a9dfa4
*** SHOWDOWN ***
19a9dfa4 collected $0.36 from pot
*** SUMMARY ***
Total pot $0.37 | Rake $0.01 | Jackpot $0 | Bingo $0 | Fortune $0
Board [7d 9c Qh]
Seat 1: c65754f2 (big blind) folded before Flop
Seat 3: 19a9dfa4 won ($0.36)
Seat 4: 6e94ef2a folded before Flop (didn't bet)
Seat 5: e9eb4bc8 (button) folded on the Flop
Seat 6: Hero (small blind) folded before Flop


Poker Hand #HD1189700268: Hold'em No Limit  ($0.02/$0.05) - 2023/04/04 20:46:39
Table 'NLHBlue41' 6-max Seat #4 is the button
Seat 1: c65754f2 ($5.12 in chips)
Seat 3: 19a9dfa4 ($5.25 in chips)
Seat 4: 6e94ef2a ($5 in chips)
Seat 5: e9eb4bc8 ($5.02 in chips)
Seat 6: Hero ($5.55 in chips)
e9eb4bc8: posts small blind $0.02
Hero: posts big blind $0.05
*** HOLE CARDS ***
Dealt to c65754f2 
Dealt to 19a9dfa4 
Dealt to 6e94ef2a 
Dealt to e9eb4bc8 
Dealt to Hero [3s 5c]
c65754f2: folds
19a9dfa4: raises $0.1 to $0.15
6e94ef2a: folds
e9eb4bc8: folds
Hero: folds
Uncalled bet ($0.1) returned to 19a9dfa4
*** SHOWDOWN ***
19a9dfa4 collected $0.12 from pot
*** SUMMARY ***
Total pot $0.12 | Rake $0 | Jackpot $0 | Bingo $0 | Fortune $0
Seat 1: c65754f2 folded before Flop (didn't bet)
Seat 3: 19a9dfa4 collected ($0.12)
Seat 4: 6e94ef2a (button) folded before Flop (didn't bet)
Seat 5: e9eb4bc8 (small blind) folded before Flop
Seat 6: Hero (big blind) folded before Flop


Poker Hand #HD1189700249: Hold'em No Limit  ($0.02/$0.05) - 2023/04/04 20:46:28
Table 'NLHBlue41' 6-max Seat #3 is the button
Seat 1: c65754f2 ($5.12 in chips)
Seat 3: 19a9dfa4 ($5.25 in chips)
Seat 4: 6e94ef2a ($5 in chips)
Seat 5: e9eb4bc8 ($5 in chips)
Seat 6: Hero ($5.55 in chips)
6e94ef2a: posts small blind $0.02
e9eb4bc8: posts big blind $0.05
*** HOLE CARDS ***
Dealt to c65754f2 
Dealt to 19a9dfa4 
Dealt to 6e94ef2a 
Dealt to e9eb4bc8 
Dealt to Hero [2h 3h]
Hero: folds
c65754f2: folds
19a9dfa4: folds
6e94ef2a: folds
Uncalled bet ($0.03) returned to e9eb4bc8
*** SHOWDOWN ***
e9eb4bc8 collected $0.04 from pot
*** SUMMARY ***
Total pot $0.04 | Rake $0 | Jackpot $0 | Bingo $0 | Fortune $0
Seat 1: c65754f2 folded before Flop (didn't bet)
Seat 3: 19a9dfa4 (button) folded before Flop (didn't bet)
Seat 4: 6e94ef2a (small blind) folded before Flop
Seat 5: e9eb4bc8 (big blind) collected ($0.04)
Seat 6: Hero folded before Flop (didn't bet)


Poker Hand #HD1189700145: Hold'em No Limit  ($0.02/$0.05) - 2023/04/04 20:45:28
Table 'NLHBlue41' 6-max Seat #1 is the button
Seat 1: c65754f2 ($5.12 in chips)
Seat 3: 19a9dfa4 ($4.95 in chips)
Seat 4: 6e94ef2a ($5 in chips)
Seat 5: e9eb4bc8 ($5 in chips)
Seat 6: Hero ($5.55 in chips)
19a9dfa4: posts small blind $0.02
6e94ef2a: posts big blind $0.05
*** HOLE CARDS ***
Dealt to c65754f2 
Dealt to 19a9dfa4 
Dealt to 6e94ef2a 
Dealt to e9eb4bc8 
Dealt to Hero [Ah 2d]
e9eb4bc8: folds
Hero: folds
c65754f2: folds
19a9dfa4: raises $0.1 to $0.15
6e94ef2a: calls $0.1
*** FLOP *** [3d Js 6s]
19a9dfa4: bets $0.18
6e94ef2a: calls $0.18
*** TURN *** [3d Js 6s] [Ad]
19a9dfa4: bets $0.3
6e94ef2a: folds
Uncalled bet ($0.3) returned to 19a9dfa4
*** SHOWDOWN ***
19a9dfa4 collected $0.63 from pot
*** SUMMARY ***
Total pot $0.66 | Rake $0.03 | Jackpot $0 | Bingo $0 | Fortune $0
Board [3d Js 6s Ad]
Seat 1: c65754f2 (button) folded before Flop (didn't bet)
Seat 3: 19a9dfa4 (small blind) won ($0.63)
Seat 4: 6e94ef2a (big blind) folded on the Turn
Seat 5: e9eb4bc8 folded before Flop (didn't bet)
Seat 6: Hero folded before Flop (didn't bet)


Poker Hand #HD1189700111: Hold'em No Limit  ($0.02/$0.05) - 2023/04/04 20:45:08
Table 'NLHBlue41' 6-max Seat #6 is the button
Seat 1: c65754f2 ($5.14 in chips)
Seat 3: 19a9dfa4 ($5 in chips)
Seat 4: 6e94ef2a ($5 in chips)
Seat 5: e9eb4bc8 ($5 in chips)
Seat 6: Hero ($5.48 in chips)
c65754f2: posts small blind $0.02
19a9dfa4: posts big blind $0.05
*** HOLE CARDS ***
Dealt to c65754f2 
Dealt to 19a9dfa4 
Dealt to 6e94ef2a 
Dealt to e9eb4bc8 
Dealt to Hero [Ac 2d]
6e94ef2a: folds
e9eb4bc8: folds
Hero: raises $0.07 to $0.12
c65754f2: folds
19a9dfa4: folds
Uncalled bet ($0.07) returned to Hero
*** SHOWDOWN ***
Hero collected $0.12 from pot
*** SUMMARY ***
Total pot $0.12 | Rake $0 | Jackpot $0 | Bingo $0 | Fortune $0
Seat 1: c65754f2 (small blind) folded before Flop
Seat 3: 19a9dfa4 (big blind) folded before Flop
Seat 4: 6e94ef2a folded before Flop (didn't bet)
Seat 5: e9eb4bc8 folded before Flop (didn't bet)
Seat 6: Hero (button) collected ($0.12)


Poker Hand #HD1189700094: Hold'em No Limit  ($0.02/$0.05) - 2023/04/04 20:44:59
Table 'NLHBlue41' 6-max Seat #5 is the button
Seat 1: c65754f2 ($5.12 in chips)
Seat 4: 6e94ef2a ($5 in chips)
Seat 5: e9eb4bc8 ($5 in chips)
Seat 6: Hero ($5.5 in chips)
Hero: posts small blind $0.02
c65754f2: posts big blind $0.05
*** HOLE CARDS ***
Dealt to c65754f2 
Dealt to 6e94ef2a 
Dealt to e9eb4bc8 
Dealt to Hero [9c 7s]
6e94ef2a: folds
e9eb4bc8: folds
Hero: folds
Uncalled bet ($0.03) returned to c65754f2
*** SHOWDOWN ***
c65754f2 collected $0.04 from pot
*** SUMMARY ***
Total pot $0.04 | Rake $0 | Jackpot $0 | Bingo $0 | Fortune $0
Seat 1: c65754f2 (big blind) collected ($0.04)
Seat 4: 6e94ef2a folded before Flop (didn't bet)
Seat 5: e9eb4bc8 (button) folded before Flop (didn't bet)
Seat 6: Hero (small blind) folded before Flop


Poker Hand #HD1189700072: Hold'em No Limit  ($0.02/$0.05) - 2023/04/04 20:44:45
Table 'NLHBlue41' 6-max Seat #4 is the button
Seat 1: c65754f2 ($5.12 in chips)
Seat 4: 6e94ef2a ($5 in chips)
Seat 5: e9eb4bc8 ($5.02 in chips)
Seat 6: Hero ($5.48 in chips)
e9eb4bc8: posts small blind $0.02
Hero: posts big blind $0.05
*** HOLE CARDS ***
Dealt to c65754f2 
Dealt to 6e94ef2a 
Dealt to e9eb4bc8 
Dealt to Hero [3c 5h]
c65754f2: folds
6e94ef2a: folds
e9eb4bc8: folds
Uncalled bet ($0.03) returned to Hero
*** SHOWDOWN ***
Hero collected $0.04 from pot
*** SUMMARY ***
Total pot $0.04 | Rake $0 | Jackpot $0 | Bingo $0 | Fortune $0
Seat 1: c65754f2 folded before Flop (didn't bet)
Seat 4: 6e94ef2a (button) folded before Flop (didn't bet)
Seat 5: e9eb4bc8 (small blind) folded before Flop
Seat 6: Hero (big blind) collected ($0.04)


Poker Hand #HD1189700048: Hold'em No Limit  ($0.02/$0.05) - 2023/04/04 20:44:33
Table 'NLHBlue41' 6-max Seat #1 is the button
Seat 1: c65754f2 ($5.12 in chips)
Seat 4: 6e94ef2a ($5.01 in chips)
Seat 5: e9eb4bc8 ($5 in chips)
Seat 6: Hero ($5.48 in chips)
6e94ef2a: posts small blind $0.02
e9eb4bc8: posts big blind $0.05
*** HOLE CARDS ***
Dealt to c65754f2 
Dealt to 6e94ef2a 
Dealt to e9eb4bc8 
Dealt to Hero [Qd 7h]
Hero: folds
c65754f2: folds
6e94ef2a: folds
Uncalled bet ($0.03) returned to e9eb4bc8
*** SHOWDOWN ***
e9eb4bc8 collected $0.04 from pot
*** SUMMARY ***
Total pot $0.04 | Rake $0 | Jackpot $0 | Bingo $0 | Fortune $0
Seat 1: c65754f2 (button) folded before Flop (didn't bet)
Seat 4: 6e94ef2a (small blind) folded before Flop
Seat 5: e9eb4bc8 (big blind) collected ($0.04)
Seat 6: Hero folded before Flop (didn't bet)


Poker Hand #HD1189700000: Hold'em No Limit  ($0.02/$0.05) - 2023/04/04 20:44:09
Table 'NLHBlue41' 6-max Seat #6 is the button
Seat 1: c65754f2 ($5 in chips)
Seat 4: 6e94ef2a ($5.14 in chips)
Seat 5: e9eb4bc8 ($5 in chips)
Seat 6: Hero ($5.48 in chips)
c65754f2: posts small blind $0.02
6e94ef2a: posts big blind $0.05
*** HOLE CARDS ***
Dealt to c65754f2 
Dealt to 6e94ef2a 
Dealt to e9eb4bc8 
Dealt to Hero [6s 8c]
e9eb4bc8: folds
Hero: folds
c65754f2: raises $0.08 to $0.13
6e94ef2a: calls $0.08
*** FLOP *** [3s Jd 7d]
c65754f2: bets $0.13
6e94ef2a: folds
Uncalled bet ($0.13) returned to c65754f2
*** SHOWDOWN ***
c65754f2 collected $0.25 from pot
*** SUMMARY ***
Total pot $0.26 | Rake $0.01 | Jackpot $0 | Bingo $0 | Fortune $0
Board [3s Jd 7d]
Seat 1: c65754f2 (small blind) won ($0.25)
Seat 4: 6e94ef2a (big blind) folded on the Flop
Seat 5: e9eb4bc8 folded before Flop (didn't bet)
Seat 6: Hero (button) folded before Flop (didn't bet)


Poker Hand #HD1189699917: Hold'em No Limit  ($0.02/$0.05) - 2023/04/04 20:43:14
Table 'NLHBlue41' 6-max Seat #5 is the button
Seat 1: c65754f2 ($5 in chips)
Seat 3: 70bc33d ($5.44 in chips)
Seat 4: 6e94ef2a ($5.14 in chips)
Seat 5: e9eb4bc8 ($5 in chips)
Seat 6: Hero ($5.22 in chips)
Hero: posts small blind $0.02
c65754f2: posts big blind $0.05
*** HOLE CARDS ***
Dealt to c65754f2 
Dealt to 70bc33d 
Dealt to 6e94ef2a 
Dealt to e9eb4bc8 
Dealt to Hero [Ts Ah]
70bc33d: folds
6e94ef2a: folds
e9eb4bc8: folds
Hero: raises $0.09 to $0.14
c65754f2: calls $0.09
*** FLOP *** [Th Kh 5s]
Hero: bets $0.14
c65754f2: calls $0.14
*** TURN *** [Th Kh 5s] [7s]
Hero: bets $0.32
c65754f2: folds
Uncalled bet ($0.32) returned to Hero
*** SHOWDOWN ***
Hero collected $0.54 from pot
*** SUMMARY ***
Total pot $0.56 | Rake $0.02 | Jackpot $0 | Bingo $0 | Fortune $0
Board [Th Kh 5s 7s]
Seat 1: c65754f2 (big blind) folded on the Turn
Seat 3: 70bc33d folded before Flop (didn't bet)
Seat 4: 6e94ef2a folded before Flop (didn't bet)
Seat 5: e9eb4bc8 (button) folded before Flop (didn't bet)
Seat 6: Hero (small blind) won ($0.54)


Poker Hand #HD1189699905: Hold'em No Limit  ($0.02/$0.05) - 2023/04/04 20:43:04
Table 'NLHBlue41' 6-max Seat #4 is the button
Seat 3: 70bc33d ($5.44 in chips)
Seat 4: 6e94ef2a ($5.14 in chips)
Seat 5: e9eb4bc8 ($5 in chips)
Seat 6: Hero ($5.2 in chips)
e9eb4bc8: posts small blind $0.02
Hero: posts big blind $0.05
*** HOLE CARDS ***
Dealt to 70bc33d 
Dealt to 6e94ef2a 
Dealt to e9eb4bc8 
Dealt to Hero [3d 2s]
70bc33d: folds
6e94ef2a: folds
e9eb4bc8: folds
Uncalled bet ($0.03) returned to Hero
*** SHOWDOWN ***
Hero collected $0.04 from pot
*** SUMMARY ***
Total pot $0.04 | Rake $0 | Jackpot $0 | Bingo $0 | Fortune $0
Seat 3: 70bc33d folded before Flop (didn't bet)
Seat 4: 6e94ef2a (button) folded before Flop (didn't bet)
Seat 5: e9eb4bc8 (small blind) folded before Flop
Seat 6: Hero (big blind) collected ($0.04)


Poker Hand #HD1189699882: Hold'em No Limit  ($0.02/$0.05) - 2023/04/04 20:42:51
Table 'NLHBlue41' 6-max Seat #3 is the button
Seat 3: 70bc33d ($5.37 in chips)
Seat 4: 6e94ef2a ($5.16 in chips)
Seat 5: e9eb4bc8 ($5 in chips)
Seat 6: Hero ($5.2 in chips)
6e94ef2a: posts small blind $0.02
e9eb4bc8: posts big blind $0.05
*** HOLE CARDS ***
Dealt to 70bc33d 
Dealt to 6e94ef2a 
Dealt to e9eb4bc8 
Dealt to Hero [6d Qd]
Hero: folds
70bc33d: raises $0.1 to $0.15
6e94ef2a: folds
e9eb4bc8: folds
Uncalled bet ($0.1) returned to 70bc33d
*** SHOWDOWN ***
70bc33d collected $0.12 from pot
*** SUMMARY ***
Total pot $0.12 | Rake $0 | Jackpot $0 | Bingo $0 | Fortune $0
Seat 3: 70bc33d (button) collected ($0.12)
Seat 4: 6e94ef2a (small blind) folded before Flop
Seat 5: e9eb4bc8 (big blind) folded before Flop
Seat 6: Hero folded before Flop (didn't bet)


Poker Hand #HD1189699846: Hold'em No Limit  ($0.02/$0.05) - 2023/04/04 20:42:32
Table 'NLHBlue41' 6-max Seat #6 is the button
Seat 3: 70bc33d ($5.39 in chips)
Seat 4: 6e94ef2a ($5.21 in chips)
Seat 5: e9eb4bc8 ($5 in chips)
Seat 6: Hero ($5.13 in chips)
70bc33d: posts small blind $0.02
6e94ef2a: posts big blind $0.05
*** HOLE CARDS ***
Dealt to 70bc33d 
Dealt to 6e94ef2a 
Dealt to e9eb4bc8 
Dealt to Hero [7c Tc]
e9eb4bc8: folds
Hero: raises $0.07 to $0.12
70bc33d: folds
6e94ef2a: folds
Uncalled bet ($0.07) returned to Hero
*** SHOWDOWN ***
Hero collected $0.12 from pot
*** SUMMARY ***
Total pot $0.12 | Rake $0 | Jackpot $0 | Bingo $0 | Fortune $0
Seat 3: 70bc33d (small blind) folded before Flop
Seat 4: 6e94ef2a (big blind) folded before Flop
Seat 5: e9eb4bc8 folded before Flop (didn't bet)
Seat 6: Hero (button) collected ($0.12)


Poker Hand #HD1189699835: Hold'em No Limit  ($0.02/$0.05) - 2023/04/04 20:42:25
Table 'NLHBlue41' 6-max Seat #5 is the button
Seat 3: 70bc33d ($5.37 in chips)
Seat 4: 6e94ef2a ($5.21 in chips)
Seat 5: e9eb4bc8 ($5 in chips)
Seat 6: Hero ($5.15 in chips)
Hero: posts small blind $0.02
70bc33d: posts big blind $0.05
*** HOLE CARDS ***
Dealt to 70bc33d 
Dealt to 6e94ef2a 
Dealt to e9eb4bc8 
Dealt to Hero [Ad 3c]
6e94ef2a: folds
e9eb4bc8: folds
Hero: folds
Uncalled bet ($0.03) returned to 70bc33d
*** SHOWDOWN ***
70bc33d collected $0.04 from pot
*** SUMMARY ***
Total pot $0.04 | Rake $0 | Jackpot $0 | Bingo $0 | Fortune $0
Seat 3: 70bc33d (big blind) collected ($0.04)
Seat 4: 6e94ef2a folded before Flop (didn't bet)
Seat 5: e9eb4bc8 (button) folded before Flop (didn't bet)
Seat 6: Hero (small blind) folded before Flop


Poker Hand #HD1189699809: Hold'em No Limit  ($0.02/$0.05) - 2023/04/04 20:42:14
Table 'NLHBlue41' 6-max Seat #4 is the button
Seat 1: 2f0ef1df ($5 in chips)
Seat 3: 70bc33d ($5.37 in chips)
Seat 4: 6e94ef2a ($5.21 in chips)
Seat 5: e9eb4bc8 ($5 in chips)
Seat 6: Hero ($5.13 in chips)
e9eb4bc8: posts small blind $0.02
Hero: posts big blind $0.05
*** HOLE CARDS ***
Dealt to 2f0ef1df 
Dealt to 70bc33d 
Dealt to 6e94ef2a 
Dealt to e9eb4bc8 
Dealt to Hero [3h 3s]
2f0ef1df: folds
70bc33d: folds
6e94ef2a: folds
e9eb4bc8: folds
Uncalled bet ($0.03) returned to Hero
*** SHOWDOWN ***
Hero collected $0.04 from pot
*** SUMMARY ***
Total pot $0.04 | Rake $0 | Jackpot $0 | Bingo $0 | Fortune $0
Seat 1: 2f0ef1df folded before Flop (didn't bet)
Seat 3: 70bc33d folded before Flop (didn't bet)
Seat 4: 6e94ef2a (button) folded before Flop (didn't bet)
Seat 5: e9eb4bc8 (small blind) folded before Flop
Seat 6: Hero (big blind) collected ($0.04)


Poker Hand #HD1189699771: Hold'em No Limit  ($0.02/$0.05) - 2023/04/04 20:41:47
Table 'NLHBlue41' 6-max Seat #3 is the button
Seat 1: 2f0ef1df ($5 in chips)
Seat 3: 70bc33d ($5.37 in chips)
Seat 4: 6e94ef2a ($5.16 in chips)
Seat 5: e9eb4bc8 ($5.05 in chips)
Seat 6: Hero ($5.13 in chips)
6e94ef2a: posts small blind $0.02
e9eb4bc8: posts big blind $0.05
*** HOLE CARDS ***
Dealt to 2f0ef1df 
Dealt to 70bc33d 
Dealt to 6e94ef2a 
Dealt to e9eb4bc8 
Dealt to Hero [4h 2d]
Hero: folds
2f0ef1df: folds
70bc33d: folds
6e94ef2a: raises $0.14 to $0.19
e9eb4bc8: folds
Uncalled bet ($0.14) returned to 6e94ef2a
*** SHOWDOWN ***
6e94ef2a collected $0.1 from pot
*** SUMMARY ***
Total pot $0.1 | Rake $0 | Jackpot $0 | Bingo $0 | Fortune $0
Seat 1: 2f0ef1df folded before Flop (didn't bet)
Seat 3: 70bc33d (button) folded before Flop (didn't bet)
Seat 4: 6e94ef2a (small blind) collected ($0.1)
Seat 5: e9eb4bc8 (big blind) folded before Flop
Seat 6: Hero folded before Flop (didn't bet)


Poker Hand #HD1189699746: Hold'em No Limit  ($0.02/$0.05) - 2023/04/04 20:41:34
Table 'NLHBlue41' 6-max Seat #2 is the button
Seat 1: 2f0ef1df ($5 in chips)
Seat 2: 1993dfbc ($3.46 in chips)
Seat 3: 70bc33d ($5.39 in chips)
Seat 4: 6e94ef2a ($5.14 in chips)
Seat 5: e9eb4bc8 ($5.05 in chips)
Seat 6: Hero ($5.13 in chips)
70bc33d: posts small blind $0.02
6e94ef2a: posts big blind $0.05
*** HOLE CARDS ***
Dealt to 2f0ef1df 
Dealt to 1993dfbc 
Dealt to 70bc33d 
Dealt to 6e94ef2a 
Dealt to e9eb4bc8 
Dealt to Hero [2d 4s]
e9eb4bc8: folds
Hero: folds
2f0ef1df: folds
1993dfbc: folds
70bc33d: folds
Uncalled bet ($0.03) returned to 6e94ef2a
*** SHOWDOWN ***
6e94ef2a collected $0.04 from pot
*** SUMMARY ***
Total pot $0.04 | Rake $0 | Jackpot $0 | Bingo $0 | Fortune $0
Seat 1: 2f0ef1df folded before Flop (didn't bet)
Seat 2: 1993dfbc (button) folded before Flop (didn't bet)
Seat 3: 70bc33d (small blind) folded before Flop
Seat 4: 6e94ef2a (big blind) collected ($0.04)
Seat 5: e9eb4bc8 folded before Flop (didn't bet)
Seat 6: Hero folded before Flop (didn't bet)


Poker Hand #HD1189699724: Hold'em No Limit  ($0.02/$0.05) - 2023/04/04 20:41:20
Table 'NLHBlue41' 6-max Seat #1 is the button
Seat 1: 2f0ef1df ($5 in chips)
Seat 2: 1993dfbc ($3.41 in chips)
Seat 3: 70bc33d ($5.44 in chips)
Seat 4: 6e94ef2a ($5.14 in chips)
Seat 5: e9eb4bc8 ($5.05 in chips)
Seat 6: Hero ($5.13 in chips)
1993dfbc: posts small blind $0.02
70bc33d: posts big blind $0.05
*** HOLE CARDS ***
Dealt to 2f0ef1df 
Dealt to 1993dfbc 
Dealt to 70bc33d 
Dealt to 6e94ef2a 
Dealt to e9eb4bc8 
Dealt to Hero [Ts 4s]
6e94ef2a: folds
e9eb4bc8: folds
Hero: folds
2f0ef1df: folds
1993dfbc: raises $0.1 to $0.15
70bc33d: folds
Uncalled bet ($0.1) returned to 1993dfbc
*** SHOWDOWN ***
1993dfbc collected $0.1 from pot
*** SUMMARY ***
Total pot $0.1 | Rake $0 | Jackpot $0 | Bingo $0 | Fortune $0
Seat 1: 2f0ef1df (button) folded before Flop (didn't bet)
Seat 2: 1993dfbc (small blind) collected ($0.1)
Seat 3: 70bc33d (big blind) folded before Flop
Seat 4: 6e94ef2a folded before Flop (didn't bet)
Seat 5: e9eb4bc8 folded before Flop (didn't bet)
Seat 6: Hero folded before Flop (didn't bet)


Poker Hand #HD1189699636: Hold'em No Limit  ($0.02/$0.05) - 2023/04/04 20:40:27
Table 'NLHBlue41' 6-max Seat #6 is the button
Seat 1: 2f0ef1df ($5.12 in chips)
Seat 2: 1993dfbc ($3.21 in chips)
Seat 3: 70bc33d ($5.44 in chips)
Seat 4: 6e94ef2a ($5.14 in chips)
Seat 5: e9eb4bc8 ($5.05 in chips)
Seat 6: Hero ($5.13 in chips)
2f0ef1df: posts small blind $0.02
1993dfbc: posts big blind $0.05
*** HOLE CARDS ***
Dealt to 2f0ef1df 
Dealt to 1993dfbc 
Dealt to 70bc33d 
Dealt to 6e94ef2a 
Dealt to e9eb4bc8 
Dealt to Hero [Js 7c]
70bc33d: folds
6e94ef2a: folds
e9eb4bc8: folds
Hero: folds
2f0ef1df: raises $0.09 to $0.14
1993dfbc: calls $0.09
*** FLOP *** [Qh 4s 8h]
2f0ef1df: bets $0.08
1993dfbc: raises $0.12 to $0.2
2f0ef1df: folds
Uncalled bet ($0.12) returned to 1993dfbc
1993dfbc: shows [9c]
*** SHOWDOWN ***
1993dfbc collected $0.42 from pot
*** SUMMARY ***
Total pot $0.44 | Rake $0.02 | Jackpot $0 | Bingo $0 | Fortune $0
Board [Qh 4s 8h]
Seat 1: 2f0ef1df (small blind) folded on the Flop
Seat 2: 1993dfbc (big blind) showed [As 9c] and won ($0.42) with Ace-High
Seat 3: 70bc33d folded before Flop (didn't bet)
Seat 4: 6e94ef2a folded before Flop (didn't bet)
Seat 5: e9eb4bc8 folded before Flop (didn't bet)
Seat 6: Hero (button) folded before Flop (didn't bet)


Poker Hand #HD1189699546: Hold'em No Limit  ($0.02/$0.05) - 2023/04/04 20:39:38
Table 'NLHBlue41' 6-max Seat #5 is the button
Seat 1: 2f0ef1df ($5.26 in chips)
Seat 2: 1993dfbc ($3.21 in chips)
Seat 3: 70bc33d ($5.44 in chips)
Seat 4: 6e94ef2a ($5.14 in chips)
Seat 5: e9eb4bc8 ($5.05 in chips)
Seat 6: Hero ($5 in chips)
Hero: posts small blind $0.02
2f0ef1df: posts big blind $0.05
*** HOLE CARDS ***
Dealt to 2f0ef1df 
Dealt to 1993dfbc 
Dealt to 70bc33d 
Dealt to 6e94ef2a 
Dealt to e9eb4bc8 
Dealt to Hero [7d Kd]
1993dfbc: folds
70bc33d: folds
6e94ef2a: folds
e9eb4bc8: folds
Hero: raises $0.09 to $0.14
2f0ef1df: calls $0.09
*** FLOP *** [Kh Ah Ks]
Hero: bets $0.21
2f0ef1df: folds
Uncalled bet ($0.21) returned to Hero
*** SHOWDOWN ***
Hero collected $0.27 from pot
*** SUMMARY ***
Total pot $0.28 | Rake $0.01 | Jackpot $0 | Bingo $0 | Fortune $0
Board [Kh Ah Ks]
Seat 1: 2f0ef1df (big blind) folded on the Flop
Seat 2: 1993dfbc folded before Flop (didn't bet)
Seat 3: 70bc33d folded before Flop (didn't bet)
Seat 4: 6e94ef2a folded before Flop (didn't bet)
Seat 5: e9eb4bc8 (button) folded before Flop (didn't bet)
Seat 6: Hero (small blind) won ($0.27)


Poker Hand #HD1189699509: Hold'em No Limit  ($0.02/$0.05) - 2023/04/04 20:39:18
Table 'NLHBlue41' 6-max Seat #4 is the button
Seat 1: 2f0ef1df ($5.26 in chips)
Seat 2: 1993dfbc ($3.21 in chips)
Seat 3: 70bc33d ($5.44 in chips)
Seat 4: 6e94ef2a ($5.14 in chips)
Seat 5: e9eb4bc8 ($5 in chips)
Seat 6: Hero ($5.01 in chips)
e9eb4bc8: posts small blind $0.02
Hero: posts big blind $0.05
*** HOLE CARDS ***
Dealt to 2f0ef1df 
Dealt to 1993dfbc 
Dealt to 70bc33d 
Dealt to 6e94ef2a 
Dealt to e9eb4bc8 
Dealt to Hero [6c 4c]
2f0ef1df: folds
1993dfbc: folds
70bc33d: folds
6e94ef2a: folds
e9eb4bc8: raises $0.1 to $0.15
Hero: folds
Uncalled bet ($0.1) returned to e9eb4bc8
*** SHOWDOWN ***
e9eb4bc8 collected $0.1 from pot
*** SUMMARY ***
Total pot $0.1 | Rake $0 | Jackpot $0 | Bingo $0 | Fortune $0
Seat 1: 2f0ef1df folded before Flop (didn't bet)
Seat 2: 1993dfbc folded before Flop (didn't bet)
Seat 3: 70bc33d folded before Flop (didn't bet)
Seat 4: 6e94ef2a (button) folded before Flop (didn't bet)
Seat 5: e9eb4bc8 (small blind) collected ($0.1)
Seat 6: Hero (big blind) folded before Flop


Poker Hand #HD1189699376: Hold'em No Limit  ($0.02/$0.05) - 2023/04/04 20:38:06
Table 'NLHBlue41' 6-max Seat #3 is the button
Seat 1: 2f0ef1df ($5 in chips)
Seat 2: 1993dfbc ($3.42 in chips)
Seat 3: 70bc33d ($5.44 in chips)
Seat 4: 6e94ef2a ($5.16 in chips)
Seat 5: e9eb4bc8 ($5 in chips)
Seat 6: Hero ($5.01 in chips)
6e94ef2a: posts small blind $0.02
e9eb4bc8: posts big blind $0.05
*** HOLE CARDS ***
Dealt to 2f0ef1df 
Dealt to 1993dfbc 
Dealt to 70bc33d 
Dealt to 6e94ef2a 
Dealt to e9eb4bc8 
Dealt to Hero [7d Qh]
Hero: folds
2f0ef1df: raises $0.06 to $0.11
1993dfbc: calls $0.11
70bc33d: folds
6e94ef2a: folds
e9eb4bc8: folds
*** FLOP *** [Kc 9h 9d]
2f0ef1df: bets $0.1
1993dfbc: calls $0.1
*** TURN *** [Kc 9h 9d] [9c]
2f0ef1df: bets $0.38
1993dfbc: folds
Uncalled bet ($0.38) returned to 2f0ef1df
*** SHOWDOWN ***
2f0ef1df collected $0.47 from pot
*** SUMMARY ***
Total pot $0.49 | Rake $0.02 | Jackpot $0 | Bingo $0 | Fortune $0
Board [Kc 9h 9d 9c]
Seat 1: 2f0ef1df won ($0.47)
Seat 2: 1993dfbc folded on the Turn
Seat 3: 70bc33d (button) folded before Flop (didn't bet)
Seat 4: 6e94ef2a (small blind) folded before Flop
Seat 5: e9eb4bc8 (big blind) folded before Flop
Seat 6: Hero folded before Flop (didn't bet)


Poker Hand #HD1189699192: Hold'em No Limit  ($0.02/$0.05) - 2023/04/04 20:36:34
Table 'NLHBlue41' 6-max Seat #2 is the button
Seat 1: 2f0ef1df ($5 in chips)
Seat 2: 1993dfbc ($1.79 in chips)
Seat 3: 70bc33d ($5.46 in chips)
Seat 4: 6e94ef2a ($5.21 in chips)
Seat 5: e9eb4bc8 ($5.22 in chips)
Seat 6: Hero ($5.01 in chips)
70bc33d: posts small blind $0.02
6e94ef2a: posts big blind $0.05
*** HOLE CARDS ***
Dealt to 2f0ef1df 
Dealt to 1993dfbc 
Dealt to 70bc33d 
Dealt to 6e94ef2a 
Dealt to e9eb4bc8 
Dealt to Hero [Td 8d]
e9eb4bc8: raises $0.08 to $0.13
Hero: folds
2f0ef1df: folds
1993dfbc: calls $0.13
70bc33d: folds
6e94ef2a: folds
*** FLOP *** [4c 5h Tc]
e9eb4bc8: bets $0.12
1993dfbc: raises $0.32 to $0.44
e9eb4bc8: calls $0.32
*** TURN *** [4c 5h Tc] [3h]
e9eb4bc8: checks
1993dfbc: bets $1.22 and is all-in
e9eb4bc8: calls $1.22
1993dfbc: shows [8c Ac] (Ace-High)
e9eb4bc8: shows [2h Ah] (Fives-High Straight)
*** RIVER *** [4c 5h Tc 3h] [9c]
*** SHOWDOWN ***
1993dfbc collected $3.42 from pot
*** SUMMARY ***
Total pot $3.65 | Rake $0.18 | Jackpot $0.05 | Bingo $0 | Fortune $0
Board [4c 5h Tc 3h 9c]
Seat 1: 2f0ef1df folded before Flop (didn't bet)
Seat 2: 1993dfbc (button) showed [8c Ac] and won ($3.42) with Ace High Flush
Seat 3: 70bc33d (small blind) folded before Flop
Seat 4: 6e94ef2a (big blind) folded before Flop
Seat 5: e9eb4bc8 showed [2h Ah] and lost with Fives-High Straight
Seat 6: Hero folded before Flop (didn't bet)


Poker Hand #HD1189699106: Hold'em No Limit  ($0.02/$0.05) - 2023/04/04 20:35:50
Table 'NLHBlue41' 6-max Seat #1 is the button
Seat 1: 2f0ef1df ($5.14 in chips)
Seat 2: 1993dfbc ($1.81 in chips)
Seat 3: 70bc33d ($5 in chips)
Seat 4: 6e94ef2a ($5.21 in chips)
Seat 5: e9eb4bc8 ($5.22 in chips)
Seat 6: Hero ($5.13 in chips)
1993dfbc: posts small blind $0.02
70bc33d: posts big blind $0.05
*** HOLE CARDS ***
Dealt to 2f0ef1df 
Dealt to 1993dfbc 
Dealt to 70bc33d 
Dealt to 6e94ef2a 
Dealt to e9eb4bc8 
Dealt to Hero [Jd Ah]
6e94ef2a: folds
e9eb4bc8: folds
Hero: raises $0.07 to $0.12
2f0ef1df: raises $0.24 to $0.36
1993dfbc: folds
70bc33d: raises $0.64 to $1
Hero: folds
2f0ef1df: folds
Uncalled bet ($0.64) returned to 70bc33d
*** SHOWDOWN ***
70bc33d collected $0.82 from pot
*** SUMMARY ***
Total pot $0.86 | Rake $0.04 | Jackpot $0 | Bingo $0 | Fortune $0
Seat 1: 2f0ef1df (button) folded before Flop
Seat 2: 1993dfbc (small blind) folded before Flop
Seat 3: 70bc33d (big blind) collected ($0.82)
Seat 4: 6e94ef2a folded before Flop (didn't bet)
Seat 5: e9eb4bc8 folded before Flop (didn't bet)
Seat 6: Hero folded before Flop


Poker Hand #HD1189699024: Hold'em No Limit  ($0.02/$0.05) - 2023/04/04 20:35:05
Table 'NLHBlue41' 6-max Seat #6 is the button
Seat 1: 2f0ef1df ($5.16 in chips)
Seat 2: 1993dfbc ($1.93 in chips)
Seat 3: ee868fd1 ($5.84 in chips)
Seat 4: 6e94ef2a ($5.21 in chips)
Seat 5: e9eb4bc8 ($5.22 in chips)
Seat 6: Hero ($5 in chips)
2f0ef1df: posts small blind $0.02
1993dfbc: posts big blind $0.05
*** HOLE CARDS ***
Dealt to 2f0ef1df 
Dealt to 1993dfbc 
Dealt to ee868fd1 
Dealt to 6e94ef2a 
Dealt to e9eb4bc8 
Dealt to Hero [Js Ad]
ee868fd1: folds
6e94ef2a: folds
e9eb4bc8: folds
Hero: raises $0.07 to $0.12
2f0ef1df: folds
1993dfbc: calls $0.07
*** FLOP *** [9c 2d 5d]
1993dfbc: checks
Hero: bets $0.14
1993dfbc: folds
Uncalled bet ($0.14) returned to Hero
*** SHOWDOWN ***
Hero collected $0.25 from pot
*** SUMMARY ***
Total pot $0.26 | Rake $0.01 | Jackpot $0 | Bingo $0 | Fortune $0
Board [9c 2d 5d]
Seat 1: 2f0ef1df (small blind) folded before Flop
Seat 2: 1993dfbc (big blind) folded on the Flop
Seat 3: ee868fd1 folded before Flop (didn't bet)
Seat 4: 6e94ef2a folded before Flop (didn't bet)
Seat 5: e9eb4bc8 folded before Flop (didn't bet)
Seat 6: Hero (button) won ($0.25)


Poker Hand #HD1189699002: Hold'em No Limit  ($0.02/$0.05) - 2023/04/04 20:34:54
Table 'NLHBlue41' 6-max Seat #5 is the button
Seat 1: 2f0ef1df ($5.14 in chips)
Seat 2: 1993dfbc ($1.93 in chips)
Seat 3: ee868fd1 ($5.84 in chips)
Seat 4: 6e94ef2a ($5.21 in chips)
Seat 5: e9eb4bc8 ($5.22 in chips)
Seat 6: Hero ($5 in chips)
Hero: posts small blind $0.02
2f0ef1df: posts big blind $0.05
*** HOLE CARDS ***
Dealt to 2f0ef1df 
Dealt to 1993dfbc 
Dealt to ee868fd1 
Dealt to 6e94ef2a 
Dealt to e9eb4bc8 
Dealt to Hero [Kh 8d]
1993dfbc: folds
ee868fd1: folds
6e94ef2a: folds
e9eb4bc8: folds
Hero: folds
Uncalled bet ($0.03) returned to 2f0ef1df
*** SHOWDOWN ***
2f0ef1df collected $0.04 from pot
*** SUMMARY ***
Total pot $0.04 | Rake $0 | Jackpot $0 | Bingo $0 | Fortune $0
Seat 1: 2f0ef1df (big blind) collected ($0.04)
Seat 2: 1993dfbc folded before Flop (didn't bet)
Seat 3: ee868fd1 folded before Flop (didn't bet)
Seat 4: 6e94ef2a folded before Flop (didn't bet)
Seat 5: e9eb4bc8 (button) folded before Flop (didn't bet)
Seat 6: Hero (small blind) folded before Flop


Poker Hand #HD1189698951: Hold'em No Limit  ($0.02/$0.05) - 2023/04/04 20:34:23
Table 'NLHBlue41' 6-max Seat #4 is the button
Seat 1: 2f0ef1df ($5.14 in chips)
Seat 2: 1993dfbc ($1.93 in chips)
Seat 3: ee868fd1 ($5.99 in chips)
Seat 4: 6e94ef2a ($5 in chips)
Seat 5: e9eb4bc8 ($5.24 in chips)
Seat 6: Hero ($5 in chips)
e9eb4bc8: posts small blind $0.02
Hero: posts big blind $0.05
*** HOLE CARDS ***
Dealt to 2f0ef1df 
Dealt to 1993dfbc 
Dealt to ee868fd1 
Dealt to 6e94ef2a 
Dealt to e9eb4bc8 
Dealt to Hero [Jc Ac]
2f0ef1df: folds
1993dfbc: folds
ee868fd1: raises $0.1 to $0.15
6e94ef2a: raises $0.33 to $0.48
e9eb4bc8: folds
Hero: folds
ee868fd1: folds
Uncalled bet ($0.33) returned to 6e94ef2a
*** SHOWDOWN ***
6e94ef2a collected $0.36 from pot
*** SUMMARY ***
Total pot $0.37 | Rake $0.01 | Jackpot $0 | Bingo $0 | Fortune $0
Seat 1: 2f0ef1df folded before Flop (didn't bet)
Seat 2: 1993dfbc folded before Flop (didn't bet)
Seat 3: ee868fd1 folded before Flop
Seat 4: 6e94ef2a (button) collected ($0.36)
Seat 5: e9eb4bc8 (small blind) folded before Flop
Seat 6: Hero (big blind) folded before Flop


