Poker Hand #HD1140396610: Hold'em No Limit  ($0.02/$0.05) - 2023/02/28 20:45:05
Table 'NLHBlue86' 6-max Seat #2 is the button
Seat 1: Hero ($8.11 in chips)
Seat 2: bfdf85a6 ($5.54 in chips)
Seat 4: ce0f4790 ($5.76 in chips)
Seat 6: 1ec480bd ($7.89 in chips)
ce0f4790: posts small blind $0.02
1ec480bd: posts big blind $0.05
*** HOLE CARDS ***
Dealt to Hero [8h 5c]
Dealt to bfdf85a6 
Dealt to ce0f4790 
Dealt to 1ec480bd 
Hero: folds
bfdf85a6: raises $0.08 to $0.13
ce0f4790: folds
1ec480bd: folds
Uncalled bet ($0.08) returned to bfdf85a6
*** SHOWDOWN ***
bfdf85a6 collected $0.12 from pot
*** SUMMARY ***
Total pot $0.12 | Rake $0 | Jackpot $0 | Bingo $0 | Fortune $0
Seat 1: Hero folded before Flop (didn't bet)
Seat 2: bfdf85a6 (button) collected ($0.12)
Seat 4: ce0f4790 (small blind) folded before Flop
Seat 6: 1ec480bd (big blind) folded before Flop


Poker Hand #HD1140396564: Hold'em No Limit  ($0.02/$0.05) - 2023/02/28 20:44:42
Table 'NLHBlue86' 6-max Seat #1 is the button
Seat 1: Hero ($8.11 in chips)
Seat 2: bfdf85a6 ($5.49 in chips)
Seat 4: ce0f4790 ($5.81 in chips)
Seat 6: 1ec480bd ($7.89 in chips)
bfdf85a6: posts small blind $0.02
ce0f4790: posts big blind $0.05
*** HOLE CARDS ***
Dealt to Hero [6c 7d]
Dealt to bfdf85a6 
Dealt to ce0f4790 
Dealt to 1ec480bd 
1ec480bd: folds
Hero: folds
bfdf85a6: calls $0.03
ce0f4790: checks
*** FLOP *** [9s Jd 2h]
bfdf85a6: bets $0.1
ce0f4790: folds
Uncalled bet ($0.1) returned to bfdf85a6
*** SHOWDOWN ***
bfdf85a6 collected $0.1 from pot
*** SUMMARY ***
Total pot $0.1 | Rake $0 | Jackpot $0 | Bingo $0 | Fortune $0
Board [9s Jd 2h]
Seat 1: Hero (button) folded before Flop (didn't bet)
Seat 2: bfdf85a6 (small blind) won ($0.1)
Seat 4: ce0f4790 (big blind) folded on the Flop
Seat 6: 1ec480bd folded before Flop (didn't bet)


Poker Hand #HD1140396381: Hold'em No Limit  ($0.02/$0.05) - 2023/02/28 20:43:35
Table 'NLHBlue86' 6-max Seat #6 is the button
Seat 1: Hero ($8.13 in chips)
Seat 2: bfdf85a6 ($5.54 in chips)
Seat 4: ce0f4790 ($8.39 in chips)
Seat 6: 1ec480bd ($5.6 in chips)
Hero: posts small blind $0.02
bfdf85a6: posts big blind $0.05
*** HOLE CARDS ***
Dealt to Hero [4s 2d]
Dealt to bfdf85a6 
Dealt to ce0f4790 
Dealt to 1ec480bd 
ce0f4790: raises $0.08 to $0.13
1ec480bd: calls $0.13
Hero: folds
bfdf85a6: folds
*** FLOP *** [Kd 6c 9d]
ce0f4790: bets $0.25
1ec480bd: calls $0.25
*** TURN *** [Kd 6c 9d] [8d]
ce0f4790: bets $0.63
1ec480bd: raises $1.57 to $2.2
ce0f4790: calls $1.57
*** RIVER *** [Kd 6c 9d 8d] [5h]
ce0f4790: checks
1ec480bd: bets $3.02 and is all-in
ce0f4790: folds
Uncalled bet ($3.02) returned to 1ec480bd
*** SHOWDOWN ***
1ec480bd collected $4.87 from pot
*** SUMMARY ***
Total pot $5.23 | Rake $0.31 | Jackpot $0.05 | Bingo $0 | Fortune $0
Board [Kd 6c 9d 8d 5h]
Seat 1: Hero (small blind) folded before Flop
Seat 2: bfdf85a6 (big blind) folded before Flop
Seat 4: ce0f4790 folded on the River
Seat 6: 1ec480bd (button) won ($4.87)


Poker Hand #HD1140396265: Hold'em No Limit  ($0.02/$0.05) - 2023/02/28 20:42:44
Table 'NLHBlue86' 6-max Seat #5 is the button
Seat 1: Hero ($7.25 in chips)
Seat 2: bfdf85a6 ($5.54 in chips)
Seat 4: ce0f4790 ($8.39 in chips)
Seat 5: 9ca0c02a ($1.56 in chips)
Seat 6: 1ec480bd ($5.62 in chips)
1ec480bd: posts small blind $0.02
Hero: posts big blind $0.05
*** HOLE CARDS ***
Dealt to Hero [Ac Jh]
Dealt to bfdf85a6 
Dealt to ce0f4790 
Dealt to 9ca0c02a 
Dealt to 1ec480bd 
bfdf85a6: folds
ce0f4790: folds
9ca0c02a: raises $0.15 to $0.2
1ec480bd: folds
Hero: calls $0.15
*** FLOP *** [7h 8s 9c]
Hero: checks
9ca0c02a: bets $0.24
Hero: calls $0.24
*** TURN *** [7h 8s 9c] [As]
Hero: checks
9ca0c02a: bets $0.45
Hero: raises $1.8 to $2.25
9ca0c02a: calls $0.67 and is all-in
Uncalled bet ($1.13) returned to Hero
Hero: shows [Ac Jh] (Pair of Aces)
9ca0c02a: shows [Ah Td] (Pair of Aces)
Hero: Chooses to EV Cashout 
*** RIVER *** [7h 8s 9c As] [7d]
Hero: Pays Cashout Risk ($0.5)
*** SHOWDOWN ***
Hero collected $2.94 from pot
*** SUMMARY ***
Total pot $3.14 | Rake $0.15 | Jackpot $0.05 | Bingo $0 | Fortune $0
Board [7h 8s 9c As 7d]
Seat 1: Hero (big blind) showed [Ac Jh] and won ($2.94) with Pair of Aces and Pair of Sevens, Cashout Risk ($0.5)
Seat 2: bfdf85a6 folded before Flop (didn't bet)
Seat 4: ce0f4790 folded before Flop (didn't bet)
Seat 5: 9ca0c02a (button) showed [Ah Td] and lost with Pair of Aces and Pair of Sevens
Seat 6: 1ec480bd (small blind) folded before Flop


Poker Hand #HD1140396173: Hold'em No Limit  ($0.02/$0.05) - 2023/02/28 20:42:07
Table 'NLHBlue86' 6-max Seat #4 is the button
Seat 1: Hero ($7.25 in chips)
Seat 2: bfdf85a6 ($5.54 in chips)
Seat 4: ce0f4790 ($8.25 in chips)
Seat 5: 9ca0c02a ($1.58 in chips)
Seat 6: 1ec480bd ($5.75 in chips)
9ca0c02a: posts small blind $0.02
1ec480bd: posts big blind $0.05
*** HOLE CARDS ***
Dealt to Hero [Kc 3c]
Dealt to bfdf85a6 
Dealt to ce0f4790 
Dealt to 9ca0c02a 
Dealt to 1ec480bd 
Hero: folds
bfdf85a6: folds
ce0f4790: raises $0.08 to $0.13
9ca0c02a: folds
1ec480bd: calls $0.08
*** FLOP *** [4c Jd 2c]
1ec480bd: checks
ce0f4790: checks
*** TURN *** [4c Jd 2c] [Jh]
1ec480bd: checks
ce0f4790: bets $0.21
1ec480bd: folds
Uncalled bet ($0.21) returned to ce0f4790
*** SHOWDOWN ***
ce0f4790 collected $0.27 from pot
*** SUMMARY ***
Total pot $0.28 | Rake $0.01 | Jackpot $0 | Bingo $0 | Fortune $0
Board [4c Jd 2c Jh]
Seat 1: Hero folded before Flop (didn't bet)
Seat 2: bfdf85a6 folded before Flop (didn't bet)
Seat 4: ce0f4790 (button) won ($0.27)
Seat 5: 9ca0c02a (small blind) folded before Flop
Seat 6: 1ec480bd (big blind) folded on the Turn


Poker Hand #HD1140396124: Hold'em No Limit  ($0.02/$0.05) - 2023/02/28 20:41:47
Table 'NLHBlue86' 6-max Seat #2 is the button
Seat 1: Hero ($7.25 in chips)
Seat 2: bfdf85a6 ($5.54 in chips)
Seat 4: ce0f4790 ($8.27 in chips)
Seat 5: 9ca0c02a ($1.56 in chips)
Seat 6: 1ec480bd ($5.75 in chips)
ce0f4790: posts small blind $0.02
9ca0c02a: posts big blind $0.05
*** HOLE CARDS ***
Dealt to Hero [Qd 3c]
Dealt to bfdf85a6 
Dealt to ce0f4790 
Dealt to 9ca0c02a 
Dealt to 1ec480bd 
1ec480bd: folds
Hero: folds
bfdf85a6: folds
ce0f4790: folds
Uncalled bet ($0.03) returned to 9ca0c02a
*** SHOWDOWN ***
9ca0c02a collected $0.04 from pot
*** SUMMARY ***
Total pot $0.04 | Rake $0 | Jackpot $0 | Bingo $0 | Fortune $0
Seat 1: Hero folded before Flop (didn't bet)
Seat 2: bfdf85a6 (button) folded before Flop (didn't bet)
Seat 4: ce0f4790 (small blind) folded before Flop
Seat 5: 9ca0c02a (big blind) collected ($0.04)
Seat 6: 1ec480bd folded before Flop (didn't bet)


Poker Hand #HD1140396086: Hold'em No Limit  ($0.02/$0.05) - 2023/02/28 20:41:33
Table 'NLHBlue86' 6-max Seat #1 is the button
Seat 1: Hero ($7.25 in chips)
Seat 2: bfdf85a6 ($5.56 in chips)
Seat 4: ce0f4790 ($8.25 in chips)
Seat 5: 9ca0c02a ($1.56 in chips)
Seat 6: 1ec480bd ($5.75 in chips)
bfdf85a6: posts small blind $0.02
ce0f4790: posts big blind $0.05
*** HOLE CARDS ***
Dealt to Hero [2c Tc]
Dealt to bfdf85a6 
Dealt to ce0f4790 
Dealt to 9ca0c02a 
Dealt to 1ec480bd 
9ca0c02a: folds
1ec480bd: folds
Hero: folds
bfdf85a6: folds
Uncalled bet ($0.03) returned to ce0f4790
*** SHOWDOWN ***
ce0f4790 collected $0.04 from pot
*** SUMMARY ***
Total pot $0.04 | Rake $0 | Jackpot $0 | Bingo $0 | Fortune $0
Seat 1: Hero (button) folded before Flop (didn't bet)
Seat 2: bfdf85a6 (small blind) folded before Flop
Seat 4: ce0f4790 (big blind) collected ($0.04)
Seat 5: 9ca0c02a folded before Flop (didn't bet)
Seat 6: 1ec480bd folded before Flop (didn't bet)


Poker Hand #HD1140395941: Hold'em No Limit  ($0.02/$0.05) - 2023/02/28 20:40:35
Table 'NLHBlue86' 6-max Seat #6 is the button
Seat 1: Hero ($7.65 in chips)
Seat 2: bfdf85a6 ($5.71 in chips)
Seat 4: ce0f4790 ($8.25 in chips)
Seat 5: 9ca0c02a ($1.05 in chips)
Seat 6: 1ec480bd ($5.75 in chips)
Hero: posts small blind $0.02
bfdf85a6: posts big blind $0.05
*** HOLE CARDS ***
Dealt to Hero [6c 6d]
Dealt to bfdf85a6 
Dealt to ce0f4790 
Dealt to 9ca0c02a 
Dealt to 1ec480bd 
ce0f4790: folds
9ca0c02a: raises $0.1 to $0.15
1ec480bd: folds
Hero: calls $0.13
bfdf85a6: calls $0.1
*** FLOP *** [Ks 2s 4c]
Hero: checks
bfdf85a6: checks
9ca0c02a: bets $0.25
Hero: calls $0.25
bfdf85a6: folds
*** TURN *** [Ks 2s 4c] [As]
Hero: checks
9ca0c02a: checks
*** RIVER *** [Ks 2s 4c As] [Kc]
Hero: checks
9ca0c02a: bets $0.48
Hero: folds
Uncalled bet ($0.48) returned to 9ca0c02a
*** SHOWDOWN ***
9ca0c02a collected $0.91 from pot
*** SUMMARY ***
Total pot $0.95 | Rake $0.04 | Jackpot $0 | Bingo $0 | Fortune $0
Board [Ks 2s 4c As Kc]
Seat 1: Hero (small blind) folded on the River
Seat 2: bfdf85a6 (big blind) folded on the Flop
Seat 4: ce0f4790 folded before Flop (didn't bet)
Seat 5: 9ca0c02a won ($0.91)
Seat 6: 1ec480bd (button) folded before Flop (didn't bet)


Poker Hand #HD1140395887: Hold'em No Limit  ($0.02/$0.05) - 2023/02/28 20:40:12
Table 'NLHBlue86' 6-max Seat #5 is the button
Seat 1: Hero ($7.63 in chips)
Seat 2: bfdf85a6 ($5.71 in chips)
Seat 4: ce0f4790 ($8.25 in chips)
Seat 5: 9ca0c02a ($1.05 in chips)
Seat 6: 1ec480bd ($5.77 in chips)
1ec480bd: posts small blind $0.02
Hero: posts big blind $0.05
*** HOLE CARDS ***
Dealt to Hero [Kh 4h]
Dealt to bfdf85a6 
Dealt to ce0f4790 
Dealt to 9ca0c02a 
Dealt to 1ec480bd 
bfdf85a6: folds
ce0f4790: folds
9ca0c02a: folds
1ec480bd: folds
Uncalled bet ($0.03) returned to Hero
*** SHOWDOWN ***
Hero collected $0.04 from pot
*** SUMMARY ***
Total pot $0.04 | Rake $0 | Jackpot $0 | Bingo $0 | Fortune $0
Seat 1: Hero (big blind) collected ($0.04)
Seat 2: bfdf85a6 folded before Flop (didn't bet)
Seat 4: ce0f4790 folded before Flop (didn't bet)
Seat 5: 9ca0c02a (button) folded before Flop (didn't bet)
Seat 6: 1ec480bd (small blind) folded before Flop


Poker Hand #HD1140395805: Hold'em No Limit  ($0.02/$0.05) - 2023/02/28 20:39:33
Table 'NLHBlue86' 6-max Seat #4 is the button
Seat 1: Hero ($7.63 in chips)
Seat 2: bfdf85a6 ($5.71 in chips)
Seat 4: ce0f4790 ($8.08 in chips)
Seat 5: 9ca0c02a ($1.18 in chips)
Seat 6: 1ec480bd ($5.82 in chips)
9ca0c02a: posts small blind $0.02
1ec480bd: posts big blind $0.05
*** HOLE CARDS ***
Dealt to Hero [5d Jd]
Dealt to bfdf85a6 
Dealt to ce0f4790 
Dealt to 9ca0c02a 
Dealt to 1ec480bd 
Hero: folds
bfdf85a6: folds
ce0f4790: raises $0.08 to $0.13
9ca0c02a: calls $0.11
1ec480bd: folds
*** FLOP *** [3d Js 4d]
9ca0c02a: checks
ce0f4790: bets $0.24
9ca0c02a: folds
Uncalled bet ($0.24) returned to ce0f4790
*** SHOWDOWN ***
ce0f4790 collected $0.3 from pot
*** SUMMARY ***
Total pot $0.31 | Rake $0.01 | Jackpot $0 | Bingo $0 | Fortune $0
Board [3d Js 4d]
Seat 1: Hero folded before Flop (didn't bet)
Seat 2: bfdf85a6 folded before Flop (didn't bet)
Seat 4: ce0f4790 (button) won ($0.3)
Seat 5: 9ca0c02a (small blind) folded on the Flop
Seat 6: 1ec480bd (big blind) folded before Flop


Poker Hand #HD1140395738: Hold'em No Limit  ($0.02/$0.05) - 2023/02/28 20:39:05
Table 'NLHBlue86' 6-max Seat #2 is the button
Seat 1: Hero ($7.63 in chips)
Seat 2: bfdf85a6 ($5.86 in chips)
Seat 4: ce0f4790 ($8.1 in chips)
Seat 5: 9ca0c02a ($1.23 in chips)
Seat 6: 1ec480bd ($5.62 in chips)
ce0f4790: posts small blind $0.02
9ca0c02a: posts big blind $0.05
*** HOLE CARDS ***
Dealt to Hero [3c 3d]
Dealt to bfdf85a6 
Dealt to ce0f4790 
Dealt to 9ca0c02a 
Dealt to 1ec480bd 
1ec480bd: raises $0.1 to $0.15
Hero: folds
bfdf85a6: calls $0.15
ce0f4790: folds
9ca0c02a: folds
*** FLOP *** [4c 3h 4d]
1ec480bd: checks
bfdf85a6: checks
*** TURN *** [4c 3h 4d] [Jd]
1ec480bd: bets $0.37
bfdf85a6: folds
Uncalled bet ($0.37) returned to 1ec480bd
*** SHOWDOWN ***
1ec480bd collected $0.35 from pot
*** SUMMARY ***
Total pot $0.37 | Rake $0.02 | Jackpot $0 | Bingo $0 | Fortune $0
Board [4c 3h 4d Jd]
Seat 1: Hero folded before Flop (didn't bet)
Seat 2: bfdf85a6 (button) folded on the Turn
Seat 4: ce0f4790 (small blind) folded before Flop
Seat 5: 9ca0c02a (big blind) folded before Flop
Seat 6: 1ec480bd won ($0.35)


Poker Hand #HD1140395692: Hold'em No Limit  ($0.02/$0.05) - 2023/02/28 20:38:49
Table 'NLHBlue86' 6-max Seat #1 is the button
Seat 1: Hero ($7.56 in chips)
Seat 2: bfdf85a6 ($5.88 in chips)
Seat 4: ce0f4790 ($8.15 in chips)
Seat 5: 9ca0c02a ($1.23 in chips)
Seat 6: 1ec480bd ($5.62 in chips)
bfdf85a6: posts small blind $0.02
ce0f4790: posts big blind $0.05
*** HOLE CARDS ***
Dealt to Hero [Js 9s]
Dealt to bfdf85a6 
Dealt to ce0f4790 
Dealt to 9ca0c02a 
Dealt to 1ec480bd 
9ca0c02a: folds
1ec480bd: folds
Hero: raises $0.07 to $0.12
bfdf85a6: folds
ce0f4790: folds
Uncalled bet ($0.07) returned to Hero
*** SHOWDOWN ***
Hero collected $0.12 from pot
*** SUMMARY ***
Total pot $0.12 | Rake $0 | Jackpot $0 | Bingo $0 | Fortune $0
Seat 1: Hero (button) collected ($0.12)
Seat 2: bfdf85a6 (small blind) folded before Flop
Seat 4: ce0f4790 (big blind) folded before Flop
Seat 5: 9ca0c02a folded before Flop (didn't bet)
Seat 6: 1ec480bd folded before Flop (didn't bet)


Poker Hand #HD1140325600: Hold'em No Limit  ($0.02/$0.05) - 2023/02/28 20:38:10
Table 'NLHBlue86' 6-max Seat #6 is the button
Seat 1: Hero ($7.58 in chips)
Seat 2: bfdf85a6 ($5.81 in chips)
Seat 4: ce0f4790 ($8.15 in chips)
Seat 5: 9ca0c02a ($1.23 in chips)
Seat 6: 1ec480bd ($5.67 in chips)
Hero: posts small blind $0.02
bfdf85a6: posts big blind $0.05
*** HOLE CARDS ***
Dealt to Hero [Kh 7s]
Dealt to bfdf85a6 
Dealt to ce0f4790 
Dealt to 9ca0c02a 
Dealt to 1ec480bd 
ce0f4790: folds
9ca0c02a: folds
1ec480bd: calls $0.05
Hero: folds
bfdf85a6: checks
*** FLOP *** [Kc 8s 2h]
bfdf85a6: checks
1ec480bd: checks
*** TURN *** [Kc 8s 2h] [Kd]
bfdf85a6: checks
1ec480bd: checks
*** RIVER *** [Kc 8s 2h Kd] [Tc]
bfdf85a6: checks
1ec480bd: checks
bfdf85a6: shows [2s Td] (Pair of Kings and Pair of Tens)
1ec480bd: shows [Qc Jc] (Pair of Kings)
*** SHOWDOWN ***
bfdf85a6 collected $0.12 from pot
*** SUMMARY ***
Total pot $0.12 | Rake $0 | Jackpot $0 | Bingo $0 | Fortune $0
Board [Kc 8s 2h Kd Tc]
Seat 1: Hero (small blind) folded before Flop
Seat 2: bfdf85a6 (big blind) showed [2s Td] and won ($0.12) with Pair of Kings and Pair of Tens
Seat 4: ce0f4790 folded before Flop (didn't bet)
Seat 5: 9ca0c02a folded before Flop (didn't bet)
Seat 6: 1ec480bd (button) showed [Qc Jc] and lost with Pair of Kings


Poker Hand #HD1140325550: Hold'em No Limit  ($0.02/$0.05) - 2023/02/28 20:37:53
Table 'NLHBlue86' 6-max Seat #5 is the button
Seat 1: Hero ($7.63 in chips)
Seat 2: bfdf85a6 ($5.81 in chips)
Seat 4: ce0f4790 ($8.15 in chips)
Seat 5: 9ca0c02a ($1.16 in chips)
Seat 6: 1ec480bd ($5.69 in chips)
1ec480bd: posts small blind $0.02
Hero: posts big blind $0.05
*** HOLE CARDS ***
Dealt to Hero [Kd 7c]
Dealt to bfdf85a6 
Dealt to ce0f4790 
Dealt to 9ca0c02a 
Dealt to 1ec480bd 
bfdf85a6: folds
ce0f4790: folds
9ca0c02a: raises $0.1 to $0.15
1ec480bd: folds
Hero: folds
Uncalled bet ($0.1) returned to 9ca0c02a
*** SHOWDOWN ***
9ca0c02a collected $0.12 from pot
*** SUMMARY ***
Total pot $0.12 | Rake $0 | Jackpot $0 | Bingo $0 | Fortune $0
Seat 1: Hero (big blind) folded before Flop
Seat 2: bfdf85a6 folded before Flop (didn't bet)
Seat 4: ce0f4790 folded before Flop (didn't bet)
Seat 5: 9ca0c02a (button) collected ($0.12)
Seat 6: 1ec480bd (small blind) folded before Flop


Poker Hand #HD1140325510: Hold'em No Limit  ($0.02/$0.05) - 2023/02/28 20:37:37
Table 'NLHBlue86' 6-max Seat #4 is the button
Seat 1: Hero ($7.63 in chips)
Seat 2: bfdf85a6 ($5.81 in chips)
Seat 4: ce0f4790 ($8.08 in chips)
Seat 5: 9ca0c02a ($1.18 in chips)
Seat 6: 1ec480bd ($5.74 in chips)
9ca0c02a: posts small blind $0.02
1ec480bd: posts big blind $0.05
*** HOLE CARDS ***
Dealt to Hero [4h 5d]
Dealt to bfdf85a6 
Dealt to ce0f4790 
Dealt to 9ca0c02a 
Dealt to 1ec480bd 
Hero: folds
bfdf85a6: folds
ce0f4790: raises $0.08 to $0.13
9ca0c02a: folds
1ec480bd: folds
Uncalled bet ($0.08) returned to ce0f4790
*** SHOWDOWN ***
ce0f4790 collected $0.12 from pot
*** SUMMARY ***
Total pot $0.12 | Rake $0 | Jackpot $0 | Bingo $0 | Fortune $0
Seat 1: Hero folded before Flop (didn't bet)
Seat 2: bfdf85a6 folded before Flop (didn't bet)
Seat 4: ce0f4790 (button) collected ($0.12)
Seat 5: 9ca0c02a (small blind) folded before Flop
Seat 6: 1ec480bd (big blind) folded before Flop


Poker Hand #HD1140325390: Hold'em No Limit  ($0.02/$0.05) - 2023/02/28 20:36:50
Table 'NLHBlue86' 6-max Seat #2 is the button
Seat 1: Hero ($7.88 in chips)
Seat 2: bfdf85a6 ($5.81 in chips)
Seat 4: ce0f4790 ($8.1 in chips)
Seat 5: 9ca0c02a ($0.93 in chips)
Seat 6: 1ec480bd ($5.74 in chips)
ce0f4790: posts small blind $0.02
9ca0c02a: posts big blind $0.05
*** HOLE CARDS ***
Dealt to Hero [4h 6h]
Dealt to bfdf85a6 
Dealt to ce0f4790 
Dealt to 9ca0c02a 
Dealt to 1ec480bd 
1ec480bd: folds
Hero: raises $0.07 to $0.12
bfdf85a6: folds
ce0f4790: folds
9ca0c02a: calls $0.07
*** FLOP *** [2d 7c As]
9ca0c02a: checks
Hero: checks
*** TURN *** [2d 7c As] [5d]
9ca0c02a: bets $0.13
Hero: calls $0.13
*** RIVER *** [2d 7c As 5d] [Kd]
9ca0c02a: checks
Hero: checks
9ca0c02a: shows [Ts Td] (Pair of Tens)
Hero: shows [4h 6h] (Ace-High)
*** SHOWDOWN ***
9ca0c02a collected $0.5 from pot
*** SUMMARY ***
Total pot $0.52 | Rake $0.02 | Jackpot $0 | Bingo $0 | Fortune $0
Board [2d 7c As 5d Kd]
Seat 1: Hero showed [4h 6h] and lost with Ace-High
Seat 2: bfdf85a6 (button) folded before Flop (didn't bet)
Seat 4: ce0f4790 (small blind) folded before Flop
Seat 5: 9ca0c02a (big blind) showed [Ts Td] and won ($0.5) with Pair of Tens
Seat 6: 1ec480bd folded before Flop (didn't bet)


Poker Hand #HD1140325300: Hold'em No Limit  ($0.02/$0.05) - 2023/02/28 20:36:10
Table 'NLHBlue86' 6-max Seat #1 is the button
Seat 1: Hero ($7.88 in chips)
Seat 2: bfdf85a6 ($5.83 in chips)
Seat 4: ce0f4790 ($7.9 in chips)
Seat 5: 9ca0c02a ($1.13 in chips)
Seat 6: 1ec480bd ($5.74 in chips)
bfdf85a6: posts small blind $0.02
ce0f4790: posts big blind $0.05
*** HOLE CARDS ***
Dealt to Hero [8h 2c]
Dealt to bfdf85a6 
Dealt to ce0f4790 
Dealt to 9ca0c02a 
Dealt to 1ec480bd 
9ca0c02a: calls $0.05
1ec480bd: folds
Hero: folds
bfdf85a6: folds
ce0f4790: raises $0.15 to $0.2
9ca0c02a: calls $0.15
*** FLOP *** [Ts 7h Kh]
ce0f4790: bets $0.32
9ca0c02a: folds
Uncalled bet ($0.32) returned to ce0f4790
*** SHOWDOWN ***
ce0f4790 collected $0.4 from pot
*** SUMMARY ***
Total pot $0.42 | Rake $0.02 | Jackpot $0 | Bingo $0 | Fortune $0
Board [Ts 7h Kh]
Seat 1: Hero (button) folded before Flop (didn't bet)
Seat 2: bfdf85a6 (small blind) folded before Flop
Seat 4: ce0f4790 (big blind) won ($0.4)
Seat 5: 9ca0c02a folded on the Flop
Seat 6: 1ec480bd folded before Flop (didn't bet)


Poker Hand #HD1140325204: Hold'em No Limit  ($0.02/$0.05) - 2023/02/28 20:35:32
Table 'NLHBlue86' 6-max Seat #6 is the button
Seat 1: Hero ($7.9 in chips)
Seat 2: bfdf85a6 ($5 in chips)
Seat 4: ce0f4790 ($7.9 in chips)
Seat 5: 9ca0c02a ($1.13 in chips)
Seat 6: 1ec480bd ($6.69 in chips)
Hero: posts small blind $0.02
bfdf85a6: posts big blind $0.05
*** HOLE CARDS ***
Dealt to Hero [Js 9d]
Dealt to bfdf85a6 
Dealt to ce0f4790 
Dealt to 9ca0c02a 
Dealt to 1ec480bd 
ce0f4790: folds
9ca0c02a: folds
1ec480bd: raises $0.05 to $0.1
Hero: folds
bfdf85a6: calls $0.05
*** FLOP *** [4d Ah 6s]
bfdf85a6: checks
1ec480bd: bets $0.08
bfdf85a6: calls $0.08
*** TURN *** [4d Ah 6s] [2h]
bfdf85a6: bets $0.29
1ec480bd: calls $0.29
*** RIVER *** [4d Ah 6s 2h] [8s]
bfdf85a6: bets $0.48
1ec480bd: calls $0.48
bfdf85a6: shows [Ac 2c] (Pair of Aces and Pair of Twos)
1ec480bd: shows [9c 9s] (Pair of Nines)
*** SHOWDOWN ***
bfdf85a6 collected $1.78 from pot
*** SUMMARY ***
Total pot $1.92 | Rake $0.09 | Jackpot $0.05 | Bingo $0 | Fortune $0
Board [4d Ah 6s 2h 8s]
Seat 1: Hero (small blind) folded before Flop
Seat 2: bfdf85a6 (big blind) showed [Ac 2c] and won ($1.78) with Pair of Aces and Pair of Twos
Seat 4: ce0f4790 folded before Flop (didn't bet)
Seat 5: 9ca0c02a folded before Flop (didn't bet)
Seat 6: 1ec480bd (button) showed [9c 9s] and lost with Pair of Nines


Poker Hand #HD1140325151: Hold'em No Limit  ($0.02/$0.05) - 2023/02/28 20:35:10
Table 'NLHBlue86' 6-max Seat #5 is the button
Seat 1: Hero ($7.95 in chips)
Seat 2: bfdf85a6 ($5 in chips)
Seat 4: ce0f4790 ($7.9 in chips)
Seat 5: 9ca0c02a ($1.06 in chips)
Seat 6: 1ec480bd ($6.71 in chips)
1ec480bd: posts small blind $0.02
Hero: posts big blind $0.05
*** HOLE CARDS ***
Dealt to Hero [4c Ts]
Dealt to bfdf85a6 
Dealt to ce0f4790 
Dealt to 9ca0c02a 
Dealt to 1ec480bd 
bfdf85a6: folds
ce0f4790: folds
9ca0c02a: raises $0.15 to $0.2
1ec480bd: folds
Hero: folds
Uncalled bet ($0.15) returned to 9ca0c02a
*** SHOWDOWN ***
9ca0c02a collected $0.12 from pot
*** SUMMARY ***
Total pot $0.12 | Rake $0 | Jackpot $0 | Bingo $0 | Fortune $0
Seat 1: Hero (big blind) folded before Flop
Seat 2: bfdf85a6 folded before Flop (didn't bet)
Seat 4: ce0f4790 folded before Flop (didn't bet)
Seat 5: 9ca0c02a (button) collected ($0.12)
Seat 6: 1ec480bd (small blind) folded before Flop


Poker Hand #HD1140325110: Hold'em No Limit  ($0.02/$0.05) - 2023/02/28 20:34:49
Table 'NLHBlue86' 6-max Seat #4 is the button
Seat 1: Hero ($7.95 in chips)
Seat 2: bfdf85a6 ($5 in chips)
Seat 4: ce0f4790 ($7.9 in chips)
Seat 5: 9ca0c02a ($1.01 in chips)
Seat 6: 1ec480bd ($6.76 in chips)
9ca0c02a: posts small blind $0.02
1ec480bd: posts big blind $0.05
*** HOLE CARDS ***
Dealt to Hero [7c Ts]
Dealt to bfdf85a6 
Dealt to ce0f4790 
Dealt to 9ca0c02a 
Dealt to 1ec480bd 
Hero: folds
bfdf85a6: folds
ce0f4790: folds
9ca0c02a: raises $0.15 to $0.2
1ec480bd: folds
Uncalled bet ($0.15) returned to 9ca0c02a
*** SHOWDOWN ***
9ca0c02a collected $0.1 from pot
*** SUMMARY ***
Total pot $0.1 | Rake $0 | Jackpot $0 | Bingo $0 | Fortune $0
Seat 1: Hero folded before Flop (didn't bet)
Seat 2: bfdf85a6 folded before Flop (didn't bet)
Seat 4: ce0f4790 (button) folded before Flop (didn't bet)
Seat 5: 9ca0c02a (small blind) collected ($0.1)
Seat 6: 1ec480bd (big blind) folded before Flop


Poker Hand #HD1140324980: Hold'em No Limit  ($0.02/$0.05) - 2023/02/28 20:33:58
Table 'NLHBlue86' 6-max Seat #2 is the button
Seat 1: Hero ($7.95 in chips)
Seat 2: bfdf85a6 ($5.14 in chips)
Seat 4: ce0f4790 ($7.39 in chips)
Seat 5: 9ca0c02a ($1.06 in chips)
Seat 6: 1ec480bd ($6.76 in chips)
ce0f4790: posts small blind $0.02
9ca0c02a: posts big blind $0.05
*** HOLE CARDS ***
Dealt to Hero [Qd 4s]
Dealt to bfdf85a6 
Dealt to ce0f4790 
Dealt to 9ca0c02a 
Dealt to 1ec480bd 
1ec480bd: folds
Hero: folds
bfdf85a6: raises $0.08 to $0.13
ce0f4790: raises $0.38 to $0.51
9ca0c02a: folds
bfdf85a6: calls $0.38
*** FLOP *** [8d 7h 8c]
ce0f4790: bets $0.54
bfdf85a6: folds
Uncalled bet ($0.54) returned to ce0f4790
*** SHOWDOWN ***
ce0f4790 collected $1.02 from pot
*** SUMMARY ***
Total pot $1.07 | Rake $0.05 | Jackpot $0 | Bingo $0 | Fortune $0
Board [8d 7h 8c]
Seat 1: Hero folded before Flop (didn't bet)
Seat 2: bfdf85a6 (button) folded on the Flop
Seat 4: ce0f4790 (small blind) won ($1.02)
Seat 5: 9ca0c02a (big blind) folded before Flop
Seat 6: 1ec480bd folded before Flop (didn't bet)


Poker Hand #HD1140324899: Hold'em No Limit  ($0.02/$0.05) - 2023/02/28 20:33:25
Table 'NLHBlue86' 6-max Seat #1 is the button
Seat 1: Hero ($7.88 in chips)
Seat 2: bfdf85a6 ($5.16 in chips)
Seat 4: ce0f4790 ($7.44 in chips)
Seat 6: 1ec480bd ($6.76 in chips)
bfdf85a6: posts small blind $0.02
ce0f4790: posts big blind $0.05
*** HOLE CARDS ***
Dealt to Hero [As 7d]
Dealt to bfdf85a6 
Dealt to ce0f4790 
Dealt to 1ec480bd 
1ec480bd: folds
Hero: raises $0.07 to $0.12
bfdf85a6: folds
ce0f4790: folds
Uncalled bet ($0.07) returned to Hero
*** SHOWDOWN ***
Hero collected $0.12 from pot
*** SUMMARY ***
Total pot $0.12 | Rake $0 | Jackpot $0 | Bingo $0 | Fortune $0
Seat 1: Hero (button) collected ($0.12)
Seat 2: bfdf85a6 (small blind) folded before Flop
Seat 4: ce0f4790 (big blind) folded before Flop
Seat 6: 1ec480bd folded before Flop (didn't bet)


Poker Hand #HD1140324827: Hold'em No Limit  ($0.02/$0.05) - 2023/02/28 20:32:59
Table 'NLHBlue86' 6-max Seat #6 is the button
Seat 1: Hero ($7.69 in chips)
Seat 2: bfdf85a6 ($5.21 in chips)
Seat 4: ce0f4790 ($7.44 in chips)
Seat 6: 1ec480bd ($6.91 in chips)
Hero: posts small blind $0.02
bfdf85a6: posts big blind $0.05
*** HOLE CARDS ***
Dealt to Hero [Ks Qd]
Dealt to bfdf85a6 
Dealt to ce0f4790 
Dealt to 1ec480bd 
ce0f4790: folds
1ec480bd: raises $0.1 to $0.15
Hero: raises $0.39 to $0.54
bfdf85a6: folds
1ec480bd: folds
Uncalled bet ($0.39) returned to Hero
*** SHOWDOWN ***
Hero collected $0.34 from pot
*** SUMMARY ***
Total pot $0.35 | Rake $0.01 | Jackpot $0 | Bingo $0 | Fortune $0
Seat 1: Hero (small blind) collected ($0.34)
Seat 2: bfdf85a6 (big blind) folded before Flop
Seat 4: ce0f4790 folded before Flop (didn't bet)
Seat 6: 1ec480bd (button) folded before Flop


Poker Hand #HD1140324788: Hold'em No Limit  ($0.02/$0.05) - 2023/02/28 20:32:40
Table 'NLHBlue86' 6-max Seat #4 is the button
Seat 1: Hero ($7.74 in chips)
Seat 2: bfdf85a6 ($5.14 in chips)
Seat 4: ce0f4790 ($7.44 in chips)
Seat 6: 1ec480bd ($6.93 in chips)
1ec480bd: posts small blind $0.02
Hero: posts big blind $0.05
*** HOLE CARDS ***
Dealt to Hero [7s Jd]
Dealt to bfdf85a6 
Dealt to ce0f4790 
Dealt to 1ec480bd 
bfdf85a6: raises $0.08 to $0.13
ce0f4790: folds
1ec480bd: folds
Hero: folds
Uncalled bet ($0.08) returned to bfdf85a6
*** SHOWDOWN ***
bfdf85a6 collected $0.12 from pot
*** SUMMARY ***
Total pot $0.12 | Rake $0 | Jackpot $0 | Bingo $0 | Fortune $0
Seat 1: Hero (big blind) folded before Flop
Seat 2: bfdf85a6 collected ($0.12)
Seat 4: ce0f4790 (button) folded before Flop (didn't bet)
Seat 6: 1ec480bd (small blind) folded before Flop


Poker Hand #HD1140324726: Hold'em No Limit  ($0.02/$0.05) - 2023/02/28 20:32:19
Table 'NLHBlue86' 6-max Seat #2 is the button
Seat 1: Hero ($7.74 in chips)
Seat 2: bfdf85a6 ($5.07 in chips)
Seat 4: ce0f4790 ($7.46 in chips)
Seat 5: 9ca0c02a ($1.11 in chips)
Seat 6: 1ec480bd ($6.93 in chips)
ce0f4790: posts small blind $0.02
9ca0c02a: posts big blind $0.05
*** HOLE CARDS ***
Dealt to Hero [Kh 4h]
Dealt to bfdf85a6 
Dealt to ce0f4790 
Dealt to 9ca0c02a 
Dealt to 1ec480bd 
1ec480bd: folds
Hero: folds
bfdf85a6: raises $0.08 to $0.13
ce0f4790: folds
9ca0c02a: folds
Uncalled bet ($0.08) returned to bfdf85a6
*** SHOWDOWN ***
bfdf85a6 collected $0.12 from pot
*** SUMMARY ***
Total pot $0.12 | Rake $0 | Jackpot $0 | Bingo $0 | Fortune $0
Seat 1: Hero folded before Flop (didn't bet)
Seat 2: bfdf85a6 (button) collected ($0.12)
Seat 4: ce0f4790 (small blind) folded before Flop
Seat 5: 9ca0c02a (big blind) folded before Flop
Seat 6: 1ec480bd folded before Flop (didn't bet)


Poker Hand #HD1140324643: Hold'em No Limit  ($0.02/$0.05) - 2023/02/28 20:31:43
Table 'NLHBlue86' 6-max Seat #1 is the button
Seat 1: Hero ($7.86 in chips)
Seat 2: bfdf85a6 ($5.09 in chips)
Seat 4: ce0f4790 ($7.33 in chips)
Seat 5: 9ca0c02a ($1.11 in chips)
Seat 6: 1ec480bd ($6.93 in chips)
bfdf85a6: posts small blind $0.02
ce0f4790: posts big blind $0.05
*** HOLE CARDS ***
Dealt to Hero [Ad 6h]
Dealt to bfdf85a6 
Dealt to ce0f4790 
Dealt to 9ca0c02a 
Dealt to 1ec480bd 
9ca0c02a: folds
1ec480bd: folds
Hero: raises $0.07 to $0.12
bfdf85a6: folds
ce0f4790: raises $0.42 to $0.54
Hero: folds
Uncalled bet ($0.42) returned to ce0f4790
*** SHOWDOWN ***
ce0f4790 collected $0.25 from pot
*** SUMMARY ***
Total pot $0.26 | Rake $0.01 | Jackpot $0 | Bingo $0 | Fortune $0
Seat 1: Hero (button) folded before Flop
Seat 2: bfdf85a6 (small blind) folded before Flop
Seat 4: ce0f4790 (big blind) collected ($0.25)
Seat 5: 9ca0c02a folded before Flop (didn't bet)
Seat 6: 1ec480bd folded before Flop (didn't bet)


Poker Hand #HD1140324612: Hold'em No Limit  ($0.02/$0.05) - 2023/02/28 20:31:33
Table 'NLHBlue86' 6-max Seat #6 is the button
Seat 1: Hero ($7.88 in chips)
Seat 2: bfdf85a6 ($5.07 in chips)
Seat 4: ce0f4790 ($7.33 in chips)
Seat 5: 9ca0c02a ($1.11 in chips)
Seat 6: 1ec480bd ($6.93 in chips)
Hero: posts small blind $0.02
bfdf85a6: posts big blind $0.05
*** HOLE CARDS ***
Dealt to Hero [Kh 7c]
Dealt to bfdf85a6 
Dealt to ce0f4790 
Dealt to 9ca0c02a 
Dealt to 1ec480bd 
ce0f4790: folds
9ca0c02a: folds
1ec480bd: folds
Hero: folds
Uncalled bet ($0.03) returned to bfdf85a6
*** SHOWDOWN ***
bfdf85a6 collected $0.04 from pot
*** SUMMARY ***
Total pot $0.04 | Rake $0 | Jackpot $0 | Bingo $0 | Fortune $0
Seat 1: Hero (small blind) folded before Flop
Seat 2: bfdf85a6 (big blind) collected ($0.04)
Seat 4: ce0f4790 folded before Flop (didn't bet)
Seat 5: 9ca0c02a folded before Flop (didn't bet)
Seat 6: 1ec480bd (button) folded before Flop (didn't bet)


Poker Hand #HD1140324567: Hold'em No Limit  ($0.02/$0.05) - 2023/02/28 20:31:17
Table 'NLHBlue86' 6-max Seat #5 is the button
Seat 1: Hero ($7.93 in chips)
Seat 2: bfdf85a6 ($5 in chips)
Seat 4: ce0f4790 ($7.33 in chips)
Seat 5: 9ca0c02a ($1.11 in chips)
Seat 6: 1ec480bd ($6.95 in chips)
1ec480bd: posts small blind $0.02
Hero: posts big blind $0.05
*** HOLE CARDS ***
Dealt to Hero [2d Ah]
Dealt to bfdf85a6 
Dealt to ce0f4790 
Dealt to 9ca0c02a 
Dealt to 1ec480bd 
bfdf85a6: raises $0.08 to $0.13
ce0f4790: folds
9ca0c02a: folds
1ec480bd: folds
Hero: folds
Uncalled bet ($0.08) returned to bfdf85a6
*** SHOWDOWN ***
bfdf85a6 collected $0.12 from pot
*** SUMMARY ***
Total pot $0.12 | Rake $0 | Jackpot $0 | Bingo $0 | Fortune $0
Seat 1: Hero (big blind) folded before Flop
Seat 2: bfdf85a6 collected ($0.12)
Seat 4: ce0f4790 folded before Flop (didn't bet)
Seat 5: 9ca0c02a (button) folded before Flop (didn't bet)
Seat 6: 1ec480bd (small blind) folded before Flop


Poker Hand #HD1140324437: Hold'em No Limit  ($0.02/$0.05) - 2023/02/28 20:30:25
Table 'NLHBlue86' 6-max Seat #4 is the button
Seat 1: Hero ($8.48 in chips)
Seat 2: bfdf85a6 ($5 in chips)
Seat 4: ce0f4790 ($7.33 in chips)
Seat 5: 9ca0c02a ($0.55 in chips)
Seat 6: 1ec480bd ($7 in chips)
9ca0c02a: posts small blind $0.02
1ec480bd: posts big blind $0.05
*** HOLE CARDS ***
Dealt to Hero [5s 6s]
Dealt to bfdf85a6 
Dealt to ce0f4790 
Dealt to 9ca0c02a 
Dealt to 1ec480bd 
Hero: raises $0.07 to $0.12
bfdf85a6: folds
ce0f4790: folds
9ca0c02a: raises $0.43 to $0.55 and is all-in
1ec480bd: folds
Hero: calls $0.43
9ca0c02a: shows [9s 9c]
Hero: shows [5s 6s]
*** FIRST FLOP *** [Qh Td 2d]
*** FIRST TURN *** [Qh Td 2d] [6c]
*** FIRST RIVER *** [Qh Td 2d 6c] [7s]
*** SECOND FLOP *** [Ah Jc Th]
*** SECOND TURN *** [Ah Jc Th] [4h]
*** SECOND RIVER *** [Ah Jc Th 4h] [8d]
*** FIRST SHOWDOWN ***
9ca0c02a collected $0.56 from pot
*** SECOND SHOWDOWN ***
9ca0c02a collected $0.55 from pot
*** SUMMARY ***
Total pot $1.15 | Rake $0.04 | Jackpot $0 | Bingo $0 | Fortune $0
Hand was run two times
FIRST Board [Qh Td 2d 6c 7s]
SECOND Board [Ah Jc Th 4h 8d]
Seat 1: Hero showed [5s 6s] and lost with Pair of Sixes, and lost with Ace-High
Seat 2: bfdf85a6 folded before Flop (didn't bet)
Seat 4: ce0f4790 (button) folded before Flop (didn't bet)
Seat 5: 9ca0c02a (small blind) showed [9s 9c] and won ($0.56) with Pair of Nines, and won ($0.55) with Pair of Nines
Seat 6: 1ec480bd (big blind) folded before Flop


Poker Hand #HD1140324410: Hold'em No Limit  ($0.02/$0.05) - 2023/02/28 20:30:14
Table 'NLHBlue86' 6-max Seat #2 is the button
Seat 1: Hero ($8.48 in chips)
Seat 2: bfdf85a6 ($5 in chips)
Seat 4: ce0f4790 ($7.35 in chips)
Seat 5: 9ca0c02a ($0.6 in chips)
Seat 6: 1ec480bd ($6.93 in chips)
ce0f4790: posts small blind $0.02
9ca0c02a: posts big blind $0.05
*** HOLE CARDS ***
Dealt to Hero [Td Qh]
Dealt to bfdf85a6 
Dealt to ce0f4790 
Dealt to 9ca0c02a 
Dealt to 1ec480bd 
1ec480bd: raises $0.05 to $0.1
Hero: folds
bfdf85a6: folds
ce0f4790: folds
9ca0c02a: folds
Uncalled bet ($0.05) returned to 1ec480bd
*** SHOWDOWN ***
1ec480bd collected $0.12 from pot
*** SUMMARY ***
Total pot $0.12 | Rake $0 | Jackpot $0 | Bingo $0 | Fortune $0
Seat 1: Hero folded before Flop (didn't bet)
Seat 2: bfdf85a6 (button) folded before Flop (didn't bet)
Seat 4: ce0f4790 (small blind) folded before Flop
Seat 5: 9ca0c02a (big blind) folded before Flop
Seat 6: 1ec480bd collected ($0.12)


Poker Hand #HD1140324344: Hold'em No Limit  ($0.02/$0.05) - 2023/02/28 20:29:49
Table 'NLHBlue86' 6-max Seat #1 is the button
Seat 1: Hero ($8.48 in chips)
Seat 2: bfdf85a6 ($5 in chips)
Seat 4: ce0f4790 ($7.4 in chips)
Seat 5: 9ca0c02a ($1.03 in chips)
Seat 6: 1ec480bd ($6.48 in chips)
bfdf85a6: posts small blind $0.02
ce0f4790: posts big blind $0.05
*** HOLE CARDS ***
Dealt to Hero [3h 3s]
Dealt to bfdf85a6 
Dealt to ce0f4790 
Dealt to 9ca0c02a 
Dealt to 1ec480bd 
9ca0c02a: raises $0.1 to $0.15
1ec480bd: raises $0.28 to $0.43
Hero: folds
bfdf85a6: folds
ce0f4790: folds
9ca0c02a: calls $0.28
*** FLOP *** [Jd 7d 4s]
9ca0c02a: checks
1ec480bd: bets $0.93
9ca0c02a: folds
Uncalled bet ($0.93) returned to 1ec480bd
*** SHOWDOWN ***
1ec480bd collected $0.88 from pot
*** SUMMARY ***
Total pot $0.93 | Rake $0.05 | Jackpot $0 | Bingo $0 | Fortune $0
Board [Jd 7d 4s]
Seat 1: Hero (button) folded before Flop (didn't bet)
Seat 2: bfdf85a6 (small blind) folded before Flop
Seat 4: ce0f4790 (big blind) folded before Flop
Seat 5: 9ca0c02a folded on the Flop
Seat 6: 1ec480bd won ($0.88)


Poker Hand #HD1140324233: Hold'em No Limit  ($0.02/$0.05) - 2023/02/28 20:29:08
Table 'NLHBlue86' 6-max Seat #6 is the button
Seat 1: Hero ($8.5 in chips)
Seat 2: bfdf85a6 ($5 in chips)
Seat 4: ce0f4790 ($8.76 in chips)
Seat 5: 9ca0c02a ($1.03 in chips)
Seat 6: 1ec480bd ($5.26 in chips)
Hero: posts small blind $0.02
bfdf85a6: posts big blind $0.05
*** HOLE CARDS ***
Dealt to Hero [4c 2c]
Dealt to bfdf85a6 
Dealt to ce0f4790 
Dealt to 9ca0c02a 
Dealt to 1ec480bd 
ce0f4790: raises $0.08 to $0.13
9ca0c02a: folds
1ec480bd: raises $0.25 to $0.38
Hero: folds
bfdf85a6: folds
ce0f4790: calls $0.25
*** FLOP *** [Tc 6h 2d]
ce0f4790: bets $0.28
1ec480bd: raises $0.7 to $0.98
ce0f4790: calls $0.7
*** TURN *** [Tc 6h 2d] [2s]
ce0f4790: checks
1ec480bd: bets $3.5
ce0f4790: folds
Uncalled bet ($3.5) returned to 1ec480bd
*** SHOWDOWN ***
1ec480bd collected $2.58 from pot
*** SUMMARY ***
Total pot $2.79 | Rake $0.16 | Jackpot $0.05 | Bingo $0 | Fortune $0
Board [Tc 6h 2d 2s]
Seat 1: Hero (small blind) folded before Flop
Seat 2: bfdf85a6 (big blind) folded before Flop
Seat 4: ce0f4790 folded on the Turn
Seat 5: 9ca0c02a folded before Flop (didn't bet)
Seat 6: 1ec480bd (button) won ($2.58)


Poker Hand #HD1140324078: Hold'em No Limit  ($0.02/$0.05) - 2023/02/28 20:28:04
Table 'NLHBlue86' 6-max Seat #5 is the button
Seat 1: Hero ($5.35 in chips)
Seat 2: bfdf85a6 ($5 in chips)
Seat 3: 22cb55ef ($3.56 in chips)
Seat 4: ce0f4790 ($8.76 in chips)
Seat 5: 9ca0c02a ($1.03 in chips)
Seat 6: 1ec480bd ($5.86 in chips)
1ec480bd: posts small blind $0.02
Hero: posts big blind $0.05
*** HOLE CARDS ***
Dealt to Hero [Ks Ah]
Dealt to bfdf85a6 
Dealt to 22cb55ef 
Dealt to ce0f4790 
Dealt to 9ca0c02a 
Dealt to 1ec480bd 
bfdf85a6: folds
22cb55ef: raises $0.08 to $0.13
ce0f4790: folds
9ca0c02a: folds
1ec480bd: calls $0.11
Hero: raises $0.47 to $0.6
22cb55ef: calls $0.47
1ec480bd: calls $0.47
*** FLOP *** [Kc 5d 7h]
1ec480bd: checks
Hero: bets $0.6
22cb55ef: calls $0.6
1ec480bd: folds
*** TURN *** [Kc 5d 7h] [3c]
Hero: bets $3
22cb55ef: calls $2.36 and is all-in
Uncalled bet ($0.64) returned to Hero
Hero: shows [Ks Ah] (Pair of Kings)
22cb55ef: shows [9d Kd] (Pair of Kings)
Hero: Chooses to EV Cashout 
*** RIVER *** [Kc 5d 7h 3c] [8c]
Hero: Pays Cashout Risk ($0.58)
*** SHOWDOWN ***
Hero collected $7.29 from pot
*** SUMMARY ***
Total pot $7.72 | Rake $0.38 | Jackpot $0.05 | Bingo $0 | Fortune $0
Board [Kc 5d 7h 3c 8c]
Seat 1: Hero (big blind) showed [Ks Ah] and won ($7.29) with Pair of Kings, Cashout Risk ($0.58)
Seat 2: bfdf85a6 folded before Flop (didn't bet)
Seat 3: 22cb55ef showed [9d Kd] and lost with Pair of Kings
Seat 4: ce0f4790 folded before Flop (didn't bet)
Seat 5: 9ca0c02a (button) folded before Flop (didn't bet)
Seat 6: 1ec480bd (small blind) folded on the Flop


Poker Hand #HD1140323969: Hold'em No Limit  ($0.02/$0.05) - 2023/02/28 20:27:23
Table 'NLHBlue86' 6-max Seat #4 is the button
Seat 1: Hero ($5.35 in chips)
Seat 2: bfdf85a6 ($5 in chips)
Seat 3: 22cb55ef ($3.37 in chips)
Seat 4: ce0f4790 ($8.76 in chips)
Seat 5: 9ca0c02a ($1.13 in chips)
Seat 6: 1ec480bd ($5.96 in chips)
9ca0c02a: posts small blind $0.02
1ec480bd: posts big blind $0.05
*** HOLE CARDS ***
Dealt to Hero [4d 7d]
Dealt to bfdf85a6 
Dealt to 22cb55ef 
Dealt to ce0f4790 
Dealt to 9ca0c02a 
Dealt to 1ec480bd 
Hero: folds
bfdf85a6: folds
22cb55ef: raises $0.05 to $0.1
ce0f4790: folds
9ca0c02a: calls $0.08
1ec480bd: calls $0.05
*** FLOP *** [Th 3d 2s]
9ca0c02a: checks
1ec480bd: checks
22cb55ef: bets $0.17
9ca0c02a: folds
1ec480bd: folds
Uncalled bet ($0.17) returned to 22cb55ef
*** SHOWDOWN ***
22cb55ef collected $0.29 from pot
*** SUMMARY ***
Total pot $0.3 | Rake $0.01 | Jackpot $0 | Bingo $0 | Fortune $0
Board [Th 3d 2s]
Seat 1: Hero folded before Flop (didn't bet)
Seat 2: bfdf85a6 folded before Flop (didn't bet)
Seat 3: 22cb55ef won ($0.29)
Seat 4: ce0f4790 (button) folded before Flop (didn't bet)
Seat 5: 9ca0c02a (small blind) folded on the Flop
Seat 6: 1ec480bd (big blind) folded on the Flop


Poker Hand #HD1140323848: Hold'em No Limit  ($0.02/$0.05) - 2023/02/28 20:26:36
Table 'NLHBlue86' 6-max Seat #3 is the button
Seat 1: Hero ($5.35 in chips)
Seat 2: bfdf85a6 ($5 in chips)
Seat 3: 22cb55ef ($3.37 in chips)
Seat 4: ce0f4790 ($8.26 in chips)
Seat 5: 9ca0c02a ($1.18 in chips)
Seat 6: 1ec480bd ($6.46 in chips)
ce0f4790: posts small blind $0.02
9ca0c02a: posts big blind $0.05
*** HOLE CARDS ***
Dealt to Hero [5h As]
Dealt to bfdf85a6 
Dealt to 22cb55ef 
Dealt to ce0f4790 
Dealt to 9ca0c02a 
Dealt to 1ec480bd 
1ec480bd: raises $0.05 to $0.1
Hero: folds
bfdf85a6: folds
22cb55ef: folds
ce0f4790: raises $0.4 to $0.5
9ca0c02a: folds
1ec480bd: calls $0.4
*** FLOP *** [Tc Ac 4d]
ce0f4790: bets $0.53
1ec480bd: folds
Uncalled bet ($0.53) returned to ce0f4790
*** SHOWDOWN ***
ce0f4790 collected $1 from pot
*** SUMMARY ***
Total pot $1.05 | Rake $0.05 | Jackpot $0 | Bingo $0 | Fortune $0
Board [Tc Ac 4d]
Seat 1: Hero folded before Flop (didn't bet)
Seat 2: bfdf85a6 folded before Flop (didn't bet)
Seat 3: 22cb55ef (button) folded before Flop (didn't bet)
Seat 4: ce0f4790 (small blind) won ($1)
Seat 5: 9ca0c02a (big blind) folded before Flop
Seat 6: 1ec480bd folded on the Flop


Poker Hand #HD1140323677: Hold'em No Limit  ($0.02/$0.05) - 2023/02/28 20:25:32
Table 'NLHBlue86' 6-max Seat #2 is the button
Seat 1: Hero ($5.35 in chips)
Seat 2: bfdf85a6 ($5 in chips)
Seat 3: 22cb55ef ($2.87 in chips)
Seat 4: ce0f4790 ($8.82 in chips)
Seat 5: 9ca0c02a ($1.18 in chips)
Seat 6: 1ec480bd ($6.46 in chips)
22cb55ef: posts small blind $0.02
ce0f4790: posts big blind $0.05
*** HOLE CARDS ***
Dealt to Hero [6h Tc]
Dealt to bfdf85a6 
Dealt to 22cb55ef 
Dealt to ce0f4790 
Dealt to 9ca0c02a 
Dealt to 1ec480bd 
9ca0c02a: folds
1ec480bd: folds
Hero: folds
bfdf85a6: folds
22cb55ef: raises $0.08 to $0.13
ce0f4790: calls $0.08
*** FLOP *** [3s 4d Qs]
22cb55ef: bets $0.15
ce0f4790: calls $0.15
*** TURN *** [3s 4d Qs] [Kc]
22cb55ef: checks
ce0f4790: bets $0.28
22cb55ef: calls $0.28
*** RIVER *** [3s 4d Qs Kc] [Js]
22cb55ef: checks
ce0f4790: checks
22cb55ef: shows [Ks Kd] (Three Kings)
ce0f4790: shows [Qh 9h] (Pair of Queens)
*** SHOWDOWN ***
22cb55ef collected $1.06 from pot
*** SUMMARY ***
Total pot $1.12 | Rake $0.06 | Jackpot $0 | Bingo $0 | Fortune $0
Board [3s 4d Qs Kc Js]
Seat 1: Hero folded before Flop (didn't bet)
Seat 2: bfdf85a6 (button) folded before Flop (didn't bet)
Seat 3: 22cb55ef (small blind) showed [Ks Kd] and won ($1.06) with Three Kings
Seat 4: ce0f4790 (big blind) showed [Qh 9h] and lost with Pair of Queens
Seat 5: 9ca0c02a folded before Flop (didn't bet)
Seat 6: 1ec480bd folded before Flop (didn't bet)


Poker Hand #HD1140323512: Hold'em No Limit  ($0.02/$0.05) - 2023/02/28 20:24:24
Table 'NLHBlue86' 6-max Seat #1 is the button
Seat 1: Hero ($5.35 in chips)
Seat 2: bfdf85a6 ($5 in chips)
Seat 3: 22cb55ef ($3 in chips)
Seat 4: ce0f4790 ($8.4 in chips)
Seat 5: 9ca0c02a ($1.18 in chips)
Seat 6: 1ec480bd ($6.46 in chips)
bfdf85a6: posts small blind $0.02
22cb55ef: posts big blind $0.05
*** HOLE CARDS ***
Dealt to Hero [6d 2s]
Dealt to bfdf85a6 
Dealt to 22cb55ef 
Dealt to ce0f4790 
Dealt to 9ca0c02a 
Dealt to 1ec480bd 
ce0f4790: raises $0.08 to $0.13
9ca0c02a: folds
1ec480bd: folds
Hero: folds
bfdf85a6: calls $0.11
22cb55ef: calls $0.08
*** FLOP *** [Kd Ts Ad]
bfdf85a6: bets $0.2
22cb55ef: folds
ce0f4790: calls $0.2
*** TURN *** [Kd Ts Ad] [Td]
bfdf85a6: checks
ce0f4790: checks
*** RIVER *** [Kd Ts Ad Td] [7h]
bfdf85a6: checks
ce0f4790: checks
bfdf85a6: shows [Qd Kc] (Pair of Kings and Pair of Tens)
ce0f4790: shows [8h Ah] (Pair of Aces and Pair of Tens)
*** SHOWDOWN ***
ce0f4790 collected $0.75 from pot
*** SUMMARY ***
Total pot $0.79 | Rake $0.04 | Jackpot $0 | Bingo $0 | Fortune $0
Board [Kd Ts Ad Td 7h]
Seat 1: Hero (button) folded before Flop (didn't bet)
Seat 2: bfdf85a6 (small blind) showed [Qd Kc] and lost with Pair of Kings and Pair of Tens
Seat 3: 22cb55ef (big blind) folded on the Flop
Seat 4: ce0f4790 showed [8h Ah] and won ($0.75) with Pair of Aces and Pair of Tens
Seat 5: 9ca0c02a folded before Flop (didn't bet)
Seat 6: 1ec480bd folded before Flop (didn't bet)


Poker Hand #HD1140323413: Hold'em No Limit  ($0.02/$0.05) - 2023/02/28 20:23:43
Table 'NLHBlue86' 6-max Seat #6 is the button
Seat 1: Hero ($5.37 in chips)
Seat 2: bfdf85a6 ($5 in chips)
Seat 3: 22cb55ef ($3 in chips)
Seat 4: ce0f4790 ($8.14 in chips)
Seat 5: 9ca0c02a ($1.18 in chips)
Seat 6: 1ec480bd ($6.59 in chips)
Hero: posts small blind $0.02
bfdf85a6: posts big blind $0.05
*** HOLE CARDS ***
Dealt to Hero [Qs Kd]
Dealt to bfdf85a6 
Dealt to 22cb55ef 
Dealt to ce0f4790 
Dealt to 9ca0c02a 
Dealt to 1ec480bd 
22cb55ef: folds
ce0f4790: raises $0.08 to $0.13
9ca0c02a: folds
1ec480bd: calls $0.13
Hero: folds
bfdf85a6: calls $0.08
*** FLOP *** [7h Ks 3s]
bfdf85a6: checks
ce0f4790: bets $0.31
1ec480bd: folds
bfdf85a6: folds
Uncalled bet ($0.31) returned to ce0f4790
*** SHOWDOWN ***
ce0f4790 collected $0.39 from pot
*** SUMMARY ***
Total pot $0.41 | Rake $0.02 | Jackpot $0 | Bingo $0 | Fortune $0
Board [7h Ks 3s]
Seat 1: Hero (small blind) folded before Flop
Seat 2: bfdf85a6 (big blind) folded on the Flop
Seat 3: 22cb55ef folded before Flop (didn't bet)
Seat 4: ce0f4790 won ($0.39)
Seat 5: 9ca0c02a folded before Flop (didn't bet)
Seat 6: 1ec480bd (button) folded on the Flop


Poker Hand #HD1140323382: Hold'em No Limit  ($0.02/$0.05) - 2023/02/28 20:23:29
Table 'NLHBlue86' 6-max Seat #5 is the button
Seat 1: Hero ($5.42 in chips)
Seat 2: bfdf85a6 ($5 in chips)
Seat 3: 22cb55ef ($3 in chips)
Seat 4: ce0f4790 ($8.14 in chips)
Seat 5: 9ca0c02a ($1.18 in chips)
Seat 6: 1ec480bd ($6.54 in chips)
1ec480bd: posts small blind $0.02
Hero: posts big blind $0.05
*** HOLE CARDS ***
Dealt to Hero [Td 8c]
Dealt to bfdf85a6 
Dealt to 22cb55ef 
Dealt to ce0f4790 
Dealt to 9ca0c02a 
Dealt to 1ec480bd 
bfdf85a6: folds
22cb55ef: folds
ce0f4790: folds
9ca0c02a: folds
1ec480bd: raises $0.1 to $0.15
Hero: folds
Uncalled bet ($0.1) returned to 1ec480bd
*** SHOWDOWN ***
1ec480bd collected $0.1 from pot
*** SUMMARY ***
Total pot $0.1 | Rake $0 | Jackpot $0 | Bingo $0 | Fortune $0
Seat 1: Hero (big blind) folded before Flop
Seat 2: bfdf85a6 folded before Flop (didn't bet)
Seat 3: 22cb55ef folded before Flop (didn't bet)
Seat 4: ce0f4790 folded before Flop (didn't bet)
Seat 5: 9ca0c02a (button) folded before Flop (didn't bet)
Seat 6: 1ec480bd (small blind) collected ($0.1)


Poker Hand #HD1140323332: Hold'em No Limit  ($0.02/$0.05) - 2023/02/28 20:23:11
Table 'NLHBlue86' 6-max Seat #4 is the button
Seat 1: Hero ($5.42 in chips)
Seat 2: bfdf85a6 ($5 in chips)
Seat 3: 22cb55ef ($3 in chips)
Seat 4: ce0f4790 ($8.14 in chips)
Seat 5: 9ca0c02a ($1.2 in chips)
Seat 6: 1ec480bd ($6.52 in chips)
9ca0c02a: posts small blind $0.02
1ec480bd: posts big blind $0.05
*** HOLE CARDS ***
Dealt to Hero [2s Ts]
Dealt to bfdf85a6 
Dealt to 22cb55ef 
Dealt to ce0f4790 
Dealt to 9ca0c02a 
Dealt to 1ec480bd 
Hero: folds
bfdf85a6: folds
22cb55ef: folds
ce0f4790: folds
9ca0c02a: folds
Uncalled bet ($0.03) returned to 1ec480bd
*** SHOWDOWN ***
1ec480bd collected $0.04 from pot
*** SUMMARY ***
Total pot $0.04 | Rake $0 | Jackpot $0 | Bingo $0 | Fortune $0
Seat 1: Hero folded before Flop (didn't bet)
Seat 2: bfdf85a6 folded before Flop (didn't bet)
Seat 3: 22cb55ef folded before Flop (didn't bet)
Seat 4: ce0f4790 (button) folded before Flop (didn't bet)
Seat 5: 9ca0c02a (small blind) folded before Flop
Seat 6: 1ec480bd (big blind) collected ($0.04)


Poker Hand #HD1140323209: Hold'em No Limit  ($0.02/$0.05) - 2023/02/28 20:22:23
Table 'NLHBlue86' 6-max Seat #3 is the button
Seat 1: Hero ($5.42 in chips)
Seat 2: bfdf85a6 ($5.25 in chips)
Seat 3: 22cb55ef ($3 in chips)
Seat 4: ce0f4790 ($8.16 in chips)
Seat 5: 9ca0c02a ($0.93 in chips)
Seat 6: 1ec480bd ($6.52 in chips)
ce0f4790: posts small blind $0.02
9ca0c02a: posts big blind $0.05
*** HOLE CARDS ***
Dealt to Hero [8h Jc]
Dealt to bfdf85a6 
Dealt to 22cb55ef 
Dealt to ce0f4790 
Dealt to 9ca0c02a 
Dealt to 1ec480bd 
1ec480bd: folds
Hero: folds
bfdf85a6: raises $0.08 to $0.13
22cb55ef: folds
ce0f4790: folds
9ca0c02a: calls $0.08
*** FLOP *** [9d Ad Kc]
9ca0c02a: checks
bfdf85a6: checks
*** TURN *** [9d Ad Kc] [7h]
9ca0c02a: bets $0.14
bfdf85a6: calls $0.14
*** RIVER *** [9d Ad Kc 7h] [Jh]
9ca0c02a: bets $0.31
bfdf85a6: folds
Uncalled bet ($0.31) returned to 9ca0c02a
*** SHOWDOWN ***
9ca0c02a collected $0.54 from pot
*** SUMMARY ***
Total pot $0.56 | Rake $0.02 | Jackpot $0 | Bingo $0 | Fortune $0
Board [9d Ad Kc 7h Jh]
Seat 1: Hero folded before Flop (didn't bet)
Seat 2: bfdf85a6 folded on the River
Seat 3: 22cb55ef (button) folded before Flop (didn't bet)
Seat 4: ce0f4790 (small blind) folded before Flop
Seat 5: 9ca0c02a (big blind) won ($0.54)
Seat 6: 1ec480bd folded before Flop (didn't bet)


Poker Hand #HD1140323166: Hold'em No Limit  ($0.02/$0.05) - 2023/02/28 20:22:07
Table 'NLHBlue86' 6-max Seat #2 is the button
Seat 1: Hero ($5.35 in chips)
Seat 2: bfdf85a6 ($5.25 in chips)
Seat 3: 22cb55ef ($3.02 in chips)
Seat 4: ce0f4790 ($8.21 in chips)
Seat 5: 9ca0c02a ($0.93 in chips)
Seat 6: 1ec480bd ($6.52 in chips)
22cb55ef: posts small blind $0.02
ce0f4790: posts big blind $0.05
*** HOLE CARDS ***
Dealt to Hero [Jh Ts]
Dealt to bfdf85a6 
Dealt to 22cb55ef 
Dealt to ce0f4790 
Dealt to 9ca0c02a 
Dealt to 1ec480bd 
9ca0c02a: folds
1ec480bd: folds
Hero: raises $0.07 to $0.12
bfdf85a6: folds
22cb55ef: folds
ce0f4790: folds
Uncalled bet ($0.07) returned to Hero
*** SHOWDOWN ***
Hero collected $0.12 from pot
*** SUMMARY ***
Total pot $0.12 | Rake $0 | Jackpot $0 | Bingo $0 | Fortune $0
Seat 1: Hero collected ($0.12)
Seat 2: bfdf85a6 (button) folded before Flop (didn't bet)
Seat 3: 22cb55ef (small blind) folded before Flop
Seat 4: ce0f4790 (big blind) folded before Flop
Seat 5: 9ca0c02a folded before Flop (didn't bet)
Seat 6: 1ec480bd folded before Flop (didn't bet)


Poker Hand #HD1140323114: Hold'em No Limit  ($0.02/$0.05) - 2023/02/28 20:21:42
Table 'NLHBlue86' 6-max Seat #1 is the button
Seat 1: Hero ($5.35 in chips)
Seat 2: bfdf85a6 ($5.13 in chips)
Seat 3: 22cb55ef ($3.15 in chips)
Seat 4: ce0f4790 ($8.21 in chips)
Seat 5: 9ca0c02a ($0.93 in chips)
Seat 6: 1ec480bd ($6.52 in chips)
bfdf85a6: posts small blind $0.02
22cb55ef: posts big blind $0.05
*** HOLE CARDS ***
Dealt to Hero [8s 2d]
Dealt to bfdf85a6 
Dealt to 22cb55ef 
Dealt to ce0f4790 
Dealt to 9ca0c02a 
Dealt to 1ec480bd 
ce0f4790: folds
9ca0c02a: folds
1ec480bd: folds
Hero: folds
bfdf85a6: raises $0.08 to $0.13
22cb55ef: calls $0.08
*** FLOP *** [As 7h 5d]
bfdf85a6: bets $0.13
22cb55ef: folds
Uncalled bet ($0.13) returned to bfdf85a6
*** SHOWDOWN ***
bfdf85a6 collected $0.25 from pot
*** SUMMARY ***
Total pot $0.26 | Rake $0.01 | Jackpot $0 | Bingo $0 | Fortune $0
Board [As 7h 5d]
Seat 1: Hero (button) folded before Flop (didn't bet)
Seat 2: bfdf85a6 (small blind) won ($0.25)
Seat 3: 22cb55ef (big blind) folded on the Flop
Seat 4: ce0f4790 folded before Flop (didn't bet)
Seat 5: 9ca0c02a folded before Flop (didn't bet)
Seat 6: 1ec480bd folded before Flop (didn't bet)


Poker Hand #HD1140322992: Hold'em No Limit  ($0.02/$0.05) - 2023/02/28 20:20:53
Table 'NLHBlue86' 6-max Seat #6 is the button
Seat 1: Hero ($5.37 in chips)
Seat 2: bfdf85a6 ($5.18 in chips)
Seat 3: 22cb55ef ($3.15 in chips)
Seat 4: ce0f4790 ($8.21 in chips)
Seat 5: 9ca0c02a ($2.49 in chips)
Seat 6: 1ec480bd ($5.12 in chips)
Hero: posts small blind $0.02
bfdf85a6: posts big blind $0.05
*** HOLE CARDS ***
Dealt to Hero [6d 4c]
Dealt to bfdf85a6 
Dealt to 22cb55ef 
Dealt to ce0f4790 
Dealt to 9ca0c02a 
Dealt to 1ec480bd 
22cb55ef: folds
ce0f4790: folds
9ca0c02a: raises $0.15 to $0.2
1ec480bd: calls $0.2
Hero: folds
bfdf85a6: folds
*** FLOP *** [Ts 4h 9c]
9ca0c02a: bets $0.24
1ec480bd: calls $0.24
*** TURN *** [Ts 4h 9c] [Kh]
9ca0c02a: bets $0.48
1ec480bd: calls $0.48
*** RIVER *** [Ts 4h 9c Kh] [5s]
9ca0c02a: checks
1ec480bd: bets $0.64
9ca0c02a: calls $0.64
1ec480bd: shows [Kc Qc] (Pair of Kings)
9ca0c02a: shows [Ad Th] (Pair of Tens)
*** SHOWDOWN ***
1ec480bd collected $2.96 from pot
*** SUMMARY ***
Total pot $3.19 | Rake $0.18 | Jackpot $0.05 | Bingo $0 | Fortune $0
Board [Ts 4h 9c Kh 5s]
Seat 1: Hero (small blind) folded before Flop
Seat 2: bfdf85a6 (big blind) folded before Flop
Seat 3: 22cb55ef folded before Flop (didn't bet)
Seat 4: ce0f4790 folded before Flop (didn't bet)
Seat 5: 9ca0c02a showed [Ad Th] and lost with Pair of Tens
Seat 6: 1ec480bd (button) showed [Kc Qc] and won ($2.96) with Pair of Kings


Poker Hand #HD1140322881: Hold'em No Limit  ($0.02/$0.05) - 2023/02/28 20:20:11
Table 'NLHBlue86' 6-max Seat #5 is the button
Seat 1: Hero ($5.42 in chips)
Seat 2: bfdf85a6 ($5.18 in chips)
Seat 3: 22cb55ef ($3.15 in chips)
Seat 4: ce0f4790 ($8.21 in chips)
Seat 5: 9ca0c02a ($2.49 in chips)
Seat 6: 1ec480bd ($5.07 in chips)
1ec480bd: posts small blind $0.02
Hero: posts big blind $0.05
*** HOLE CARDS ***
Dealt to Hero [Qs 5h]
Dealt to bfdf85a6 
Dealt to 22cb55ef 
Dealt to ce0f4790 
Dealt to 9ca0c02a 
Dealt to 1ec480bd 
bfdf85a6: folds
22cb55ef: folds
ce0f4790: folds
9ca0c02a: folds
1ec480bd: calls $0.03
Hero: checks
*** FLOP *** [Kh Ad 5d]
1ec480bd: checks
Hero: checks
*** TURN *** [Kh Ad 5d] [6d]
1ec480bd: checks
Hero: checks
*** RIVER *** [Kh Ad 5d 6d] [7h]
1ec480bd: checks
Hero: checks
1ec480bd: shows [7c Jc] (Pair of Sevens)
Hero: shows [Qs 5h] (Pair of Fives)
*** SHOWDOWN ***
1ec480bd collected $0.1 from pot
*** SUMMARY ***
Total pot $0.1 | Rake $0 | Jackpot $0 | Bingo $0 | Fortune $0
Board [Kh Ad 5d 6d 7h]
Seat 1: Hero (big blind) showed [Qs 5h] and lost with Pair of Fives
Seat 2: bfdf85a6 folded before Flop (didn't bet)
Seat 3: 22cb55ef folded before Flop (didn't bet)
Seat 4: ce0f4790 folded before Flop (didn't bet)
Seat 5: 9ca0c02a (button) folded before Flop (didn't bet)
Seat 6: 1ec480bd (small blind) showed [7c Jc] and won ($0.1) with Pair of Sevens


Poker Hand #HD1140322794: Hold'em No Limit  ($0.02/$0.05) - 2023/02/28 20:19:33
Table 'NLHBlue86' 6-max Seat #4 is the button
Seat 1: Hero ($5.03 in chips)
Seat 2: bfdf85a6 ($5.18 in chips)
Seat 3: 22cb55ef ($3.51 in chips)
Seat 4: ce0f4790 ($8.21 in chips)
Seat 5: 9ca0c02a ($2.51 in chips)
Seat 6: 1ec480bd ($5.12 in chips)
9ca0c02a: posts small blind $0.02
1ec480bd: posts big blind $0.05
*** HOLE CARDS ***
Dealt to Hero [Jd Jc]
Dealt to bfdf85a6 
Dealt to 22cb55ef 
Dealt to ce0f4790 
Dealt to 9ca0c02a 
Dealt to 1ec480bd 
Hero: raises $0.07 to $0.12
bfdf85a6: folds
22cb55ef: raises $0.24 to $0.36
ce0f4790: folds
9ca0c02a: folds
1ec480bd: folds
Hero: raises $4.67 to $5.03 and is all-in
22cb55ef: folds
Uncalled bet ($4.67) returned to Hero
*** SHOWDOWN ***
Hero collected $0.75 from pot
*** SUMMARY ***
Total pot $0.79 | Rake $0.04 | Jackpot $0 | Bingo $0 | Fortune $0
Seat 1: Hero collected ($0.75)
Seat 2: bfdf85a6 folded before Flop (didn't bet)
Seat 3: 22cb55ef folded before Flop
Seat 4: ce0f4790 (button) folded before Flop (didn't bet)
Seat 5: 9ca0c02a (small blind) folded before Flop
Seat 6: 1ec480bd (big blind) folded before Flop


Poker Hand #HD1140322752: Hold'em No Limit  ($0.02/$0.05) - 2023/02/28 20:19:18
Table 'NLHBlue86' 6-max Seat #3 is the button
Seat 1: Hero ($5.03 in chips)
Seat 2: bfdf85a6 ($5.18 in chips)
Seat 3: 22cb55ef ($3.51 in chips)
Seat 4: ce0f4790 ($8.23 in chips)
Seat 5: 9ca0c02a ($2.56 in chips)
Seat 6: 1ec480bd ($5.05 in chips)
ce0f4790: posts small blind $0.02
9ca0c02a: posts big blind $0.05
*** HOLE CARDS ***
Dealt to Hero [8h Jc]
Dealt to bfdf85a6 
Dealt to 22cb55ef 
Dealt to ce0f4790 
Dealt to 9ca0c02a 
Dealt to 1ec480bd 
1ec480bd: raises $0.1 to $0.15
Hero: folds
bfdf85a6: folds
22cb55ef: folds
ce0f4790: folds
9ca0c02a: folds
Uncalled bet ($0.1) returned to 1ec480bd
*** SHOWDOWN ***
1ec480bd collected $0.12 from pot
*** SUMMARY ***
Total pot $0.12 | Rake $0 | Jackpot $0 | Bingo $0 | Fortune $0
Seat 1: Hero folded before Flop (didn't bet)
Seat 2: bfdf85a6 folded before Flop (didn't bet)
Seat 3: 22cb55ef (button) folded before Flop (didn't bet)
Seat 4: ce0f4790 (small blind) folded before Flop
Seat 5: 9ca0c02a (big blind) folded before Flop
Seat 6: 1ec480bd collected ($0.12)


Poker Hand #HD1140322686: Hold'em No Limit  ($0.02/$0.05) - 2023/02/28 20:18:50
Table 'NLHBlue86' 6-max Seat #2 is the button
Seat 1: Hero ($5.03 in chips)
Seat 2: bfdf85a6 ($5.18 in chips)
Seat 3: 22cb55ef ($3.53 in chips)
Seat 4: ce0f4790 ($8.07 in chips)
Seat 5: 9ca0c02a ($2.56 in chips)
Seat 6: 1ec480bd ($5.2 in chips)
22cb55ef: posts small blind $0.02
ce0f4790: posts big blind $0.05
*** HOLE CARDS ***
Dealt to Hero [Ac 3h]
Dealt to bfdf85a6 
Dealt to 22cb55ef 
Dealt to ce0f4790 
Dealt to 9ca0c02a 
Dealt to 1ec480bd 
9ca0c02a: folds
1ec480bd: raises $0.1 to $0.15
Hero: folds
bfdf85a6: folds
22cb55ef: folds
ce0f4790: calls $0.1
*** FLOP *** [3c Qd Qs]
ce0f4790: checks
1ec480bd: checks
*** TURN *** [3c Qd Qs] [8d]
ce0f4790: bets $0.16
1ec480bd: folds
Uncalled bet ($0.16) returned to ce0f4790
*** SHOWDOWN ***
ce0f4790 collected $0.31 from pot
*** SUMMARY ***
Total pot $0.32 | Rake $0.01 | Jackpot $0 | Bingo $0 | Fortune $0
Board [3c Qd Qs 8d]
Seat 1: Hero folded before Flop (didn't bet)
Seat 2: bfdf85a6 (button) folded before Flop (didn't bet)
Seat 3: 22cb55ef (small blind) folded before Flop
Seat 4: ce0f4790 (big blind) won ($0.31)
Seat 5: 9ca0c02a folded before Flop (didn't bet)
Seat 6: 1ec480bd folded on the Turn


Poker Hand #HD1140322607: Hold'em No Limit  ($0.02/$0.05) - 2023/02/28 20:18:16
Table 'NLHBlue86' 6-max Seat #1 is the button
Seat 1: Hero ($5.03 in chips)
Seat 2: bfdf85a6 ($5.2 in chips)
Seat 3: 22cb55ef ($3.68 in chips)
Seat 4: ce0f4790 ($8.07 in chips)
Seat 5: 9ca0c02a ($2.4 in chips)
Seat 6: 1ec480bd ($5.2 in chips)
bfdf85a6: posts small blind $0.02
22cb55ef: posts big blind $0.05
*** HOLE CARDS ***
Dealt to Hero [Ts 6s]
Dealt to bfdf85a6 
Dealt to 22cb55ef 
Dealt to ce0f4790 
Dealt to 9ca0c02a 
Dealt to 1ec480bd 
ce0f4790: folds
9ca0c02a: raises $0.1 to $0.15
1ec480bd: folds
Hero: folds
bfdf85a6: folds
22cb55ef: calls $0.1
*** FLOP *** [6d 2c Js]
22cb55ef: checks
9ca0c02a: bets $0.16
22cb55ef: folds
Uncalled bet ($0.16) returned to 9ca0c02a
*** SHOWDOWN ***
9ca0c02a collected $0.31 from pot
*** SUMMARY ***
Total pot $0.32 | Rake $0.01 | Jackpot $0 | Bingo $0 | Fortune $0
Board [6d 2c Js]
Seat 1: Hero (button) folded before Flop (didn't bet)
Seat 2: bfdf85a6 (small blind) folded before Flop
Seat 3: 22cb55ef (big blind) folded on the Flop
Seat 4: ce0f4790 folded before Flop (didn't bet)
Seat 5: 9ca0c02a won ($0.31)
Seat 6: 1ec480bd folded before Flop (didn't bet)


Poker Hand #HD1140322515: Hold'em No Limit  ($0.02/$0.05) - 2023/02/28 20:17:44
Table 'NLHBlue86' 6-max Seat #6 is the button
Seat 1: Hero ($5.05 in chips)
Seat 2: bfdf85a6 ($5.09 in chips)
Seat 3: 22cb55ef ($3.68 in chips)
Seat 4: ce0f4790 ($8.07 in chips)
Seat 5: 9ca0c02a ($2.4 in chips)
Seat 6: 1ec480bd ($5.3 in chips)
Hero: posts small blind $0.02
bfdf85a6: posts big blind $0.05
*** HOLE CARDS ***
Dealt to Hero [7h Qh]
Dealt to bfdf85a6 
Dealt to 22cb55ef 
Dealt to ce0f4790 
Dealt to 9ca0c02a 
Dealt to 1ec480bd 
22cb55ef: folds
ce0f4790: folds
9ca0c02a: folds
1ec480bd: raises $0.05 to $0.1
Hero: folds
bfdf85a6: calls $0.05
*** FLOP *** [7c Th 9c]
bfdf85a6: checks
1ec480bd: checks
*** TURN *** [7c Th 9c] [Ac]
bfdf85a6: checks
1ec480bd: checks
*** RIVER *** [7c Th 9c Ac] [As]
bfdf85a6: checks
1ec480bd: checks
bfdf85a6: shows [Jd Qd] (Pair of Aces)
1ec480bd: shows [2d 3d] (Pair of Aces)
*** SHOWDOWN ***
bfdf85a6 collected $0.21 from pot
*** SUMMARY ***
Total pot $0.22 | Rake $0.01 | Jackpot $0 | Bingo $0 | Fortune $0
Board [7c Th 9c Ac As]
Seat 1: Hero (small blind) folded before Flop
Seat 2: bfdf85a6 (big blind) showed [Jd Qd] and won ($0.21) with Pair of Aces
Seat 3: 22cb55ef folded before Flop (didn't bet)
Seat 4: ce0f4790 folded before Flop (didn't bet)
Seat 5: 9ca0c02a folded before Flop (didn't bet)
Seat 6: 1ec480bd (button) showed [2d 3d] and lost with Pair of Aces


Poker Hand #HD1140322474: Hold'em No Limit  ($0.02/$0.05) - 2023/02/28 20:17:27
Table 'NLHBlue86' 6-max Seat #5 is the button
Seat 1: Hero ($5 in chips)
Seat 2: bfdf85a6 ($5.09 in chips)
Seat 3: 22cb55ef ($3.68 in chips)
Seat 4: ce0f4790 ($8.07 in chips)
Seat 5: 9ca0c02a ($2.4 in chips)
Seat 6: 1ec480bd ($5.25 in chips)
1ec480bd: posts small blind $0.02
Hero: posts big blind $0.05
*** HOLE CARDS ***
Dealt to Hero [Th 7d]
Dealt to bfdf85a6 
Dealt to 22cb55ef 
Dealt to ce0f4790 
Dealt to 9ca0c02a 
Dealt to 1ec480bd 
bfdf85a6: folds
22cb55ef: folds
ce0f4790: folds
9ca0c02a: folds
1ec480bd: raises $0.05 to $0.1
Hero: folds
Uncalled bet ($0.05) returned to 1ec480bd
*** SHOWDOWN ***
1ec480bd collected $0.1 from pot
*** SUMMARY ***
Total pot $0.1 | Rake $0 | Jackpot $0 | Bingo $0 | Fortune $0
Seat 1: Hero (big blind) folded before Flop
Seat 2: bfdf85a6 folded before Flop (didn't bet)
Seat 3: 22cb55ef folded before Flop (didn't bet)
Seat 4: ce0f4790 folded before Flop (didn't bet)
Seat 5: 9ca0c02a (button) folded before Flop (didn't bet)
Seat 6: 1ec480bd (small blind) collected ($0.1)


Poker Hand #HD1140322429: Hold'em No Limit  ($0.02/$0.05) - 2023/02/28 20:17:10
Table 'NLHBlue86' 6-max Seat #4 is the button
Seat 1: Hero ($5 in chips)
Seat 2: bfdf85a6 ($5.09 in chips)
Seat 3: 22cb55ef ($3.68 in chips)
Seat 4: ce0f4790 ($8.07 in chips)
Seat 5: 9ca0c02a ($2.35 in chips)
Seat 6: 1ec480bd ($5.3 in chips)
9ca0c02a: posts small blind $0.02
1ec480bd: posts big blind $0.05
*** HOLE CARDS ***
Dealt to Hero [7c 6d]
Dealt to bfdf85a6 
Dealt to 22cb55ef 
Dealt to ce0f4790 
Dealt to 9ca0c02a 
Dealt to 1ec480bd 
Hero: folds
bfdf85a6: folds
22cb55ef: folds
ce0f4790: folds
9ca0c02a: raises $0.15 to $0.2
1ec480bd: folds
Uncalled bet ($0.15) returned to 9ca0c02a
*** SHOWDOWN ***
9ca0c02a collected $0.1 from pot
*** SUMMARY ***
Total pot $0.1 | Rake $0 | Jackpot $0 | Bingo $0 | Fortune $0
Seat 1: Hero folded before Flop (didn't bet)
Seat 2: bfdf85a6 folded before Flop (didn't bet)
Seat 3: 22cb55ef folded before Flop (didn't bet)
Seat 4: ce0f4790 (button) folded before Flop (didn't bet)
Seat 5: 9ca0c02a (small blind) collected ($0.1)
Seat 6: 1ec480bd (big blind) folded before Flop


Poker Hand #HD1140322291: Hold'em No Limit  ($0.02/$0.05) - 2023/02/28 20:16:14
Table 'NLHBlue86' 6-max Seat #3 is the button
Seat 1: Hero ($5 in chips)
Seat 2: bfdf85a6 ($5.09 in chips)
Seat 3: 22cb55ef ($4.2 in chips)
Seat 4: ce0f4790 ($8.09 in chips)
Seat 5: 9ca0c02a ($2.4 in chips)
Seat 6: 1ec480bd ($4.77 in chips)
ce0f4790: posts small blind $0.02
9ca0c02a: posts big blind $0.05
*** HOLE CARDS ***
Dealt to Hero [Qd 9s]
Dealt to bfdf85a6 
Dealt to 22cb55ef 
Dealt to ce0f4790 
Dealt to 9ca0c02a 
Dealt to 1ec480bd 
1ec480bd: calls $0.05
Hero: folds
bfdf85a6: folds
22cb55ef: calls $0.05
ce0f4790: folds
9ca0c02a: checks
*** FLOP *** [8s 7h Ks]
9ca0c02a: checks
1ec480bd: checks
22cb55ef: bets $0.1
9ca0c02a: folds
1ec480bd: calls $0.1
*** TURN *** [8s 7h Ks] [Tc]
1ec480bd: checks
22cb55ef: checks
*** RIVER *** [8s 7h Ks Tc] [9d]
1ec480bd: bets $0.37
22cb55ef: calls $0.37
1ec480bd: shows [6h 7c] (Tens-High Straight)
22cb55ef: shows [Kc 9c] (Pair of Kings and Pair of Nines)
*** SHOWDOWN ***
1ec480bd collected $1.05 from pot
*** SUMMARY ***
Total pot $1.11 | Rake $0.06 | Jackpot $0 | Bingo $0 | Fortune $0
Board [8s 7h Ks Tc 9d]
Seat 1: Hero folded before Flop (didn't bet)
Seat 2: bfdf85a6 folded before Flop (didn't bet)
Seat 3: 22cb55ef (button) showed [Kc 9c] and lost with Pair of Kings and Pair of Nines
Seat 4: ce0f4790 (small blind) folded before Flop
Seat 5: 9ca0c02a (big blind) folded on the Flop
Seat 6: 1ec480bd showed [6h 7c] and won ($1.05) with Tens-High Straight


Poker Hand #HD1140322237: Hold'em No Limit  ($0.02/$0.05) - 2023/02/28 20:15:47
Table 'NLHBlue86' 6-max Seat #2 is the button
Seat 1: Hero ($5 in chips)
Seat 2: bfdf85a6 ($5.09 in chips)
Seat 3: 22cb55ef ($4.22 in chips)
Seat 4: ce0f4790 ($8.14 in chips)
Seat 5: 9ca0c02a ($2.4 in chips)
Seat 6: 1ec480bd ($4.7 in chips)
22cb55ef: posts small blind $0.02
ce0f4790: posts big blind $0.05
*** HOLE CARDS ***
Dealt to Hero [3c 9h]
Dealt to bfdf85a6 
Dealt to 22cb55ef 
Dealt to ce0f4790 
Dealt to 9ca0c02a 
Dealt to 1ec480bd 
9ca0c02a: folds
1ec480bd: raises $0.1 to $0.15
Hero: folds
bfdf85a6: folds
22cb55ef: folds
ce0f4790: folds
Uncalled bet ($0.1) returned to 1ec480bd
*** SHOWDOWN ***
1ec480bd collected $0.12 from pot
*** SUMMARY ***
Total pot $0.12 | Rake $0 | Jackpot $0 | Bingo $0 | Fortune $0
Seat 1: Hero folded before Flop (didn't bet)
Seat 2: bfdf85a6 (button) folded before Flop (didn't bet)
Seat 3: 22cb55ef (small blind) folded before Flop
Seat 4: ce0f4790 (big blind) folded before Flop
Seat 5: 9ca0c02a folded before Flop (didn't bet)
Seat 6: 1ec480bd collected ($0.12)


Poker Hand #HD1140322117: Hold'em No Limit  ($0.02/$0.05) - 2023/02/28 20:15:05
Table 'NLHBlue86' 6-max Seat #1 is the button
Seat 1: Hero ($5 in chips)
Seat 2: bfdf85a6 ($5.22 in chips)
Seat 3: 22cb55ef ($4.1 in chips)
Seat 4: ce0f4790 ($8.14 in chips)
Seat 5: 9ca0c02a ($2.4 in chips)
Seat 6: 1ec480bd ($4.7 in chips)
bfdf85a6: posts small blind $0.02
22cb55ef: posts big blind $0.05
*** HOLE CARDS ***
Dealt to Hero [6c 8h]
Dealt to bfdf85a6 
Dealt to 22cb55ef 
Dealt to ce0f4790 
Dealt to 9ca0c02a 
Dealt to 1ec480bd 
ce0f4790: folds
9ca0c02a: folds
1ec480bd: folds
Hero: folds
bfdf85a6: raises $0.08 to $0.13
22cb55ef: calls $0.08
*** FLOP *** [7d 4h Kh]
bfdf85a6: checks
22cb55ef: checks
*** TURN *** [7d 4h Kh] [3h]
bfdf85a6: checks
22cb55ef: bets $0.2
bfdf85a6: folds
Uncalled bet ($0.2) returned to 22cb55ef
*** SHOWDOWN ***
22cb55ef collected $0.25 from pot
*** SUMMARY ***
Total pot $0.26 | Rake $0.01 | Jackpot $0 | Bingo $0 | Fortune $0
Board [7d 4h Kh 3h]
Seat 1: Hero (button) folded before Flop (didn't bet)
Seat 2: bfdf85a6 (small blind) folded on the Turn
Seat 3: 22cb55ef (big blind) won ($0.25)
Seat 4: ce0f4790 folded before Flop (didn't bet)
Seat 5: 9ca0c02a folded before Flop (didn't bet)
Seat 6: 1ec480bd folded before Flop (didn't bet)


Poker Hand #HD1140322078: Hold'em No Limit  ($0.02/$0.05) - 2023/02/28 20:14:51
Table 'NLHBlue86' 6-max Seat #6 is the button
Seat 1: Hero ($5 in chips)
Seat 2: bfdf85a6 ($5.2 in chips)
Seat 3: 22cb55ef ($4.1 in chips)
Seat 4: ce0f4790 ($8.14 in chips)
Seat 5: 9ca0c02a ($2.4 in chips)
Seat 6: 1ec480bd ($4.7 in chips)
Hero: posts small blind $0.02
bfdf85a6: posts big blind $0.05
*** HOLE CARDS ***
Dealt to Hero [Qd 8c]
Dealt to bfdf85a6 
Dealt to 22cb55ef 
Dealt to ce0f4790 
Dealt to 9ca0c02a 
Dealt to 1ec480bd 
22cb55ef: folds
ce0f4790: folds
9ca0c02a: folds
1ec480bd: folds
Hero: folds
Uncalled bet ($0.03) returned to bfdf85a6
*** SHOWDOWN ***
bfdf85a6 collected $0.04 from pot
*** SUMMARY ***
Total pot $0.04 | Rake $0 | Jackpot $0 | Bingo $0 | Fortune $0
Seat 1: Hero (small blind) folded before Flop
Seat 2: bfdf85a6 (big blind) collected ($0.04)
Seat 3: 22cb55ef folded before Flop (didn't bet)
Seat 4: ce0f4790 folded before Flop (didn't bet)
Seat 5: 9ca0c02a folded before Flop (didn't bet)
Seat 6: 1ec480bd (button) folded before Flop (didn't bet)


Poker Hand #HD1140321964: Hold'em No Limit  ($0.02/$0.05) - 2023/02/28 20:13:58
Table 'NLHBlue86' 6-max Seat #5 is the button
Seat 1: Hero ($5.14 in chips)
Seat 2: bfdf85a6 ($5.2 in chips)
Seat 3: 22cb55ef ($3.64 in chips)
Seat 4: ce0f4790 ($8.14 in chips)
Seat 5: 9ca0c02a ($2.53 in chips)
Seat 6: 1ec480bd ($4.72 in chips)
1ec480bd: posts small blind $0.02
Hero: posts big blind $0.05
*** HOLE CARDS ***
Dealt to Hero [Ks 7s]
Dealt to bfdf85a6 
Dealt to 22cb55ef 
Dealt to ce0f4790 
Dealt to 9ca0c02a 
Dealt to 1ec480bd 
bfdf85a6: folds
22cb55ef: raises $0.08 to $0.13
ce0f4790: folds
9ca0c02a: calls $0.13
1ec480bd: folds
Hero: calls $0.08
*** FLOP *** [Kc Qc 4c]
Hero: checks
22cb55ef: bets $0.23
9ca0c02a: folds
Hero: calls $0.23
*** TURN *** [Kc Qc 4c] [5c]
Hero: checks
22cb55ef: checks
*** RIVER *** [Kc Qc 4c 5c] [2d]
Hero: checks
22cb55ef: checks
Hero: shows [Ks 7s] (Pair of Kings)
22cb55ef: shows [Kd As] (Pair of Kings)
*** SHOWDOWN ***
22cb55ef collected $0.82 from pot
*** SUMMARY ***
Total pot $0.87 | Rake $0.05 | Jackpot $0 | Bingo $0 | Fortune $0
Board [Kc Qc 4c 5c 2d]
Seat 1: Hero (big blind) showed [Ks 7s] and lost with Pair of Kings
Seat 2: bfdf85a6 folded before Flop (didn't bet)
Seat 3: 22cb55ef showed [Kd As] and won ($0.82) with Pair of Kings
Seat 4: ce0f4790 folded before Flop (didn't bet)
Seat 5: 9ca0c02a (button) folded on the Flop
Seat 6: 1ec480bd (small blind) folded before Flop


Poker Hand #HD1140321902: Hold'em No Limit  ($0.02/$0.05) - 2023/02/28 20:13:35
Table 'NLHBlue86' 6-max Seat #4 is the button
Seat 1: Hero ($5.14 in chips)
Seat 2: bfdf85a6 ($5.2 in chips)
Seat 3: 22cb55ef ($3.64 in chips)
Seat 4: ce0f4790 ($8.14 in chips)
Seat 5: 9ca0c02a ($2.48 in chips)
Seat 6: 1ec480bd ($4.77 in chips)
9ca0c02a: posts small blind $0.02
1ec480bd: posts big blind $0.05
*** HOLE CARDS ***
Dealt to Hero [3h 6h]
Dealt to bfdf85a6 
Dealt to 22cb55ef 
Dealt to ce0f4790 
Dealt to 9ca0c02a 
Dealt to 1ec480bd 
Hero: folds
bfdf85a6: folds
22cb55ef: folds
ce0f4790: folds
9ca0c02a: raises $0.1 to $0.15
1ec480bd: folds
Uncalled bet ($0.1) returned to 9ca0c02a
*** SHOWDOWN ***
9ca0c02a collected $0.1 from pot
*** SUMMARY ***
Total pot $0.1 | Rake $0 | Jackpot $0 | Bingo $0 | Fortune $0
Seat 1: Hero folded before Flop (didn't bet)
Seat 2: bfdf85a6 folded before Flop (didn't bet)
Seat 3: 22cb55ef folded before Flop (didn't bet)
Seat 4: ce0f4790 (button) folded before Flop (didn't bet)
Seat 5: 9ca0c02a (small blind) collected ($0.1)
Seat 6: 1ec480bd (big blind) folded before Flop


Poker Hand #HD1140321860: Hold'em No Limit  ($0.02/$0.05) - 2023/02/28 20:13:18
Table 'NLHBlue86' 6-max Seat #3 is the button
Seat 1: Hero ($5.14 in chips)
Seat 2: bfdf85a6 ($5.2 in chips)
Seat 3: 22cb55ef ($3.64 in chips)
Seat 4: ce0f4790 ($8.16 in chips)
Seat 5: 9ca0c02a ($2.46 in chips)
Seat 6: 1ec480bd ($4.77 in chips)
ce0f4790: posts small blind $0.02
9ca0c02a: posts big blind $0.05
*** HOLE CARDS ***
Dealt to Hero [5h 3c]
Dealt to bfdf85a6 
Dealt to 22cb55ef 
Dealt to ce0f4790 
Dealt to 9ca0c02a 
Dealt to 1ec480bd 
1ec480bd: folds
Hero: folds
bfdf85a6: folds
22cb55ef: folds
ce0f4790: folds
Uncalled bet ($0.03) returned to 9ca0c02a
*** SHOWDOWN ***
9ca0c02a collected $0.04 from pot
*** SUMMARY ***
Total pot $0.04 | Rake $0 | Jackpot $0 | Bingo $0 | Fortune $0
Seat 1: Hero folded before Flop (didn't bet)
Seat 2: bfdf85a6 folded before Flop (didn't bet)
Seat 3: 22cb55ef (button) folded before Flop (didn't bet)
Seat 4: ce0f4790 (small blind) folded before Flop
Seat 5: 9ca0c02a (big blind) collected ($0.04)
Seat 6: 1ec480bd folded before Flop (didn't bet)


Poker Hand #HD1140321823: Hold'em No Limit  ($0.02/$0.05) - 2023/02/28 20:13:00
Table 'NLHBlue86' 6-max Seat #2 is the button
Seat 1: Hero ($5.14 in chips)
Seat 2: bfdf85a6 ($5.2 in chips)
Seat 3: 22cb55ef ($3.66 in chips)
Seat 4: ce0f4790 ($8.21 in chips)
Seat 5: 9ca0c02a ($2.46 in chips)
Seat 6: 1ec480bd ($4.7 in chips)
22cb55ef: posts small blind $0.02
ce0f4790: posts big blind $0.05
*** HOLE CARDS ***
Dealt to Hero [5d 2s]
Dealt to bfdf85a6 
Dealt to 22cb55ef 
Dealt to ce0f4790 
Dealt to 9ca0c02a 
Dealt to 1ec480bd 
9ca0c02a: folds
1ec480bd: raises $0.1 to $0.15
Hero: folds
bfdf85a6: folds
22cb55ef: folds
ce0f4790: folds
Uncalled bet ($0.1) returned to 1ec480bd
*** SHOWDOWN ***
1ec480bd collected $0.12 from pot
*** SUMMARY ***
Total pot $0.12 | Rake $0 | Jackpot $0 | Bingo $0 | Fortune $0
Seat 1: Hero folded before Flop (didn't bet)
Seat 2: bfdf85a6 (button) folded before Flop (didn't bet)
Seat 3: 22cb55ef (small blind) folded before Flop
Seat 4: ce0f4790 (big blind) folded before Flop
Seat 5: 9ca0c02a folded before Flop (didn't bet)
Seat 6: 1ec480bd collected ($0.12)


Poker Hand #HD1140321683: Hold'em No Limit  ($0.02/$0.05) - 2023/02/28 20:11:59
Table 'NLHBlue86' 6-max Seat #1 is the button
Seat 1: Hero ($5.14 in chips)
Seat 2: bfdf85a6 ($5.48 in chips)
Seat 3: 22cb55ef ($3.41 in chips)
Seat 4: ce0f4790 ($8.21 in chips)
Seat 5: 9ca0c02a ($2.46 in chips)
Seat 6: 1ec480bd ($4.7 in chips)
bfdf85a6: posts small blind $0.02
22cb55ef: posts big blind $0.05
*** HOLE CARDS ***
Dealt to Hero [Qc 4h]
Dealt to bfdf85a6 
Dealt to 22cb55ef 
Dealt to ce0f4790 
Dealt to 9ca0c02a 
Dealt to 1ec480bd 
ce0f4790: folds
9ca0c02a: folds
1ec480bd: folds
Hero: folds
bfdf85a6: calls $0.03
22cb55ef: checks
*** FLOP *** [3h 7d 6h]
bfdf85a6: bets $0.08
22cb55ef: raises $0.15 to $0.23
bfdf85a6: calls $0.15
*** TURN *** [3h 7d 6h] [Ks]
bfdf85a6: checks
22cb55ef: checks
*** RIVER *** [3h 7d 6h Ks] [Ts]
bfdf85a6: checks
22cb55ef: checks
bfdf85a6: shows [Qh 5h] (King-High)
22cb55ef: shows [8c 6c] (Pair of Sixes)
*** SHOWDOWN ***
22cb55ef collected $0.53 from pot
*** SUMMARY ***
Total pot $0.56 | Rake $0.03 | Jackpot $0 | Bingo $0 | Fortune $0
Board [3h 7d 6h Ks Ts]
Seat 1: Hero (button) folded before Flop (didn't bet)
Seat 2: bfdf85a6 (small blind) showed [Qh 5h] and lost with King-High
Seat 3: 22cb55ef (big blind) showed [8c 6c] and won ($0.53) with Pair of Sixes
Seat 4: ce0f4790 folded before Flop (didn't bet)
Seat 5: 9ca0c02a folded before Flop (didn't bet)
Seat 6: 1ec480bd folded before Flop (didn't bet)


Poker Hand #HD1140321632: Hold'em No Limit  ($0.02/$0.05) - 2023/02/28 20:11:39
Table 'NLHBlue86' 6-max Seat #6 is the button
Seat 1: Hero ($5.16 in chips)
Seat 2: bfdf85a6 ($5.46 in chips)
Seat 3: 22cb55ef ($3.41 in chips)
Seat 4: ce0f4790 ($8.21 in chips)
Seat 5: 9ca0c02a ($2.46 in chips)
Seat 6: 1ec480bd ($4.7 in chips)
Hero: posts small blind $0.02
bfdf85a6: posts big blind $0.05
*** HOLE CARDS ***
Dealt to Hero [4h Th]
Dealt to bfdf85a6 
Dealt to 22cb55ef 
Dealt to ce0f4790 
Dealt to 9ca0c02a 
Dealt to 1ec480bd 
22cb55ef: folds
ce0f4790: folds
9ca0c02a: folds
1ec480bd: folds
Hero: folds
Uncalled bet ($0.03) returned to bfdf85a6
*** SHOWDOWN ***
bfdf85a6 collected $0.04 from pot
*** SUMMARY ***
Total pot $0.04 | Rake $0 | Jackpot $0 | Bingo $0 | Fortune $0
Seat 1: Hero (small blind) folded before Flop
Seat 2: bfdf85a6 (big blind) collected ($0.04)
Seat 3: 22cb55ef folded before Flop (didn't bet)
Seat 4: ce0f4790 folded before Flop (didn't bet)
Seat 5: 9ca0c02a folded before Flop (didn't bet)
Seat 6: 1ec480bd (button) folded before Flop (didn't bet)


Poker Hand #HD1140321588: Hold'em No Limit  ($0.02/$0.05) - 2023/02/28 20:11:22
Table 'NLHBlue86' 6-max Seat #5 is the button
Seat 1: Hero ($5.21 in chips)
Seat 2: bfdf85a6 ($5.46 in chips)
Seat 3: 22cb55ef ($3.41 in chips)
Seat 4: ce0f4790 ($8.14 in chips)
Seat 5: 9ca0c02a ($2.46 in chips)
Seat 6: 1ec480bd ($4.72 in chips)
1ec480bd: posts small blind $0.02
Hero: posts big blind $0.05
*** HOLE CARDS ***
Dealt to Hero [6s 2d]
Dealt to bfdf85a6 
Dealt to 22cb55ef 
Dealt to ce0f4790 
Dealt to 9ca0c02a 
Dealt to 1ec480bd 
bfdf85a6: folds
22cb55ef: folds
ce0f4790: raises $0.08 to $0.13
9ca0c02a: folds
1ec480bd: folds
Hero: folds
Uncalled bet ($0.08) returned to ce0f4790
*** SHOWDOWN ***
ce0f4790 collected $0.12 from pot
*** SUMMARY ***
Total pot $0.12 | Rake $0 | Jackpot $0 | Bingo $0 | Fortune $0
Seat 1: Hero (big blind) folded before Flop
Seat 2: bfdf85a6 folded before Flop (didn't bet)
Seat 3: 22cb55ef folded before Flop (didn't bet)
Seat 4: ce0f4790 collected ($0.12)
Seat 5: 9ca0c02a (button) folded before Flop (didn't bet)
Seat 6: 1ec480bd (small blind) folded before Flop


Poker Hand #HD1140321514: Hold'em No Limit  ($0.02/$0.05) - 2023/02/28 20:10:53
Table 'NLHBlue86' 6-max Seat #4 is the button
Seat 1: Hero ($5.21 in chips)
Seat 2: bfdf85a6 ($5.46 in chips)
Seat 3: 22cb55ef ($3.51 in chips)
Seat 4: ce0f4790 ($7.98 in chips)
Seat 5: 9ca0c02a ($2.48 in chips)
Seat 6: 1ec480bd ($4.77 in chips)
9ca0c02a: posts small blind $0.02
1ec480bd: posts big blind $0.05
*** HOLE CARDS ***
Dealt to Hero [7d 6d]
Dealt to bfdf85a6 
Dealt to 22cb55ef 
Dealt to ce0f4790 
Dealt to 9ca0c02a 
Dealt to 1ec480bd 
Hero: folds
bfdf85a6: folds
22cb55ef: raises $0.05 to $0.1
ce0f4790: raises $0.4 to $0.5
9ca0c02a: folds
1ec480bd: folds
22cb55ef: folds
Uncalled bet ($0.4) returned to ce0f4790
*** SHOWDOWN ***
ce0f4790 collected $0.26 from pot
*** SUMMARY ***
Total pot $0.27 | Rake $0.01 | Jackpot $0 | Bingo $0 | Fortune $0
Seat 1: Hero folded before Flop (didn't bet)
Seat 2: bfdf85a6 folded before Flop (didn't bet)
Seat 3: 22cb55ef folded before Flop
Seat 4: ce0f4790 (button) collected ($0.26)
Seat 5: 9ca0c02a (small blind) folded before Flop
Seat 6: 1ec480bd (big blind) folded before Flop


Poker Hand #HD1140321374: Hold'em No Limit  ($0.02/$0.05) - 2023/02/28 20:09:55
Table 'NLHBlue86' 6-max Seat #3 is the button
Seat 1: Hero ($5.21 in chips)
Seat 2: bfdf85a6 ($5.46 in chips)
Seat 3: 22cb55ef ($3.33 in chips)
Seat 4: ce0f4790 ($8 in chips)
Seat 5: 9ca0c02a ($2.66 in chips)
Seat 6: 1ec480bd ($4.77 in chips)
ce0f4790: posts small blind $0.02
9ca0c02a: posts big blind $0.05
*** HOLE CARDS ***
Dealt to Hero [8c 3s]
Dealt to bfdf85a6 
Dealt to 22cb55ef 
Dealt to ce0f4790 
Dealt to 9ca0c02a 
Dealt to 1ec480bd 
1ec480bd: folds
Hero: folds
bfdf85a6: folds
22cb55ef: raises $0.05 to $0.1
ce0f4790: folds
9ca0c02a: calls $0.05
*** FLOP *** [Js 6s 7s]
9ca0c02a: checks
22cb55ef: bets $0.08
9ca0c02a: calls $0.08
*** TURN *** [Js 6s 7s] [Jh]
9ca0c02a: checks
22cb55ef: bets $0.21
9ca0c02a: folds
Uncalled bet ($0.21) returned to 22cb55ef
*** SHOWDOWN ***
22cb55ef collected $0.36 from pot
*** SUMMARY ***
Total pot $0.38 | Rake $0.02 | Jackpot $0 | Bingo $0 | Fortune $0
Board [Js 6s 7s Jh]
Seat 1: Hero folded before Flop (didn't bet)
Seat 2: bfdf85a6 folded before Flop (didn't bet)
Seat 3: 22cb55ef (button) won ($0.36)
Seat 4: ce0f4790 (small blind) folded before Flop
Seat 5: 9ca0c02a (big blind) folded on the Turn
Seat 6: 1ec480bd folded before Flop (didn't bet)


Poker Hand #HD1140321248: Hold'em No Limit  ($0.02/$0.05) - 2023/02/28 20:09:01
Table 'NLHBlue86' 6-max Seat #2 is the button
Seat 1: Hero ($5.21 in chips)
Seat 2: bfdf85a6 ($5.59 in chips)
Seat 3: 22cb55ef ($4.54 in chips)
Seat 4: ce0f4790 ($6.83 in chips)
Seat 5: 9ca0c02a ($2.66 in chips)
Seat 6: 1ec480bd ($4.77 in chips)
22cb55ef: posts small blind $0.02
ce0f4790: posts big blind $0.05
*** HOLE CARDS ***
Dealt to Hero [Js 4h]
Dealt to bfdf85a6 
Dealt to 22cb55ef 
Dealt to ce0f4790 
Dealt to 9ca0c02a 
Dealt to 1ec480bd 
9ca0c02a: folds
1ec480bd: folds
Hero: folds
bfdf85a6: raises $0.08 to $0.13
22cb55ef: raises $0.39 to $0.52
ce0f4790: raises $0.69 to $1.21
bfdf85a6: folds
22cb55ef: calls $0.69
*** FLOP *** [6d 3d 9c]
22cb55ef: checks
ce0f4790: bets $5.62 and is all-in
22cb55ef: folds
Uncalled bet ($5.62) returned to ce0f4790
*** SHOWDOWN ***
ce0f4790 collected $2.38 from pot
*** SUMMARY ***
Total pot $2.55 | Rake $0.12 | Jackpot $0.05 | Bingo $0 | Fortune $0
Board [6d 3d 9c]
Seat 1: Hero folded before Flop (didn't bet)
Seat 2: bfdf85a6 (button) folded before Flop
Seat 3: 22cb55ef (small blind) folded on the Flop
Seat 4: ce0f4790 (big blind) won ($2.38)
Seat 5: 9ca0c02a folded before Flop (didn't bet)
Seat 6: 1ec480bd folded before Flop (didn't bet)


Poker Hand #HD1140321189: Hold'em No Limit  ($0.02/$0.05) - 2023/02/28 20:08:38
Table 'NLHBlue86' 6-max Seat #1 is the button
Seat 1: Hero ($5.33 in chips)
Seat 2: bfdf85a6 ($5.43 in chips)
Seat 3: 22cb55ef ($4.59 in chips)
Seat 4: ce0f4790 ($6.83 in chips)
Seat 5: 9ca0c02a ($2.66 in chips)
bfdf85a6: posts small blind $0.02
22cb55ef: posts big blind $0.05
*** HOLE CARDS ***
Dealt to Hero [5c Qc]
Dealt to bfdf85a6 
Dealt to 22cb55ef 
Dealt to ce0f4790 
Dealt to 9ca0c02a 
ce0f4790: folds
9ca0c02a: folds
Hero: raises $0.07 to $0.12
bfdf85a6: raises $0.29 to $0.41
22cb55ef: folds
Hero: folds
Uncalled bet ($0.29) returned to bfdf85a6
*** SHOWDOWN ***
bfdf85a6 collected $0.28 from pot
*** SUMMARY ***
Total pot $0.29 | Rake $0.01 | Jackpot $0 | Bingo $0 | Fortune $0
Seat 1: Hero (button) folded before Flop
Seat 2: bfdf85a6 (small blind) collected ($0.28)
Seat 3: 22cb55ef (big blind) folded before Flop
Seat 4: ce0f4790 folded before Flop (didn't bet)
Seat 5: 9ca0c02a folded before Flop (didn't bet)


Poker Hand #HD1140321129: Hold'em No Limit  ($0.02/$0.05) - 2023/02/28 20:08:12
Table 'NLHBlue86' 6-max Seat #5 is the button
Seat 1: Hero ($5.38 in chips)
Seat 2: bfdf85a6 ($5.36 in chips)
Seat 3: 22cb55ef ($4.59 in chips)
Seat 4: ce0f4790 ($6.83 in chips)
Seat 5: 9ca0c02a ($2.66 in chips)
Seat 6: 1ec480bd ($4.79 in chips)
1ec480bd: posts small blind $0.02
Hero: posts big blind $0.05
*** HOLE CARDS ***
Dealt to Hero [4h 5s]
Dealt to bfdf85a6 
Dealt to 22cb55ef 
Dealt to ce0f4790 
Dealt to 9ca0c02a 
Dealt to 1ec480bd 
bfdf85a6: raises $0.08 to $0.13
22cb55ef: folds
ce0f4790: folds
9ca0c02a: folds
1ec480bd: folds
Hero: folds
Uncalled bet ($0.08) returned to bfdf85a6
*** SHOWDOWN ***
bfdf85a6 collected $0.12 from pot
*** SUMMARY ***
Total pot $0.12 | Rake $0 | Jackpot $0 | Bingo $0 | Fortune $0
Seat 1: Hero (big blind) folded before Flop
Seat 2: bfdf85a6 collected ($0.12)
Seat 3: 22cb55ef folded before Flop (didn't bet)
Seat 4: ce0f4790 folded before Flop (didn't bet)
Seat 5: 9ca0c02a (button) folded before Flop (didn't bet)
Seat 6: 1ec480bd (small blind) folded before Flop


Poker Hand #HD1140321059: Hold'em No Limit  ($0.02/$0.05) - 2023/02/28 20:07:42
Table 'NLHBlue86' 6-max Seat #4 is the button
Seat 1: Hero ($5.38 in chips)
Seat 2: bfdf85a6 ($5.36 in chips)
Seat 3: 22cb55ef ($4.59 in chips)
Seat 4: ce0f4790 ($6.83 in chips)
Seat 5: 9ca0c02a ($2.61 in chips)
Seat 6: 1ec480bd ($4.84 in chips)
9ca0c02a: posts small blind $0.02
1ec480bd: posts big blind $0.05
*** HOLE CARDS ***
Dealt to Hero [2c Qd]
Dealt to bfdf85a6 
Dealt to 22cb55ef 
Dealt to ce0f4790 
Dealt to 9ca0c02a 
Dealt to 1ec480bd 
Hero: folds
bfdf85a6: folds
22cb55ef: folds
ce0f4790: folds
9ca0c02a: calls $0.03
1ec480bd: checks
*** FLOP *** [Ts 5d 4h]
9ca0c02a: bets $0.05
1ec480bd: folds
Uncalled bet ($0.05) returned to 9ca0c02a
*** SHOWDOWN ***
9ca0c02a collected $0.1 from pot
*** SUMMARY ***
Total pot $0.1 | Rake $0 | Jackpot $0 | Bingo $0 | Fortune $0
Board [Ts 5d 4h]
Seat 1: Hero folded before Flop (didn't bet)
Seat 2: bfdf85a6 folded before Flop (didn't bet)
Seat 3: 22cb55ef folded before Flop (didn't bet)
Seat 4: ce0f4790 (button) folded before Flop (didn't bet)
Seat 5: 9ca0c02a (small blind) won ($0.1)
Seat 6: 1ec480bd (big blind) folded on the Flop


Poker Hand #HD1140321011: Hold'em No Limit  ($0.02/$0.05) - 2023/02/28 20:07:24
Table 'NLHBlue86' 6-max Seat #3 is the button
Seat 1: Hero ($5.38 in chips)
Seat 2: bfdf85a6 ($5.29 in chips)
Seat 3: 22cb55ef ($4.59 in chips)
Seat 4: ce0f4790 ($6.85 in chips)
Seat 5: 9ca0c02a ($2.66 in chips)
Seat 6: 1ec480bd ($4.84 in chips)
ce0f4790: posts small blind $0.02
9ca0c02a: posts big blind $0.05
*** HOLE CARDS ***
Dealt to Hero [Jh 3s]
Dealt to bfdf85a6 
Dealt to 22cb55ef 
Dealt to ce0f4790 
Dealt to 9ca0c02a 
Dealt to 1ec480bd 
1ec480bd: folds
Hero: folds
bfdf85a6: raises $0.08 to $0.13
22cb55ef: folds
ce0f4790: folds
9ca0c02a: folds
Uncalled bet ($0.08) returned to bfdf85a6
*** SHOWDOWN ***
bfdf85a6 collected $0.12 from pot
*** SUMMARY ***
Total pot $0.12 | Rake $0 | Jackpot $0 | Bingo $0 | Fortune $0
Seat 1: Hero folded before Flop (didn't bet)
Seat 2: bfdf85a6 collected ($0.12)
Seat 3: 22cb55ef (button) folded before Flop (didn't bet)
Seat 4: ce0f4790 (small blind) folded before Flop
Seat 5: 9ca0c02a (big blind) folded before Flop
Seat 6: 1ec480bd folded before Flop (didn't bet)


Poker Hand #HD1140320916: Hold'em No Limit  ($0.02/$0.05) - 2023/02/28 20:06:45
Table 'NLHBlue86' 6-max Seat #2 is the button
Seat 1: Hero ($5.13 in chips)
Seat 2: bfdf85a6 ($5.29 in chips)
Seat 3: 22cb55ef ($4.61 in chips)
Seat 4: ce0f4790 ($6.9 in chips)
Seat 5: 9ca0c02a ($2.66 in chips)
Seat 6: 1ec480bd ($5.04 in chips)
22cb55ef: posts small blind $0.02
ce0f4790: posts big blind $0.05
*** HOLE CARDS ***
Dealt to Hero [As Ah]
Dealt to bfdf85a6 
Dealt to 22cb55ef 
Dealt to ce0f4790 
Dealt to 9ca0c02a 
Dealt to 1ec480bd 
9ca0c02a: folds
1ec480bd: calls $0.05
Hero: raises $0.15 to $0.2
bfdf85a6: folds
22cb55ef: folds
ce0f4790: folds
1ec480bd: calls $0.15
*** FLOP *** [Ad Qd 9s]
1ec480bd: checks
Hero: bets $0.36
1ec480bd: folds
Uncalled bet ($0.36) returned to Hero
*** SHOWDOWN ***
Hero collected $0.45 from pot
*** SUMMARY ***
Total pot $0.47 | Rake $0.02 | Jackpot $0 | Bingo $0 | Fortune $0
Board [Ad Qd 9s]
Seat 1: Hero won ($0.45)
Seat 2: bfdf85a6 (button) folded before Flop (didn't bet)
Seat 3: 22cb55ef (small blind) folded before Flop
Seat 4: ce0f4790 (big blind) folded before Flop
Seat 5: 9ca0c02a folded before Flop (didn't bet)
Seat 6: 1ec480bd folded on the Flop


Poker Hand #HD1140320788: Hold'em No Limit  ($0.02/$0.05) - 2023/02/28 20:05:55
Table 'NLHBlue86' 6-max Seat #1 is the button
Seat 1: Hero ($5.13 in chips)
Seat 2: bfdf85a6 ($5 in chips)
Seat 3: 22cb55ef ($4.66 in chips)
Seat 4: ce0f4790 ($7.03 in chips)
Seat 5: 9ca0c02a ($2.79 in chips)
Seat 6: 1ec480bd ($5.04 in chips)
bfdf85a6: posts small blind $0.02
22cb55ef: posts big blind $0.05
*** HOLE CARDS ***
Dealt to Hero [Qs 5h]
Dealt to bfdf85a6 
Dealt to 22cb55ef 
Dealt to ce0f4790 
Dealt to 9ca0c02a 
Dealt to 1ec480bd 
ce0f4790: raises $0.08 to $0.13
9ca0c02a: calls $0.13
1ec480bd: folds
Hero: folds
bfdf85a6: raises $0.48 to $0.61
22cb55ef: folds
ce0f4790: folds
9ca0c02a: folds
Uncalled bet ($0.48) returned to bfdf85a6
*** SHOWDOWN ***
bfdf85a6 collected $0.42 from pot
*** SUMMARY ***
Total pot $0.44 | Rake $0.02 | Jackpot $0 | Bingo $0 | Fortune $0
Seat 1: Hero (button) folded before Flop (didn't bet)
Seat 2: bfdf85a6 (small blind) collected ($0.42)
Seat 3: 22cb55ef (big blind) folded before Flop
Seat 4: ce0f4790 folded before Flop
Seat 5: 9ca0c02a folded before Flop
Seat 6: 1ec480bd folded before Flop (didn't bet)


Poker Hand #HD1140320624: Hold'em No Limit  ($0.02/$0.05) - 2023/02/28 20:04:52
Table 'NLHBlue86' 6-max Seat #6 is the button
Seat 1: Hero ($5.15 in chips)
Seat 2: bfdf85a6 ($5.07 in chips)
Seat 3: 22cb55ef ($4.55 in chips)
Seat 4: ce0f4790 ($7.03 in chips)
Seat 5: 9ca0c02a ($2.79 in chips)
Seat 6: 1ec480bd ($5.04 in chips)
Hero: posts small blind $0.02
bfdf85a6: posts big blind $0.05
*** HOLE CARDS ***
Dealt to Hero [2h 8c]
Dealt to bfdf85a6 
Dealt to 22cb55ef 
Dealt to ce0f4790 
Dealt to 9ca0c02a 
Dealt to 1ec480bd 
22cb55ef: raises $0.05 to $0.1
ce0f4790: folds
9ca0c02a: folds
1ec480bd: folds
Hero: folds
bfdf85a6: calls $0.05
*** FLOP *** [Qh 5d Ts]
bfdf85a6: checks
22cb55ef: checks
*** TURN *** [Qh 5d Ts] [Kd]
bfdf85a6: checks
22cb55ef: checks
*** RIVER *** [Qh 5d Ts Kd] [3d]
bfdf85a6: checks
22cb55ef: checks
bfdf85a6: shows [8h 9c] (King-High)
22cb55ef: shows [9h 9d] (Pair of Nines)
*** SHOWDOWN ***
22cb55ef collected $0.21 from pot
*** SUMMARY ***
Total pot $0.22 | Rake $0.01 | Jackpot $0 | Bingo $0 | Fortune $0
Board [Qh 5d Ts Kd 3d]
Seat 1: Hero (small blind) folded before Flop
Seat 2: bfdf85a6 (big blind) showed [8h 9c] and lost with King-High
Seat 3: 22cb55ef showed [9h 9d] and won ($0.21) with Pair of Nines
Seat 4: ce0f4790 folded before Flop (didn't bet)
Seat 5: 9ca0c02a folded before Flop (didn't bet)
Seat 6: 1ec480bd (button) folded before Flop (didn't bet)


Poker Hand #HD1140320556: Hold'em No Limit  ($0.02/$0.05) - 2023/02/28 20:04:27
Table 'NLHBlue86' 6-max Seat #5 is the button
Seat 1: Hero ($5.2 in chips)
Seat 2: bfdf85a6 ($5.07 in chips)
Seat 3: 22cb55ef ($3.82 in chips)
Seat 4: ce0f4790 ($6.96 in chips)
Seat 5: 9ca0c02a ($2.79 in chips)
Seat 6: 1ec480bd ($5.06 in chips)
1ec480bd: posts small blind $0.02
Hero: posts big blind $0.05
*** HOLE CARDS ***
Dealt to Hero [Kh 8s]
Dealt to bfdf85a6 
Dealt to 22cb55ef 
Dealt to ce0f4790 
Dealt to 9ca0c02a 
Dealt to 1ec480bd 
bfdf85a6: folds
22cb55ef: folds
ce0f4790: raises $0.08 to $0.13
9ca0c02a: folds
1ec480bd: folds
Hero: folds
Uncalled bet ($0.08) returned to ce0f4790
*** SHOWDOWN ***
ce0f4790 collected $0.12 from pot
*** SUMMARY ***
Total pot $0.12 | Rake $0 | Jackpot $0 | Bingo $0 | Fortune $0
Seat 1: Hero (big blind) folded before Flop
Seat 2: bfdf85a6 folded before Flop (didn't bet)
Seat 3: 22cb55ef folded before Flop (didn't bet)
Seat 4: ce0f4790 collected ($0.12)
Seat 5: 9ca0c02a (button) folded before Flop (didn't bet)
Seat 6: 1ec480bd (small blind) folded before Flop


Poker Hand #HD1140320523: Hold'em No Limit  ($0.02/$0.05) - 2023/02/28 20:04:16
Table 'NLHBlue86' 6-max Seat #4 is the button
Seat 1: Hero ($5.2 in chips)
Seat 2: bfdf85a6 ($5 in chips)
Seat 3: 22cb55ef ($3.82 in chips)
Seat 4: ce0f4790 ($6.96 in chips)
Seat 5: 9ca0c02a ($2.81 in chips)
Seat 6: 1ec480bd ($5.11 in chips)
9ca0c02a: posts small blind $0.02
1ec480bd: posts big blind $0.05
*** HOLE CARDS ***
Dealt to Hero [Js 6d]
Dealt to bfdf85a6 
Dealt to 22cb55ef 
Dealt to ce0f4790 
Dealt to 9ca0c02a 
Dealt to 1ec480bd 
Hero: folds
bfdf85a6: raises $0.08 to $0.13
22cb55ef: folds
ce0f4790: folds
9ca0c02a: folds
1ec480bd: folds
Uncalled bet ($0.08) returned to bfdf85a6
*** SHOWDOWN ***
bfdf85a6 collected $0.12 from pot
*** SUMMARY ***
Total pot $0.12 | Rake $0 | Jackpot $0 | Bingo $0 | Fortune $0
Seat 1: Hero folded before Flop (didn't bet)
Seat 2: bfdf85a6 collected ($0.12)
Seat 3: 22cb55ef folded before Flop (didn't bet)
Seat 4: ce0f4790 (button) folded before Flop (didn't bet)
Seat 5: 9ca0c02a (small blind) folded before Flop
Seat 6: 1ec480bd (big blind) folded before Flop


Poker Hand #HD1140320463: Hold'em No Limit  ($0.02/$0.05) - 2023/02/28 20:03:45
Table 'NLHBlue86' 6-max Seat #3 is the button
Seat 1: Hero ($5.2 in chips)
Seat 2: bfdf85a6 ($5 in chips)
Seat 3: 22cb55ef ($3.82 in chips)
Seat 4: ce0f4790 ($6.98 in chips)
Seat 5: 9ca0c02a ($2.86 in chips)
Seat 6: 1ec480bd ($4.95 in chips)
ce0f4790: posts small blind $0.02
9ca0c02a: posts big blind $0.05
*** HOLE CARDS ***
Dealt to Hero [6d Th]
Dealt to bfdf85a6 
Dealt to 22cb55ef 
Dealt to ce0f4790 
Dealt to 9ca0c02a 
Dealt to 1ec480bd 
1ec480bd: raises $0.05 to $0.1
Hero: folds
bfdf85a6: calls $0.1
22cb55ef: folds
ce0f4790: folds
9ca0c02a: folds
*** FLOP *** [Qh Kh 7c]
1ec480bd: checks
bfdf85a6: checks
*** TURN *** [Qh Kh 7c] [5h]
1ec480bd: bets $0.27
bfdf85a6: folds
Uncalled bet ($0.27) returned to 1ec480bd
*** SHOWDOWN ***
1ec480bd collected $0.26 from pot
*** SUMMARY ***
Total pot $0.27 | Rake $0.01 | Jackpot $0 | Bingo $0 | Fortune $0
Board [Qh Kh 7c 5h]
Seat 1: Hero folded before Flop (didn't bet)
Seat 2: bfdf85a6 folded on the Turn
Seat 3: 22cb55ef (button) folded before Flop (didn't bet)
Seat 4: ce0f4790 (small blind) folded before Flop
Seat 5: 9ca0c02a (big blind) folded before Flop
Seat 6: 1ec480bd won ($0.26)


Poker Hand #HD1140320358: Hold'em No Limit  ($0.02/$0.05) - 2023/02/28 20:03:02
Table 'NLHBlue86' 6-max Seat #2 is the button
Seat 1: Hero ($5.07 in chips)
Seat 2: bfdf85a6 ($5 in chips)
Seat 3: 22cb55ef ($3.11 in chips)
Seat 4: ce0f4790 ($7.1 in chips)
Seat 5: 9ca0c02a ($2.86 in chips)
Seat 6: 1ec480bd ($4.95 in chips)
22cb55ef: posts small blind $0.02
ce0f4790: posts big blind $0.05
*** HOLE CARDS ***
Dealt to Hero [Td Kh]
Dealt to bfdf85a6 
Dealt to 22cb55ef 
Dealt to ce0f4790 
Dealt to 9ca0c02a 
Dealt to 1ec480bd 
9ca0c02a: folds
1ec480bd: folds
Hero: raises $0.07 to $0.12
bfdf85a6: folds
22cb55ef: folds
ce0f4790: calls $0.07
*** FLOP *** [3d 7s Kc]
ce0f4790: checks
Hero: bets $0.1
ce0f4790: folds
Uncalled bet ($0.1) returned to Hero
*** SHOWDOWN ***
Hero collected $0.25 from pot
*** SUMMARY ***
Total pot $0.26 | Rake $0.01 | Jackpot $0 | Bingo $0 | Fortune $0
Board [3d 7s Kc]
Seat 1: Hero won ($0.25)
Seat 2: bfdf85a6 (button) folded before Flop (didn't bet)
Seat 3: 22cb55ef (small blind) folded before Flop
Seat 4: ce0f4790 (big blind) folded on the Flop
Seat 5: 9ca0c02a folded before Flop (didn't bet)
Seat 6: 1ec480bd folded before Flop (didn't bet)


Poker Hand #HD1140320286: Hold'em No Limit  ($0.02/$0.05) - 2023/02/28 20:02:32
Table 'NLHBlue86' 6-max Seat #1 is the button
Seat 1: Hero ($5 in chips)
Seat 2: bfdf85a6 ($5.02 in chips)
Seat 3: 22cb55ef ($3.16 in chips)
Seat 4: ce0f4790 ($7.1 in chips)
Seat 5: 9ca0c02a ($2.86 in chips)
Seat 6: 1ec480bd ($4.95 in chips)
bfdf85a6: posts small blind $0.02
22cb55ef: posts big blind $0.05
*** HOLE CARDS ***
Dealt to Hero [Js Qs]
Dealt to bfdf85a6 
Dealt to 22cb55ef 
Dealt to ce0f4790 
Dealt to 9ca0c02a 
Dealt to 1ec480bd 
ce0f4790: folds
9ca0c02a: folds
1ec480bd: folds
Hero: raises $0.07 to $0.12
bfdf85a6: folds
22cb55ef: folds
Uncalled bet ($0.07) returned to Hero
*** SHOWDOWN ***
Hero collected $0.12 from pot
*** SUMMARY ***
Total pot $0.12 | Rake $0 | Jackpot $0 | Bingo $0 | Fortune $0
Seat 1: Hero (button) collected ($0.12)
Seat 2: bfdf85a6 (small blind) folded before Flop
Seat 3: 22cb55ef (big blind) folded before Flop
Seat 4: ce0f4790 folded before Flop (didn't bet)
Seat 5: 9ca0c02a folded before Flop (didn't bet)
Seat 6: 1ec480bd folded before Flop (didn't bet)


Poker Hand #HD1140320253: Hold'em No Limit  ($0.02/$0.05) - 2023/02/28 20:02:19
Table 'NLHBlue86' 6-max Seat #6 is the button
Seat 1: Hero ($5 in chips)
Seat 2: bfdf85a6 ($5 in chips)
Seat 3: 22cb55ef ($3.16 in chips)
Seat 4: ce0f4790 ($7.1 in chips)
Seat 5: 9ca0c02a ($2.86 in chips)
Seat 6: 1ec480bd ($4.95 in chips)
Hero: posts small blind $0.02
bfdf85a6: posts big blind $0.05
*** HOLE CARDS ***
Dealt to Hero [2h Tc]
Dealt to bfdf85a6 
Dealt to 22cb55ef 
Dealt to ce0f4790 
Dealt to 9ca0c02a 
Dealt to 1ec480bd 
22cb55ef: folds
ce0f4790: folds
9ca0c02a: folds
1ec480bd: folds
Hero: folds
Uncalled bet ($0.03) returned to bfdf85a6
*** SHOWDOWN ***
bfdf85a6 collected $0.04 from pot
*** SUMMARY ***
Total pot $0.04 | Rake $0 | Jackpot $0 | Bingo $0 | Fortune $0
Seat 1: Hero (small blind) folded before Flop
Seat 2: bfdf85a6 (big blind) collected ($0.04)
Seat 3: 22cb55ef folded before Flop (didn't bet)
Seat 4: ce0f4790 folded before Flop (didn't bet)
Seat 5: 9ca0c02a folded before Flop (didn't bet)
Seat 6: 1ec480bd (button) folded before Flop (didn't bet)


Poker Hand #HD1140320139: Hold'em No Limit  ($0.02/$0.05) - 2023/02/28 20:01:37
Table 'NLHBlue86' 6-max Seat #5 is the button
Seat 1: Hero ($5.04 in chips)
Seat 2: bfdf85a6 ($5.07 in chips)
Seat 3: 22cb55ef ($3.16 in chips)
Seat 4: ce0f4790 ($7.1 in chips)
Seat 5: 9ca0c02a ($2.5 in chips)
Seat 6: 1ec480bd ($4.97 in chips)
1ec480bd: posts small blind $0.02
Hero: posts big blind $0.05
*** HOLE CARDS ***
Dealt to Hero [4d 5c]
Dealt to bfdf85a6 
Dealt to 22cb55ef 
Dealt to ce0f4790 
Dealt to 9ca0c02a 
Dealt to 1ec480bd 
bfdf85a6: raises $0.08 to $0.13
22cb55ef: folds
ce0f4790: folds
9ca0c02a: raises $0.19 to $0.32
1ec480bd: folds
Hero: folds
bfdf85a6: calls $0.19
*** FLOP *** [Ac Ah Kc]
bfdf85a6: checks
9ca0c02a: bets $0.36
bfdf85a6: folds
Uncalled bet ($0.36) returned to 9ca0c02a
*** SHOWDOWN ***
9ca0c02a collected $0.68 from pot
*** SUMMARY ***
Total pot $0.71 | Rake $0.03 | Jackpot $0 | Bingo $0 | Fortune $0
Board [Ac Ah Kc]
Seat 1: Hero (big blind) folded before Flop
Seat 2: bfdf85a6 folded on the Flop
Seat 3: 22cb55ef folded before Flop (didn't bet)
Seat 4: ce0f4790 folded before Flop (didn't bet)
Seat 5: 9ca0c02a (button) won ($0.68)
Seat 6: 1ec480bd (small blind) folded before Flop


Poker Hand #HD1140320097: Hold'em No Limit  ($0.02/$0.05) - 2023/02/28 20:01:19
Table 'NLHBlue86' 6-max Seat #4 is the button
Seat 1: Hero ($5.04 in chips)
Seat 2: bfdf85a6 ($5.07 in chips)
Seat 3: 22cb55ef ($3.16 in chips)
Seat 4: ce0f4790 ($7.03 in chips)
Seat 5: 9ca0c02a ($2.52 in chips)
Seat 6: 1ec480bd ($5.02 in chips)
9ca0c02a: posts small blind $0.02
1ec480bd: posts big blind $0.05
*** HOLE CARDS ***
Dealt to Hero [Kc 5c]
Dealt to bfdf85a6 
Dealt to 22cb55ef 
Dealt to ce0f4790 
Dealt to 9ca0c02a 
Dealt to 1ec480bd 
Hero: folds
bfdf85a6: folds
22cb55ef: folds
ce0f4790: raises $0.08 to $0.13
9ca0c02a: folds
1ec480bd: folds
Uncalled bet ($0.08) returned to ce0f4790
*** SHOWDOWN ***
ce0f4790 collected $0.12 from pot
*** SUMMARY ***
Total pot $0.12 | Rake $0 | Jackpot $0 | Bingo $0 | Fortune $0
Seat 1: Hero folded before Flop (didn't bet)
Seat 2: bfdf85a6 folded before Flop (didn't bet)
Seat 3: 22cb55ef folded before Flop (didn't bet)
Seat 4: ce0f4790 (button) collected ($0.12)
Seat 5: 9ca0c02a (small blind) folded before Flop
Seat 6: 1ec480bd (big blind) folded before Flop


Poker Hand #HD1140319982: Hold'em No Limit  ($0.02/$0.05) - 2023/02/28 20:00:32
Table 'NLHBlue86' 6-max Seat #3 is the button
Seat 1: Hero ($5.04 in chips)
Seat 2: bfdf85a6 ($6.12 in chips)
Seat 3: 22cb55ef ($3.16 in chips)
Seat 4: ce0f4790 ($6.08 in chips)
Seat 5: 9ca0c02a ($2.57 in chips)
Seat 6: 1ec480bd ($5.02 in chips)
ce0f4790: posts small blind $0.02
9ca0c02a: posts big blind $0.05
*** HOLE CARDS ***
Dealt to Hero [Th 8d]
Dealt to bfdf85a6 
Dealt to 22cb55ef 
Dealt to ce0f4790 
Dealt to 9ca0c02a 
Dealt to 1ec480bd 
1ec480bd: folds
Hero: folds
bfdf85a6: raises $0.08 to $0.13
22cb55ef: folds
ce0f4790: raises $0.38 to $0.51
9ca0c02a: folds
bfdf85a6: calls $0.38
*** FLOP *** [Td 8s 2h]
ce0f4790: bets $0.54
bfdf85a6: calls $0.54
*** TURN *** [Td 8s 2h] [9c]
ce0f4790: bets $1.62
bfdf85a6: folds
Uncalled bet ($1.62) returned to ce0f4790
*** SHOWDOWN ***
ce0f4790 collected $2 from pot
*** SUMMARY ***
Total pot $2.15 | Rake $0.1 | Jackpot $0.05 | Bingo $0 | Fortune $0
Board [Td 8s 2h 9c]
Seat 1: Hero folded before Flop (didn't bet)
Seat 2: bfdf85a6 folded on the Turn
Seat 3: 22cb55ef (button) folded before Flop (didn't bet)
Seat 4: ce0f4790 (small blind) won ($2)
Seat 5: 9ca0c02a (big blind) folded before Flop
Seat 6: 1ec480bd folded before Flop (didn't bet)


Poker Hand #HD1140319928: Hold'em No Limit  ($0.02/$0.05) - 2023/02/28 20:00:12
Table 'NLHBlue86' 6-max Seat #2 is the button
Seat 1: Hero ($5.04 in chips)
Seat 2: bfdf85a6 ($6.05 in chips)
Seat 3: 22cb55ef ($3.18 in chips)
Seat 4: ce0f4790 ($6.13 in chips)
Seat 5: 9ca0c02a ($2.57 in chips)
Seat 6: 1ec480bd ($5.02 in chips)
22cb55ef: posts small blind $0.02
ce0f4790: posts big blind $0.05
*** HOLE CARDS ***
Dealt to Hero [9s 8c]
Dealt to bfdf85a6 
Dealt to 22cb55ef 
Dealt to ce0f4790 
Dealt to 9ca0c02a 
Dealt to 1ec480bd 
9ca0c02a: folds
1ec480bd: folds
Hero: folds
bfdf85a6: raises $0.08 to $0.13
22cb55ef: folds
ce0f4790: folds
Uncalled bet ($0.08) returned to bfdf85a6
*** SHOWDOWN ***
bfdf85a6 collected $0.12 from pot
*** SUMMARY ***
Total pot $0.12 | Rake $0 | Jackpot $0 | Bingo $0 | Fortune $0
Seat 1: Hero folded before Flop (didn't bet)
Seat 2: bfdf85a6 (button) collected ($0.12)
Seat 3: 22cb55ef (small blind) folded before Flop
Seat 4: ce0f4790 (big blind) folded before Flop
Seat 5: 9ca0c02a folded before Flop (didn't bet)
Seat 6: 1ec480bd folded before Flop (didn't bet)


Poker Hand #HD1140319768: Hold'em No Limit  ($0.02/$0.05) - 2023/02/28 19:59:14
Table 'NLHBlue86' 6-max Seat #1 is the button
Seat 1: Hero ($5.04 in chips)
Seat 2: bfdf85a6 ($6.07 in chips)
Seat 3: 22cb55ef ($2.92 in chips)
Seat 4: ce0f4790 ($6.26 in chips)
Seat 5: 9ca0c02a ($2.7 in chips)
Seat 6: 1ec480bd ($5.02 in chips)
bfdf85a6: posts small blind $0.02
22cb55ef: posts big blind $0.05
*** HOLE CARDS ***
Dealt to Hero [5d 3h]
Dealt to bfdf85a6 
Dealt to 22cb55ef 
Dealt to ce0f4790 
Dealt to 9ca0c02a 
Dealt to 1ec480bd 
ce0f4790: raises $0.08 to $0.13
9ca0c02a: calls $0.13
1ec480bd: folds
Hero: folds
bfdf85a6: folds
22cb55ef: calls $0.08
*** FLOP *** [6d 2h 6s]
22cb55ef: checks
ce0f4790: checks
9ca0c02a: checks
*** TURN *** [6d 2h 6s] [8c]
22cb55ef: bets $0.23
ce0f4790: folds
9ca0c02a: folds
Uncalled bet ($0.23) returned to 22cb55ef
*** SHOWDOWN ***
22cb55ef collected $0.39 from pot
*** SUMMARY ***
Total pot $0.41 | Rake $0.02 | Jackpot $0 | Bingo $0 | Fortune $0
Board [6d 2h 6s 8c]
Seat 1: Hero (button) folded before Flop (didn't bet)
Seat 2: bfdf85a6 (small blind) folded before Flop
Seat 3: 22cb55ef (big blind) won ($0.39)
Seat 4: ce0f4790 folded on the Turn
Seat 5: 9ca0c02a folded on the Turn
Seat 6: 1ec480bd folded before Flop (didn't bet)


Poker Hand #HD1140319595: Hold'em No Limit  ($0.02/$0.05) - 2023/02/28 19:58:04
Table 'NLHBlue86' 6-max Seat #6 is the button
Seat 1: Hero ($5.06 in chips)
Seat 2: bfdf85a6 ($6.41 in chips)
Seat 3: 22cb55ef ($2.92 in chips)
Seat 4: ce0f4790 ($5.93 in chips)
Seat 5: 9ca0c02a ($2.7 in chips)
Seat 6: 1ec480bd ($5.02 in chips)
Hero: posts small blind $0.02
bfdf85a6: posts big blind $0.05
*** HOLE CARDS ***
Dealt to Hero [Qc 9c]
Dealt to bfdf85a6 
Dealt to 22cb55ef 
Dealt to ce0f4790 
Dealt to 9ca0c02a 
Dealt to 1ec480bd 
22cb55ef: folds
ce0f4790: raises $0.08 to $0.13
9ca0c02a: folds
1ec480bd: folds
Hero: folds
bfdf85a6: raises $0.21 to $0.34
ce0f4790: calls $0.21
*** FLOP *** [8d 7c 6h]
bfdf85a6: checks
ce0f4790: checks
*** TURN *** [8d 7c 6h] [4d]
bfdf85a6: checks
ce0f4790: checks
*** RIVER *** [8d 7c 6h 4d] [4h]
bfdf85a6: checks
ce0f4790: checks
bfdf85a6: shows [Ac Jh] (Pair of Fours)
ce0f4790: shows [Qs Ah] (Pair of Fours)
*** SHOWDOWN ***
ce0f4790 collected $0.67 from pot
*** SUMMARY ***
Total pot $0.7 | Rake $0.03 | Jackpot $0 | Bingo $0 | Fortune $0
Board [8d 7c 6h 4d 4h]
Seat 1: Hero (small blind) folded before Flop
Seat 2: bfdf85a6 (big blind) showed [Ac Jh] and lost with Pair of Fours
Seat 3: 22cb55ef folded before Flop (didn't bet)
Seat 4: ce0f4790 showed [Qs Ah] and won ($0.67) with Pair of Fours
Seat 5: 9ca0c02a folded before Flop (didn't bet)
Seat 6: 1ec480bd (button) folded before Flop (didn't bet)


Poker Hand #HD1140319535: Hold'em No Limit  ($0.02/$0.05) - 2023/02/28 19:57:40
Table 'NLHBlue86' 6-max Seat #5 is the button
Seat 1: Hero ($5.11 in chips)
Seat 2: bfdf85a6 ($6.41 in chips)
Seat 3: 22cb55ef ($2.92 in chips)
Seat 4: ce0f4790 ($5.93 in chips)
Seat 5: 9ca0c02a ($2.7 in chips)
Seat 6: 1ec480bd ($4.97 in chips)
1ec480bd: posts small blind $0.02
Hero: posts big blind $0.05
*** HOLE CARDS ***
Dealt to Hero [Jc 3c]
Dealt to bfdf85a6 
Dealt to 22cb55ef 
Dealt to ce0f4790 
Dealt to 9ca0c02a 
Dealt to 1ec480bd 
bfdf85a6: folds
22cb55ef: folds
ce0f4790: folds
9ca0c02a: folds
1ec480bd: raises $0.1 to $0.15
Hero: folds
Uncalled bet ($0.1) returned to 1ec480bd
*** SHOWDOWN ***
1ec480bd collected $0.1 from pot
*** SUMMARY ***
Total pot $0.1 | Rake $0 | Jackpot $0 | Bingo $0 | Fortune $0
Seat 1: Hero (big blind) folded before Flop
Seat 2: bfdf85a6 folded before Flop (didn't bet)
Seat 3: 22cb55ef folded before Flop (didn't bet)
Seat 4: ce0f4790 folded before Flop (didn't bet)
Seat 5: 9ca0c02a (button) folded before Flop (didn't bet)
Seat 6: 1ec480bd (small blind) collected ($0.1)


Poker Hand #HD1140319485: Hold'em No Limit  ($0.02/$0.05) - 2023/02/28 19:57:23
Table 'NLHBlue86' 6-max Seat #4 is the button
Seat 1: Hero ($5.11 in chips)
Seat 2: bfdf85a6 ($6.41 in chips)
Seat 3: 22cb55ef ($2.92 in chips)
Seat 4: ce0f4790 ($5.93 in chips)
Seat 5: 9ca0c02a ($2.72 in chips)
Seat 6: 1ec480bd ($4.95 in chips)
9ca0c02a: posts small blind $0.02
1ec480bd: posts big blind $0.05
*** HOLE CARDS ***
Dealt to Hero [Jh 5s]
Dealt to bfdf85a6 
Dealt to 22cb55ef 
Dealt to ce0f4790 
Dealt to 9ca0c02a 
Dealt to 1ec480bd 
Hero: folds
bfdf85a6: folds
22cb55ef: folds
ce0f4790: folds
9ca0c02a: folds
Uncalled bet ($0.03) returned to 1ec480bd
*** SHOWDOWN ***
1ec480bd collected $0.04 from pot
*** SUMMARY ***
Total pot $0.04 | Rake $0 | Jackpot $0 | Bingo $0 | Fortune $0
Seat 1: Hero folded before Flop (didn't bet)
Seat 2: bfdf85a6 folded before Flop (didn't bet)
Seat 3: 22cb55ef folded before Flop (didn't bet)
Seat 4: ce0f4790 (button) folded before Flop (didn't bet)
Seat 5: 9ca0c02a (small blind) folded before Flop
Seat 6: 1ec480bd (big blind) collected ($0.04)


Poker Hand #HD1140319369: Hold'em No Limit  ($0.02/$0.05) - 2023/02/28 19:56:40
Table 'NLHBlue86' 6-max Seat #3 is the button
Seat 1: Hero ($5.11 in chips)
Seat 2: bfdf85a6 ($6.92 in chips)
Seat 3: 22cb55ef ($2.92 in chips)
Seat 4: ce0f4790 ($5.42 in chips)
Seat 5: 9ca0c02a ($2.77 in chips)
Seat 6: 1ec480bd ($4.95 in chips)
ce0f4790: posts small blind $0.02
9ca0c02a: posts big blind $0.05
*** HOLE CARDS ***
Dealt to Hero [8d 4h]
Dealt to bfdf85a6 
Dealt to 22cb55ef 
Dealt to ce0f4790 
Dealt to 9ca0c02a 
Dealt to 1ec480bd 
1ec480bd: folds
Hero: folds
bfdf85a6: raises $0.08 to $0.13
22cb55ef: folds
ce0f4790: raises $0.38 to $0.51
9ca0c02a: folds
bfdf85a6: calls $0.38
*** FLOP *** [3d 8c 6h]
ce0f4790: bets $0.54
bfdf85a6: folds
Uncalled bet ($0.54) returned to ce0f4790
*** SHOWDOWN ***
ce0f4790 collected $1.02 from pot
*** SUMMARY ***
Total pot $1.07 | Rake $0.05 | Jackpot $0 | Bingo $0 | Fortune $0
Board [3d 8c 6h]
Seat 1: Hero folded before Flop (didn't bet)
Seat 2: bfdf85a6 folded on the Flop
Seat 3: 22cb55ef (button) folded before Flop (didn't bet)
Seat 4: ce0f4790 (small blind) won ($1.02)
Seat 5: 9ca0c02a (big blind) folded before Flop
Seat 6: 1ec480bd folded before Flop (didn't bet)


Poker Hand #HD1140319313: Hold'em No Limit  ($0.02/$0.05) - 2023/02/28 19:56:17
Table 'NLHBlue86' 6-max Seat #2 is the button
Seat 1: Hero ($5.11 in chips)
Seat 2: bfdf85a6 ($6.8 in chips)
Seat 3: 22cb55ef ($2.94 in chips)
Seat 4: ce0f4790 ($5.47 in chips)
Seat 5: 9ca0c02a ($2.77 in chips)
Seat 6: 1ec480bd ($5 in chips)
22cb55ef: posts small blind $0.02
ce0f4790: posts big blind $0.05
1ec480bd: posts big blind $0.05
*** HOLE CARDS ***
Dealt to Hero [Kd 6c]
Dealt to bfdf85a6 
Dealt to 22cb55ef 
Dealt to ce0f4790 
Dealt to 9ca0c02a 
Dealt to 1ec480bd 
9ca0c02a: folds
1ec480bd: checks
Hero: folds
bfdf85a6: raises $0.09 to $0.14
22cb55ef: folds
ce0f4790: folds
1ec480bd: folds
Uncalled bet ($0.09) returned to bfdf85a6
*** SHOWDOWN ***
bfdf85a6 collected $0.17 from pot
*** SUMMARY ***
Total pot $0.17 | Rake $0 | Jackpot $0 | Bingo $0 | Fortune $0
Seat 1: Hero folded before Flop (didn't bet)
Seat 2: bfdf85a6 (button) collected ($0.17)
Seat 3: 22cb55ef (small blind) folded before Flop
Seat 4: ce0f4790 (big blind) folded before Flop
Seat 5: 9ca0c02a folded before Flop (didn't bet)
Seat 6: 1ec480bd folded before Flop


Poker Hand #HD1140319178: Hold'em No Limit  ($0.02/$0.05) - 2023/02/28 19:55:23
Table 'NLHBlue86' 6-max Seat #1 is the button
Seat 1: Hero ($5.31 in chips)
Seat 2: bfdf85a6 ($6.82 in chips)
Seat 3: 22cb55ef ($3.14 in chips)
Seat 4: ce0f4790 ($5.47 in chips)
Seat 5: 9ca0c02a ($2.38 in chips)
bfdf85a6: posts small blind $0.02
22cb55ef: posts big blind $0.05
*** HOLE CARDS ***
Dealt to Hero [2d 2c]
Dealt to bfdf85a6 
Dealt to 22cb55ef 
Dealt to ce0f4790 
Dealt to 9ca0c02a 
ce0f4790: folds
9ca0c02a: calls $0.05
Hero: raises $0.15 to $0.2
bfdf85a6: folds
22cb55ef: calls $0.15
9ca0c02a: calls $0.15
*** FLOP *** [Qc 3c 8d]
22cb55ef: checks
9ca0c02a: checks
Hero: checks
*** TURN *** [Qc 3c 8d] [Kc]
22cb55ef: checks
9ca0c02a: bets $0.31
Hero: folds
22cb55ef: folds
Uncalled bet ($0.31) returned to 9ca0c02a
*** SHOWDOWN ***
9ca0c02a collected $0.59 from pot
*** SUMMARY ***
Total pot $0.62 | Rake $0.03 | Jackpot $0 | Bingo $0 | Fortune $0
Board [Qc 3c 8d Kc]
Seat 1: Hero (button) folded on the Turn
Seat 2: bfdf85a6 (small blind) folded before Flop
Seat 3: 22cb55ef (big blind) folded on the Turn
Seat 4: ce0f4790 folded before Flop (didn't bet)
Seat 5: 9ca0c02a won ($0.59)


Poker Hand #HD1140319114: Hold'em No Limit  ($0.02/$0.05) - 2023/02/28 19:54:57
Table 'NLHBlue86' 6-max Seat #6 is the button
Seat 1: Hero ($5.33 in chips)
Seat 2: bfdf85a6 ($6.67 in chips)
Seat 3: 22cb55ef ($3.14 in chips)
Seat 4: ce0f4790 ($5.47 in chips)
Seat 5: 9ca0c02a ($2.52 in chips)
Seat 6: 48bd90a7 ($4.62 in chips)
Hero: posts small blind $0.02
bfdf85a6: posts big blind $0.05
*** HOLE CARDS ***
Dealt to Hero [7d 9c]
Dealt to bfdf85a6 
Dealt to 22cb55ef 
Dealt to ce0f4790 
Dealt to 9ca0c02a 
Dealt to 48bd90a7 
22cb55ef: folds
ce0f4790: folds
9ca0c02a: calls $0.05
48bd90a7: folds
Hero: folds
bfdf85a6: raises $0.09 to $0.14
9ca0c02a: calls $0.09
*** FLOP *** [7s 2s 6c]
bfdf85a6: bets $0.15
9ca0c02a: folds
Uncalled bet ($0.15) returned to bfdf85a6
*** SHOWDOWN ***
bfdf85a6 collected $0.29 from pot
*** SUMMARY ***
Total pot $0.3 | Rake $0.01 | Jackpot $0 | Bingo $0 | Fortune $0
Board [7s 2s 6c]
Seat 1: Hero (small blind) folded before Flop
Seat 2: bfdf85a6 (big blind) won ($0.29)
Seat 3: 22cb55ef folded before Flop (didn't bet)
Seat 4: ce0f4790 folded before Flop (didn't bet)
Seat 5: 9ca0c02a folded on the Flop
Seat 6: 48bd90a7 (button) folded before Flop (didn't bet)


Poker Hand #HD1140318960: Hold'em No Limit  ($0.02/$0.05) - 2023/02/28 19:54:04
Table 'NLHBlue86' 6-max Seat #5 is the button
Seat 1: Hero ($5 in chips)
Seat 2: bfdf85a6 ($6.67 in chips)
Seat 3: 22cb55ef ($3.14 in chips)
Seat 4: ce0f4790 ($5.81 in chips)
Seat 5: 9ca0c02a ($2.52 in chips)
Seat 6: 48bd90a7 ($4.64 in chips)
48bd90a7: posts small blind $0.02
Hero: posts big blind $0.05
*** HOLE CARDS ***
Dealt to Hero [7d Kd]
Dealt to bfdf85a6 
Dealt to 22cb55ef 
Dealt to ce0f4790 
Dealt to 9ca0c02a 
Dealt to 48bd90a7 
bfdf85a6: folds
22cb55ef: folds
ce0f4790: raises $0.08 to $0.13
9ca0c02a: folds
48bd90a7: folds
Hero: calls $0.08
*** FLOP *** [5d 7s Ac]
Hero: checks
ce0f4790: bets $0.21
Hero: calls $0.21
*** TURN *** [5d 7s Ac] [Qd]
Hero: bets $0.53
ce0f4790: folds
Uncalled bet ($0.53) returned to Hero
*** SHOWDOWN ***
Hero collected $0.67 from pot
*** SUMMARY ***
Total pot $0.7 | Rake $0.03 | Jackpot $0 | Bingo $0 | Fortune $0
Board [5d 7s Ac Qd]
Seat 1: Hero (big blind) won ($0.67)
Seat 2: bfdf85a6 folded before Flop (didn't bet)
Seat 3: 22cb55ef folded before Flop (didn't bet)
Seat 4: ce0f4790 folded on the Turn
Seat 5: 9ca0c02a (button) folded before Flop (didn't bet)
Seat 6: 48bd90a7 (small blind) folded before Flop


Poker Hand #HD1140318880: Hold'em No Limit  ($0.02/$0.05) - 2023/02/28 19:53:32
Table 'NLHBlue86' 6-max Seat #4 is the button
Seat 1: Hero ($5.22 in chips)
Seat 2: bfdf85a6 ($6.35 in chips)
Seat 3: 22cb55ef ($3.14 in chips)
Seat 4: ce0f4790 ($5.81 in chips)
Seat 5: 9ca0c02a ($2.54 in chips)
Seat 6: 48bd90a7 ($4.69 in chips)
9ca0c02a: posts small blind $0.02
48bd90a7: posts big blind $0.05
*** HOLE CARDS ***
Dealt to Hero [Jh Ac]
Dealt to bfdf85a6 
Dealt to 22cb55ef 
Dealt to ce0f4790 
Dealt to 9ca0c02a 
Dealt to 48bd90a7 
Hero: raises $0.07 to $0.12
bfdf85a6: raises $0.16 to $0.28
22cb55ef: folds
ce0f4790: folds
9ca0c02a: folds
48bd90a7: folds
Hero: calls $0.16
*** FLOP *** [6h 3h Tc]
Hero: checks
bfdf85a6: bets $0.32
Hero: folds
Uncalled bet ($0.32) returned to bfdf85a6
*** SHOWDOWN ***
bfdf85a6 collected $0.6 from pot
*** SUMMARY ***
Total pot $0.63 | Rake $0.03 | Jackpot $0 | Bingo $0 | Fortune $0
Board [6h 3h Tc]
Seat 1: Hero folded on the Flop
Seat 2: bfdf85a6 won ($0.6)
Seat 3: 22cb55ef folded before Flop (didn't bet)
Seat 4: ce0f4790 (button) folded before Flop (didn't bet)
Seat 5: 9ca0c02a (small blind) folded before Flop
Seat 6: 48bd90a7 (big blind) folded before Flop


Poker Hand #HD1140318839: Hold'em No Limit  ($0.02/$0.05) - 2023/02/28 19:53:16
Table 'NLHBlue86' 6-max Seat #3 is the button
Seat 1: Hero ($5.22 in chips)
Seat 2: bfdf85a6 ($6.35 in chips)
Seat 3: 22cb55ef ($3.14 in chips)
Seat 4: ce0f4790 ($5.76 in chips)
Seat 5: 9ca0c02a ($2.59 in chips)
Seat 6: 48bd90a7 ($4.69 in chips)
ce0f4790: posts small blind $0.02
9ca0c02a: posts big blind $0.05
*** HOLE CARDS ***
Dealt to Hero [2h Kc]
Dealt to bfdf85a6 
Dealt to 22cb55ef 
Dealt to ce0f4790 
Dealt to 9ca0c02a 
Dealt to 48bd90a7 
48bd90a7: folds
Hero: folds
bfdf85a6: folds
22cb55ef: folds
ce0f4790: raises $0.1 to $0.15
9ca0c02a: folds
Uncalled bet ($0.1) returned to ce0f4790
*** SHOWDOWN ***
ce0f4790 collected $0.1 from pot
*** SUMMARY ***
Total pot $0.1 | Rake $0 | Jackpot $0 | Bingo $0 | Fortune $0
Seat 1: Hero folded before Flop (didn't bet)
Seat 2: bfdf85a6 folded before Flop (didn't bet)
Seat 3: 22cb55ef (button) folded before Flop (didn't bet)
Seat 4: ce0f4790 (small blind) collected ($0.1)
Seat 5: 9ca0c02a (big blind) folded before Flop
Seat 6: 48bd90a7 folded before Flop (didn't bet)


Poker Hand #HD1140318807: Hold'em No Limit  ($0.02/$0.05) - 2023/02/28 19:53:03
Table 'NLHBlue86' 6-max Seat #2 is the button
Seat 1: Hero ($5.22 in chips)
Seat 2: bfdf85a6 ($6.35 in chips)
Seat 3: 22cb55ef ($3.16 in chips)
Seat 4: ce0f4790 ($5.74 in chips)
Seat 5: 9ca0c02a ($2.59 in chips)
Seat 6: 48bd90a7 ($4.69 in chips)
22cb55ef: posts small blind $0.02
ce0f4790: posts big blind $0.05
*** HOLE CARDS ***
Dealt to Hero [9s 6h]
Dealt to bfdf85a6 
Dealt to 22cb55ef 
Dealt to ce0f4790 
Dealt to 9ca0c02a 
Dealt to 48bd90a7 
9ca0c02a: folds
48bd90a7: folds
Hero: folds
bfdf85a6: folds
22cb55ef: folds
Uncalled bet ($0.03) returned to ce0f4790
*** SHOWDOWN ***
ce0f4790 collected $0.04 from pot
*** SUMMARY ***
Total pot $0.04 | Rake $0 | Jackpot $0 | Bingo $0 | Fortune $0
Seat 1: Hero folded before Flop (didn't bet)
Seat 2: bfdf85a6 (button) folded before Flop (didn't bet)
Seat 3: 22cb55ef (small blind) folded before Flop
Seat 4: ce0f4790 (big blind) collected ($0.04)
Seat 5: 9ca0c02a folded before Flop (didn't bet)
Seat 6: 48bd90a7 folded before Flop (didn't bet)


Poker Hand #HD1140318755: Hold'em No Limit  ($0.02/$0.05) - 2023/02/28 19:52:45
Table 'NLHBlue86' 6-max Seat #1 is the button
Seat 1: Hero ($5.22 in chips)
Seat 2: bfdf85a6 ($6.37 in chips)
Seat 3: 22cb55ef ($3.21 in chips)
Seat 4: ce0f4790 ($5.67 in chips)
Seat 5: 9ca0c02a ($2.59 in chips)
Seat 6: 48bd90a7 ($4.69 in chips)
bfdf85a6: posts small blind $0.02
22cb55ef: posts big blind $0.05
*** HOLE CARDS ***
Dealt to Hero [Jh 4d]
Dealt to bfdf85a6 
Dealt to 22cb55ef 
Dealt to ce0f4790 
Dealt to 9ca0c02a 
Dealt to 48bd90a7 
ce0f4790: raises $0.08 to $0.13
9ca0c02a: folds
48bd90a7: folds
Hero: folds
bfdf85a6: folds
22cb55ef: folds
Uncalled bet ($0.08) returned to ce0f4790
*** SHOWDOWN ***
ce0f4790 collected $0.12 from pot
*** SUMMARY ***
Total pot $0.12 | Rake $0 | Jackpot $0 | Bingo $0 | Fortune $0
Seat 1: Hero (button) folded before Flop (didn't bet)
Seat 2: bfdf85a6 (small blind) folded before Flop
Seat 3: 22cb55ef (big blind) folded before Flop
Seat 4: ce0f4790 collected ($0.12)
Seat 5: 9ca0c02a folded before Flop (didn't bet)
Seat 6: 48bd90a7 folded before Flop (didn't bet)


Poker Hand #HD1140318653: Hold'em No Limit  ($0.02/$0.05) - 2023/02/28 19:52:04
Table 'NLHBlue86' 6-max Seat #6 is the button
Seat 1: Hero ($5.24 in chips)
Seat 2: bfdf85a6 ($6.3 in chips)
Seat 3: 22cb55ef ($3.21 in chips)
Seat 4: ce0f4790 ($5.67 in chips)
Seat 5: 9ca0c02a ($2.64 in chips)
Seat 6: 48bd90a7 ($4.69 in chips)
Hero: posts small blind $0.02
bfdf85a6: posts big blind $0.05
*** HOLE CARDS ***
Dealt to Hero [4d 8c]
Dealt to bfdf85a6 
Dealt to 22cb55ef 
Dealt to ce0f4790 
Dealt to 9ca0c02a 
Dealt to 48bd90a7 
22cb55ef: folds
ce0f4790: folds
9ca0c02a: calls $0.05
48bd90a7: folds
Hero: folds
bfdf85a6: checks
*** FLOP *** [Kc 9c 8s]
bfdf85a6: bets $0.06
9ca0c02a: folds
Uncalled bet ($0.06) returned to bfdf85a6
*** SHOWDOWN ***
bfdf85a6 collected $0.12 from pot
*** SUMMARY ***
Total pot $0.12 | Rake $0 | Jackpot $0 | Bingo $0 | Fortune $0
Board [Kc 9c 8s]
Seat 1: Hero (small blind) folded before Flop
Seat 2: bfdf85a6 (big blind) won ($0.12)
Seat 3: 22cb55ef folded before Flop (didn't bet)
Seat 4: ce0f4790 folded before Flop (didn't bet)
Seat 5: 9ca0c02a folded on the Flop
Seat 6: 48bd90a7 (button) folded before Flop (didn't bet)


Poker Hand #HD1140318536: Hold'em No Limit  ($0.02/$0.05) - 2023/02/28 19:51:13
Table 'NLHBlue86' 6-max Seat #5 is the button
Seat 1: Hero ($5 in chips)
Seat 2: bfdf85a6 ($6.43 in chips)
Seat 3: 22cb55ef ($3.21 in chips)
Seat 4: ce0f4790 ($5.67 in chips)
Seat 5: 9ca0c02a ($2.64 in chips)
Seat 6: 48bd90a7 ($4.82 in chips)
48bd90a7: posts small blind $0.02
Hero: posts big blind $0.05
*** HOLE CARDS ***
Dealt to Hero [Jd Ks]
Dealt to bfdf85a6 
Dealt to 22cb55ef 
Dealt to ce0f4790 
Dealt to 9ca0c02a 
Dealt to 48bd90a7 
bfdf85a6: raises $0.08 to $0.13
22cb55ef: folds
ce0f4790: folds
9ca0c02a: folds
48bd90a7: calls $0.11
Hero: calls $0.08
*** FLOP *** [8d 4c Ac]
48bd90a7: checks
Hero: checks
bfdf85a6: checks
*** TURN *** [8d 4c Ac] [Kh]
48bd90a7: checks
Hero: bets $0.13
bfdf85a6: folds
48bd90a7: folds
Uncalled bet ($0.13) returned to Hero
*** SHOWDOWN ***
Hero collected $0.37 from pot
*** SUMMARY ***
Total pot $0.39 | Rake $0.02 | Jackpot $0 | Bingo $0 | Fortune $0
Board [8d 4c Ac Kh]
Seat 1: Hero (big blind) won ($0.37)
Seat 2: bfdf85a6 folded on the Turn
Seat 3: 22cb55ef folded before Flop (didn't bet)
Seat 4: ce0f4790 folded before Flop (didn't bet)
Seat 5: 9ca0c02a (button) folded before Flop (didn't bet)
Seat 6: 48bd90a7 (small blind) folded on the Turn


Poker Hand #HD1140318402: Hold'em No Limit  ($0.02/$0.05) - 2023/02/28 19:50:25
Table 'NLHBlue86' 6-max Seat #4 is the button
Seat 1: Hero ($5 in chips)
Seat 2: bfdf85a6 ($6.82 in chips)
Seat 3: 22cb55ef ($3.21 in chips)
Seat 4: ce0f4790 ($5.07 in chips)
Seat 5: 9ca0c02a ($2.77 in chips)
Seat 6: 48bd90a7 ($4.95 in chips)
9ca0c02a: posts small blind $0.02
48bd90a7: posts big blind $0.05
*** HOLE CARDS ***
Dealt to Hero [5c Qh]
Dealt to bfdf85a6 
Dealt to 22cb55ef 
Dealt to ce0f4790 
Dealt to 9ca0c02a 
Dealt to 48bd90a7 
Hero: folds
bfdf85a6: raises $0.08 to $0.13
22cb55ef: folds
ce0f4790: calls $0.13
9ca0c02a: calls $0.11
48bd90a7: calls $0.08
*** FLOP *** [Kh 6h 4s]
9ca0c02a: checks
48bd90a7: checks
bfdf85a6: bets $0.26
ce0f4790: calls $0.26
9ca0c02a: folds
48bd90a7: folds
*** TURN *** [Kh 6h 4s] [9d]
bfdf85a6: checks
ce0f4790: bets $0.78
bfdf85a6: folds
Uncalled bet ($0.78) returned to ce0f4790
*** SHOWDOWN ***
ce0f4790 collected $0.99 from pot
*** SUMMARY ***
Total pot $1.04 | Rake $0.05 | Jackpot $0 | Bingo $0 | Fortune $0
Board [Kh 6h 4s 9d]
Seat 1: Hero folded before Flop (didn't bet)
Seat 2: bfdf85a6 folded on the Turn
Seat 3: 22cb55ef folded before Flop (didn't bet)
Seat 4: ce0f4790 (button) won ($0.99)
Seat 5: 9ca0c02a (small blind) folded on the Flop
Seat 6: 48bd90a7 (big blind) folded on the Flop


Poker Hand #HD1140318320: Hold'em No Limit  ($0.02/$0.05) - 2023/02/28 19:49:50
Table 'NLHBlue86' 6-max Seat #3 is the button
Seat 1: Hero ($5 in chips)
Seat 2: bfdf85a6 ($6.92 in chips)
Seat 3: 22cb55ef ($3.21 in chips)
Seat 4: ce0f4790 ($5.09 in chips)
Seat 5: 9ca0c02a ($2.82 in chips)
Seat 6: 48bd90a7 ($4.79 in chips)
ce0f4790: posts small blind $0.02
9ca0c02a: posts big blind $0.05
*** HOLE CARDS ***
Dealt to Hero [3d 9d]
Dealt to bfdf85a6 
Dealt to 22cb55ef 
Dealt to ce0f4790 
Dealt to 9ca0c02a 
Dealt to 48bd90a7 
48bd90a7: raises $0.05 to $0.1
Hero: folds
bfdf85a6: calls $0.1
22cb55ef: folds
ce0f4790: folds
9ca0c02a: folds
*** FLOP *** [2d 2h 6h]
48bd90a7: bets $0.21
bfdf85a6: folds
Uncalled bet ($0.21) returned to 48bd90a7
*** SHOWDOWN ***
48bd90a7 collected $0.26 from pot
*** SUMMARY ***
Total pot $0.27 | Rake $0.01 | Jackpot $0 | Bingo $0 | Fortune $0
Board [2d 2h 6h]
Seat 1: Hero folded before Flop (didn't bet)
Seat 2: bfdf85a6 folded on the Flop
Seat 3: 22cb55ef (button) folded before Flop (didn't bet)
Seat 4: ce0f4790 (small blind) folded before Flop
Seat 5: 9ca0c02a (big blind) folded before Flop
Seat 6: 48bd90a7 won ($0.26)


Poker Hand #HD1140318299: Hold'em No Limit  ($0.02/$0.05) - 2023/02/28 19:49:41
Table 'NLHBlue86' 6-max Seat #2 is the button
Seat 1: Hero ($5 in chips)
Seat 2: bfdf85a6 ($6.92 in chips)
Seat 3: 22cb55ef ($3.23 in chips)
Seat 4: ce0f4790 ($5.07 in chips)
Seat 5: 9ca0c02a ($2.82 in chips)
Seat 6: 48bd90a7 ($4.79 in chips)
22cb55ef: posts small blind $0.02
ce0f4790: posts big blind $0.05
*** HOLE CARDS ***
Dealt to Hero [6s 3h]
Dealt to bfdf85a6 
Dealt to 22cb55ef 
Dealt to ce0f4790 
Dealt to 9ca0c02a 
Dealt to 48bd90a7 
9ca0c02a: folds
48bd90a7: folds
Hero: folds
bfdf85a6: folds
22cb55ef: folds
Uncalled bet ($0.03) returned to ce0f4790
*** SHOWDOWN ***
ce0f4790 collected $0.04 from pot
*** SUMMARY ***
Total pot $0.04 | Rake $0 | Jackpot $0 | Bingo $0 | Fortune $0
Seat 1: Hero folded before Flop (didn't bet)
Seat 2: bfdf85a6 (button) folded before Flop (didn't bet)
Seat 3: 22cb55ef (small blind) folded before Flop
Seat 4: ce0f4790 (big blind) collected ($0.04)
Seat 5: 9ca0c02a folded before Flop (didn't bet)
Seat 6: 48bd90a7 folded before Flop (didn't bet)


Poker Hand #HD1140318194: Hold'em No Limit  ($0.02/$0.05) - 2023/02/28 19:49:04
Table 'NLHBlue86' 6-max Seat #1 is the button
Seat 1: Hero ($5 in chips)
Seat 2: bfdf85a6 ($7.05 in chips)
Seat 3: 22cb55ef ($3.11 in chips)
Seat 4: ce0f4790 ($5.07 in chips)
Seat 5: 9ca0c02a ($2.82 in chips)
Seat 6: 48bd90a7 ($4.79 in chips)
bfdf85a6: posts small blind $0.02
22cb55ef: posts big blind $0.05
*** HOLE CARDS ***
Dealt to Hero [6h 8c]
Dealt to bfdf85a6 
Dealt to 22cb55ef 
Dealt to ce0f4790 
Dealt to 9ca0c02a 
Dealt to 48bd90a7 
ce0f4790: folds
9ca0c02a: folds
48bd90a7: folds
Hero: folds
bfdf85a6: raises $0.08 to $0.13
22cb55ef: calls $0.08
*** FLOP *** [3s 8s 9d]
bfdf85a6: checks
22cb55ef: checks
*** TURN *** [3s 8s 9d] [Qd]
bfdf85a6: checks
22cb55ef: checks
*** RIVER *** [3s 8s 9d Qd] [2d]
bfdf85a6: checks
22cb55ef: checks
bfdf85a6: shows [6c 5d] (Queen-High)
22cb55ef: shows [5s Ac] (Ace-High)
*** SHOWDOWN ***
22cb55ef collected $0.25 from pot
*** SUMMARY ***
Total pot $0.26 | Rake $0.01 | Jackpot $0 | Bingo $0 | Fortune $0
Board [3s 8s 9d Qd 2d]
Seat 1: Hero (button) folded before Flop (didn't bet)
Seat 2: bfdf85a6 (small blind) showed [6c 5d] and lost with Queen-High
Seat 3: 22cb55ef (big blind) showed [5s Ac] and won ($0.25) with Ace-High
Seat 4: ce0f4790 folded before Flop (didn't bet)
Seat 5: 9ca0c02a folded before Flop (didn't bet)
Seat 6: 48bd90a7 folded before Flop (didn't bet)


Poker Hand #HD1140318169: Hold'em No Limit  ($0.02/$0.05) - 2023/02/28 19:48:54
Table 'NLHBlue86' 6-max Seat #6 is the button
Seat 1: Hero ($5.02 in chips)
Seat 2: bfdf85a6 ($7.03 in chips)
Seat 3: 22cb55ef ($3.11 in chips)
Seat 4: ce0f4790 ($5.07 in chips)
Seat 6: 48bd90a7 ($4.79 in chips)
Hero: posts small blind $0.02
bfdf85a6: posts big blind $0.05
*** HOLE CARDS ***
Dealt to Hero [Ks 3h]
Dealt to bfdf85a6 
Dealt to 22cb55ef 
Dealt to ce0f4790 
Dealt to 48bd90a7 
22cb55ef: folds
ce0f4790: folds
48bd90a7: folds
Hero: folds
Uncalled bet ($0.03) returned to bfdf85a6
*** SHOWDOWN ***
bfdf85a6 collected $0.04 from pot
*** SUMMARY ***
Total pot $0.04 | Rake $0 | Jackpot $0 | Bingo $0 | Fortune $0
Seat 1: Hero (small blind) folded before Flop
Seat 2: bfdf85a6 (big blind) collected ($0.04)
Seat 3: 22cb55ef folded before Flop (didn't bet)
Seat 4: ce0f4790 folded before Flop (didn't bet)
Seat 6: 48bd90a7 (button) folded before Flop (didn't bet)


Poker Hand #HD1140318111: Hold'em No Limit  ($0.02/$0.05) - 2023/02/28 19:48:29
Table 'NLHBlue86' 6-max Seat #5 is the button
Seat 1: Hero ($5 in chips)
Seat 2: bfdf85a6 ($7.03 in chips)
Seat 3: 22cb55ef ($3.11 in chips)
Seat 4: ce0f4790 ($5.07 in chips)
Seat 5: 9ca0c02a ($2.82 in chips)
Seat 6: 48bd90a7 ($4.81 in chips)
48bd90a7: posts small blind $0.02
Hero: posts big blind $0.05
*** HOLE CARDS ***
Dealt to Hero [Ad Qs]
Dealt to bfdf85a6 
Dealt to 22cb55ef 
Dealt to ce0f4790 
Dealt to 9ca0c02a 
Dealt to 48bd90a7 
bfdf85a6: folds
22cb55ef: folds
ce0f4790: folds
9ca0c02a: folds
48bd90a7: folds
Uncalled bet ($0.03) returned to Hero
*** SHOWDOWN ***
Hero collected $0.04 from pot
*** SUMMARY ***
Total pot $0.04 | Rake $0 | Jackpot $0 | Bingo $0 | Fortune $0
Seat 1: Hero (big blind) collected ($0.04)
Seat 2: bfdf85a6 folded before Flop (didn't bet)
Seat 3: 22cb55ef folded before Flop (didn't bet)
Seat 4: ce0f4790 folded before Flop (didn't bet)
Seat 5: 9ca0c02a (button) folded before Flop (didn't bet)
Seat 6: 48bd90a7 (small blind) folded before Flop


