Poker Hand #HD1166587228: Hold'em No Limit  ($0.02/$0.05) - 2023/03/19 09:08:14
Table 'NLHBlue30' 6-max Seat #2 is the button
Seat 1: 7e5a4d1e ($5.59 in chips)
Seat 2: 5330113c ($5.3 in chips)
Seat 4: 4514f22b ($9.35 in chips)
Seat 5: Hero ($5 in chips)
Seat 6: b584c790 ($5.5 in chips)
4514f22b: posts small blind $0.02
Hero: posts big blind $0.05
*** HOLE CARDS ***
Dealt to 7e5a4d1e 
Dealt to 5330113c 
Dealt to 4514f22b 
Dealt to Hero [2c 9s]
Dealt to b584c790 
b584c790: folds
7e5a4d1e: folds
5330113c: folds
4514f22b: raises $0.07 to $0.12
Hero: folds
Uncalled bet ($0.07) returned to 4514f22b
*** SHOWDOWN ***
4514f22b collected $0.1 from pot
*** SUMMARY ***
Total pot $0.1 | Rake $0 | Jackpot $0 | Bingo $0 | Fortune $0
Seat 1: 7e5a4d1e folded before Flop (didn't bet)
Seat 2: 5330113c (button) folded before Flop (didn't bet)
Seat 4: 4514f22b (small blind) collected ($0.1)
Seat 5: Hero (big blind) folded before Flop
Seat 6: b584c790 folded before Flop (didn't bet)


Poker Hand #HD1166587193: Hold'em No Limit  ($0.02/$0.05) - 2023/03/19 09:07:59
Table 'NLHBlue30' 6-max Seat #1 is the button
Seat 1: 7e5a4d1e ($5.59 in chips)
Seat 2: 5330113c ($5.25 in chips)
Seat 4: 4514f22b ($9.4 in chips)
Seat 5: Hero ($5 in chips)
Seat 6: b584c790 ($5.5 in chips)
5330113c: posts small blind $0.02
4514f22b: posts big blind $0.05
*** HOLE CARDS ***
Dealt to 7e5a4d1e 
Dealt to 5330113c 
Dealt to 4514f22b 
Dealt to Hero [8c 6c]
Dealt to b584c790 
Hero: folds
b584c790: folds
7e5a4d1e: folds
5330113c: raises $0.05 to $0.1
4514f22b: folds
Uncalled bet ($0.05) returned to 5330113c
*** SHOWDOWN ***
5330113c collected $0.1 from pot
*** SUMMARY ***
Total pot $0.1 | Rake $0 | Jackpot $0 | Bingo $0 | Fortune $0
Seat 1: 7e5a4d1e (button) folded before Flop (didn't bet)
Seat 2: 5330113c (small blind) collected ($0.1)
Seat 4: 4514f22b (big blind) folded before Flop
Seat 5: Hero folded before Flop (didn't bet)
Seat 6: b584c790 folded before Flop (didn't bet)


Poker Hand #HD1166587099: Hold'em No Limit  ($0.02/$0.05) - 2023/03/19 09:07:14
Table 'NLHBlue30' 6-max Seat #6 is the button
Seat 1: 7e5a4d1e ($5.45 in chips)
Seat 2: 5330113c ($5.4 in chips)
Seat 3: 69bcc43e ($5.18 in chips)
Seat 4: 4514f22b ($9.4 in chips)
Seat 5: Hero ($5 in chips)
Seat 6: b584c790 ($5.5 in chips)
7e5a4d1e: posts small blind $0.02
5330113c: posts big blind $0.05
*** HOLE CARDS ***
Dealt to 7e5a4d1e 
Dealt to 5330113c 
Dealt to 69bcc43e 
Dealt to 4514f22b 
Dealt to Hero [2h Qs]
Dealt to b584c790 
69bcc43e: folds
4514f22b: folds
Hero: folds
b584c790: folds
7e5a4d1e: raises $0.1 to $0.15
5330113c: calls $0.1
*** FLOP *** [Ah 6s Ks]
7e5a4d1e: bets $0.23
5330113c: folds
Uncalled bet ($0.23) returned to 7e5a4d1e
*** SHOWDOWN ***
7e5a4d1e collected $0.29 from pot
*** SUMMARY ***
Total pot $0.3 | Rake $0.01 | Jackpot $0 | Bingo $0 | Fortune $0
Board [Ah 6s Ks]
Seat 1: 7e5a4d1e (small blind) won ($0.29)
Seat 2: 5330113c (big blind) folded on the Flop
Seat 3: 69bcc43e folded before Flop (didn't bet)
Seat 4: 4514f22b folded before Flop (didn't bet)
Seat 5: Hero folded before Flop (didn't bet)
Seat 6: b584c790 (button) folded before Flop (didn't bet)


Poker Hand #HD1166587033: Hold'em No Limit  ($0.02/$0.05) - 2023/03/19 09:06:44
Table 'NLHBlue30' 6-max Seat #5 is the button
Seat 1: 7e5a4d1e ($5.5 in chips)
Seat 2: 5330113c ($5.4 in chips)
Seat 3: 69bcc43e ($5.11 in chips)
Seat 4: 4514f22b ($9.4 in chips)
Seat 5: Hero ($5 in chips)
Seat 6: b584c790 ($5.52 in chips)
b584c790: posts small blind $0.02
7e5a4d1e: posts big blind $0.05
*** HOLE CARDS ***
Dealt to 7e5a4d1e 
Dealt to 5330113c 
Dealt to 69bcc43e 
Dealt to 4514f22b 
Dealt to Hero [As 4c]
Dealt to b584c790 
5330113c: folds
69bcc43e: raises $0.1 to $0.15
4514f22b: folds
Hero: folds
b584c790: folds
7e5a4d1e: folds
Uncalled bet ($0.1) returned to 69bcc43e
*** SHOWDOWN ***
69bcc43e collected $0.12 from pot
*** SUMMARY ***
Total pot $0.12 | Rake $0 | Jackpot $0 | Bingo $0 | Fortune $0
Seat 1: 7e5a4d1e (big blind) folded before Flop
Seat 2: 5330113c folded before Flop (didn't bet)
Seat 3: 69bcc43e collected ($0.12)
Seat 4: 4514f22b folded before Flop (didn't bet)
Seat 5: Hero (button) folded before Flop (didn't bet)
Seat 6: b584c790 (small blind) folded before Flop


Poker Hand #HD1166586896: Hold'em No Limit  ($0.02/$0.05) - 2023/03/19 09:05:32
Table 'NLHBlue30' 6-max Seat #4 is the button
Seat 1: 7e5a4d1e ($5.3 in chips)
Seat 2: 5330113c ($5.4 in chips)
Seat 3: 69bcc43e ($5.11 in chips)
Seat 4: 4514f22b ($9.4 in chips)
Seat 5: Hero ($5 in chips)
Seat 6: b584c790 ($5.72 in chips)
Hero: posts small blind $0.02
b584c790: posts big blind $0.05
*** HOLE CARDS ***
Dealt to 7e5a4d1e 
Dealt to 5330113c 
Dealt to 69bcc43e 
Dealt to 4514f22b 
Dealt to Hero [3d 4d]
Dealt to b584c790 
7e5a4d1e: raises $0.08 to $0.13
5330113c: folds
69bcc43e: folds
4514f22b: folds
Hero: folds
b584c790: calls $0.08
*** FLOP *** [3s Ah Qs]
b584c790: bets $0.07
7e5a4d1e: calls $0.07
*** TURN *** [3s Ah Qs] [4h]
b584c790: checks
7e5a4d1e: checks
*** RIVER *** [3s Ah Qs 4h] [6s]
b584c790: checks
7e5a4d1e: checks
b584c790: shows [5h 5s] (Pair of Fives)
7e5a4d1e: shows [Qd Ks] (Pair of Queens)
*** SHOWDOWN ***
7e5a4d1e collected $0.4 from pot
*** SUMMARY ***
Total pot $0.42 | Rake $0.02 | Jackpot $0 | Bingo $0 | Fortune $0
Board [3s Ah Qs 4h 6s]
Seat 1: 7e5a4d1e showed [Qd Ks] and won ($0.4) with Pair of Queens
Seat 2: 5330113c folded before Flop (didn't bet)
Seat 3: 69bcc43e folded before Flop (didn't bet)
Seat 4: 4514f22b (button) folded before Flop (didn't bet)
Seat 5: Hero (small blind) folded before Flop
Seat 6: b584c790 (big blind) showed [5h 5s] and lost with Pair of Fives


Poker Hand #HD1166586833: Hold'em No Limit  ($0.02/$0.05) - 2023/03/19 09:04:59
Table 'NLHBlue30' 6-max Seat #3 is the button
Seat 1: 7e5a4d1e ($5.3 in chips)
Seat 2: 5330113c ($5.4 in chips)
Seat 3: 69bcc43e ($5 in chips)
Seat 4: 4514f22b ($9.42 in chips)
Seat 5: Hero ($5 in chips)
Seat 6: b584c790 ($5.72 in chips)
4514f22b: posts small blind $0.02
Hero: posts big blind $0.05
*** HOLE CARDS ***
Dealt to 7e5a4d1e 
Dealt to 5330113c 
Dealt to 69bcc43e 
Dealt to 4514f22b 
Dealt to Hero [8s 4s]
Dealt to b584c790 
b584c790: folds
7e5a4d1e: folds
5330113c: folds
69bcc43e: raises $0.05 to $0.1
4514f22b: folds
Hero: calls $0.05
*** FLOP *** [2h Kd 5d]
Hero: checks
69bcc43e: bets $0.08
Hero: folds
Uncalled bet ($0.08) returned to 69bcc43e
*** SHOWDOWN ***
69bcc43e collected $0.21 from pot
*** SUMMARY ***
Total pot $0.22 | Rake $0.01 | Jackpot $0 | Bingo $0 | Fortune $0
Board [2h Kd 5d]
Seat 1: 7e5a4d1e folded before Flop (didn't bet)
Seat 2: 5330113c folded before Flop (didn't bet)
Seat 3: 69bcc43e (button) won ($0.21)
Seat 4: 4514f22b (small blind) folded before Flop
Seat 5: Hero (big blind) folded on the Flop
Seat 6: b584c790 folded before Flop (didn't bet)


Poker Hand #HD1166586793: Hold'em No Limit  ($0.02/$0.05) - 2023/03/19 09:04:40
Table 'NLHBlue30' 6-max Seat #2 is the button
Seat 1: 7e5a4d1e ($5.3 in chips)
Seat 2: 5330113c ($5.33 in chips)
Seat 3: 69bcc43e ($5 in chips)
Seat 4: 4514f22b ($9.47 in chips)
Seat 5: Hero ($5 in chips)
Seat 6: b584c790 ($5.72 in chips)
69bcc43e: posts small blind $0.02
4514f22b: posts big blind $0.05
*** HOLE CARDS ***
Dealt to 7e5a4d1e 
Dealt to 5330113c 
Dealt to 69bcc43e 
Dealt to 4514f22b 
Dealt to Hero [6s 2c]
Dealt to b584c790 
Hero: folds
b584c790: folds
7e5a4d1e: folds
5330113c: raises $0.12 to $0.17
69bcc43e: folds
4514f22b: folds
Uncalled bet ($0.12) returned to 5330113c
*** SHOWDOWN ***
5330113c collected $0.12 from pot
*** SUMMARY ***
Total pot $0.12 | Rake $0 | Jackpot $0 | Bingo $0 | Fortune $0
Seat 1: 7e5a4d1e folded before Flop (didn't bet)
Seat 2: 5330113c (button) collected ($0.12)
Seat 3: 69bcc43e (small blind) folded before Flop
Seat 4: 4514f22b (big blind) folded before Flop
Seat 5: Hero folded before Flop (didn't bet)
Seat 6: b584c790 folded before Flop (didn't bet)


Poker Hand #HD1166586683: Hold'em No Limit  ($0.02/$0.05) - 2023/03/19 09:03:48
Table 'NLHBlue30' 6-max Seat #1 is the button
Seat 1: 7e5a4d1e ($5.16 in chips)
Seat 2: 5330113c ($5.35 in chips)
Seat 3: 69bcc43e ($5 in chips)
Seat 4: 4514f22b ($9.47 in chips)
Seat 5: Hero ($5 in chips)
Seat 6: b584c790 ($5.72 in chips)
5330113c: posts small blind $0.02
69bcc43e: posts big blind $0.05
*** HOLE CARDS ***
Dealt to 7e5a4d1e 
Dealt to 5330113c 
Dealt to 69bcc43e 
Dealt to 4514f22b 
Dealt to Hero [6c 9d]
Dealt to b584c790 
4514f22b: folds
Hero: folds
b584c790: folds
7e5a4d1e: raises $0.08 to $0.13
5330113c: folds
69bcc43e: calls $0.08
*** FLOP *** [4h Js 5d]
69bcc43e: checks
7e5a4d1e: bets $0.1
69bcc43e: folds
Uncalled bet ($0.1) returned to 7e5a4d1e
*** SHOWDOWN ***
7e5a4d1e collected $0.27 from pot
*** SUMMARY ***
Total pot $0.28 | Rake $0.01 | Jackpot $0 | Bingo $0 | Fortune $0
Board [4h Js 5d]
Seat 1: 7e5a4d1e (button) won ($0.27)
Seat 2: 5330113c (small blind) folded before Flop
Seat 3: 69bcc43e (big blind) folded on the Flop
Seat 4: 4514f22b folded before Flop (didn't bet)
Seat 5: Hero folded before Flop (didn't bet)
Seat 6: b584c790 folded before Flop (didn't bet)


Poker Hand #HD1166586628: Hold'em No Limit  ($0.02/$0.05) - 2023/03/19 09:03:25
Table 'NLHBlue30' 6-max Seat #6 is the button
Seat 1: 7e5a4d1e ($5.11 in chips)
Seat 2: 5330113c ($5.4 in chips)
Seat 3: 69bcc43e ($5 in chips)
Seat 4: 4514f22b ($9.47 in chips)
Seat 5: Hero ($5 in chips)
Seat 6: b584c790 ($5.72 in chips)
7e5a4d1e: posts small blind $0.02
5330113c: posts big blind $0.05
*** HOLE CARDS ***
Dealt to 7e5a4d1e 
Dealt to 5330113c 
Dealt to 69bcc43e 
Dealt to 4514f22b 
Dealt to Hero [Ts 6h]
Dealt to b584c790 
69bcc43e: folds
4514f22b: folds
Hero: folds
b584c790: folds
7e5a4d1e: raises $0.1 to $0.15
5330113c: folds
Uncalled bet ($0.1) returned to 7e5a4d1e
*** SHOWDOWN ***
7e5a4d1e collected $0.1 from pot
*** SUMMARY ***
Total pot $0.1 | Rake $0 | Jackpot $0 | Bingo $0 | Fortune $0
Seat 1: 7e5a4d1e (small blind) collected ($0.1)
Seat 2: 5330113c (big blind) folded before Flop
Seat 3: 69bcc43e folded before Flop (didn't bet)
Seat 4: 4514f22b folded before Flop (didn't bet)
Seat 5: Hero folded before Flop (didn't bet)
Seat 6: b584c790 (button) folded before Flop (didn't bet)


Poker Hand #HD1166586494: Hold'em No Limit  ($0.02/$0.05) - 2023/03/19 09:02:17
Table 'NLHBlue30' 6-max Seat #5 is the button
Seat 1: 7e5a4d1e ($5 in chips)
Seat 2: 5330113c ($5.4 in chips)
Seat 3: 69bcc43e ($5.07 in chips)
Seat 4: 4514f22b ($9.47 in chips)
Seat 5: Hero ($5 in chips)
Seat 6: b584c790 ($5.74 in chips)
b584c790: posts small blind $0.02
7e5a4d1e: posts big blind $0.05
*** HOLE CARDS ***
Dealt to 7e5a4d1e 
Dealt to 5330113c 
Dealt to 69bcc43e 
Dealt to 4514f22b 
Dealt to Hero [8c Jd]
Dealt to b584c790 
5330113c: folds
69bcc43e: raises $0.05 to $0.1
4514f22b: folds
Hero: folds
b584c790: folds
7e5a4d1e: calls $0.05
*** FLOP *** [7s 2h Td]
7e5a4d1e: checks
69bcc43e: checks
*** TURN *** [7s 2h Td] [6d]
7e5a4d1e: bets $0.11
69bcc43e: folds
Uncalled bet ($0.11) returned to 7e5a4d1e
*** SHOWDOWN ***
7e5a4d1e collected $0.21 from pot
*** SUMMARY ***
Total pot $0.22 | Rake $0.01 | Jackpot $0 | Bingo $0 | Fortune $0
Board [7s 2h Td 6d]
Seat 1: 7e5a4d1e (big blind) won ($0.21)
Seat 2: 5330113c folded before Flop (didn't bet)
Seat 3: 69bcc43e folded on the Turn
Seat 4: 4514f22b folded before Flop (didn't bet)
Seat 5: Hero (button) folded before Flop (didn't bet)
Seat 6: b584c790 (small blind) folded before Flop


Poker Hand #HD1166586478: Hold'em No Limit  ($0.02/$0.05) - 2023/03/19 09:02:08
Table 'NLHBlue30' 6-max Seat #4 is the button
Seat 2: 5330113c ($5.4 in chips)
Seat 3: 69bcc43e ($5.07 in chips)
Seat 4: 4514f22b ($9.47 in chips)
Seat 5: Hero ($5 in chips)
Seat 6: b584c790 ($5.72 in chips)
Hero: posts small blind $0.02
b584c790: posts big blind $0.05
*** HOLE CARDS ***
Dealt to 5330113c 
Dealt to 69bcc43e 
Dealt to 4514f22b 
Dealt to Hero [7d 3c]
Dealt to b584c790 
5330113c: folds
69bcc43e: folds
4514f22b: folds
Hero: folds
Uncalled bet ($0.03) returned to b584c790
*** SHOWDOWN ***
b584c790 collected $0.04 from pot
*** SUMMARY ***
Total pot $0.04 | Rake $0 | Jackpot $0 | Bingo $0 | Fortune $0
Seat 2: 5330113c folded before Flop (didn't bet)
Seat 3: 69bcc43e folded before Flop (didn't bet)
Seat 4: 4514f22b (button) folded before Flop (didn't bet)
Seat 5: Hero (small blind) folded before Flop
Seat 6: b584c790 (big blind) collected ($0.04)


Poker Hand #HD1166586413: Hold'em No Limit  ($0.02/$0.05) - 2023/03/19 09:01:40
Table 'NLHBlue30' 6-max Seat #3 is the button
Seat 2: 5330113c ($5.4 in chips)
Seat 3: 69bcc43e ($5 in chips)
Seat 4: 4514f22b ($9.49 in chips)
Seat 5: Hero ($5 in chips)
Seat 6: b584c790 ($5.72 in chips)
4514f22b: posts small blind $0.02
Hero: posts big blind $0.05
*** HOLE CARDS ***
Dealt to 5330113c 
Dealt to 69bcc43e 
Dealt to 4514f22b 
Dealt to Hero [3d 9s]
Dealt to b584c790 
b584c790: folds
5330113c: folds
69bcc43e: raises $0.05 to $0.1
4514f22b: folds
Hero: folds
Uncalled bet ($0.05) returned to 69bcc43e
*** SHOWDOWN ***
69bcc43e collected $0.12 from pot
*** SUMMARY ***
Total pot $0.12 | Rake $0 | Jackpot $0 | Bingo $0 | Fortune $0
Seat 2: 5330113c folded before Flop (didn't bet)
Seat 3: 69bcc43e (button) collected ($0.12)
Seat 4: 4514f22b (small blind) folded before Flop
Seat 5: Hero (big blind) folded before Flop
Seat 6: b584c790 folded before Flop (didn't bet)


Poker Hand #HD1166586316: Hold'em No Limit  ($0.02/$0.05) - 2023/03/19 09:00:51
Table 'NLHBlue30' 6-max Seat #2 is the button
Seat 2: 5330113c ($4.65 in chips)
Seat 3: 69bcc43e ($5 in chips)
Seat 4: 4514f22b ($9.54 in chips)
Seat 5: Hero ($5 in chips)
Seat 6: b584c790 ($5.72 in chips)
69bcc43e: posts small blind $0.02
4514f22b: posts big blind $0.05
*** HOLE CARDS ***
Dealt to 5330113c 
Dealt to 69bcc43e 
Dealt to 4514f22b 
Dealt to Hero [4h 3h]
Dealt to b584c790 
Hero: raises $0.07 to $0.12
b584c790: folds
5330113c: calls $0.12
69bcc43e: folds
4514f22b: folds
*** FLOP *** [Ts Kc 4s]
Hero: bets $0.18
5330113c: calls $0.18
*** TURN *** [Ts Kc 4s] [9h]
Hero: bets $0.51
5330113c: calls $0.51
*** RIVER *** [Ts Kc 4s 9h] [2s]
Hero: checks
5330113c: bets $1.69
Hero: folds
Uncalled bet ($1.69) returned to 5330113c
*** SHOWDOWN ***
5330113c collected $1.56 from pot
*** SUMMARY ***
Total pot $1.69 | Rake $0.08 | Jackpot $0.05 | Bingo $0 | Fortune $0
Board [Ts Kc 4s 9h 2s]
Seat 2: 5330113c (button) won ($1.56)
Seat 3: 69bcc43e (small blind) folded before Flop
Seat 4: 4514f22b (big blind) folded before Flop
Seat 5: Hero folded on the River
Seat 6: b584c790 folded before Flop (didn't bet)


Poker Hand #HD1166586258: Hold'em No Limit  ($0.02/$0.05) - 2023/03/19 09:00:19
Table 'NLHBlue30' 6-max Seat #6 is the button
Seat 2: 5330113c ($4.67 in chips)
Seat 3: 69bcc43e ($5 in chips)
Seat 4: 4514f22b ($9.54 in chips)
Seat 5: Hero ($5.12 in chips)
Seat 6: b584c790 ($5.23 in chips)
5330113c: posts small blind $0.02
69bcc43e: posts big blind $0.05
*** HOLE CARDS ***
Dealt to 5330113c 
Dealt to 69bcc43e 
Dealt to 4514f22b 
Dealt to Hero [Qs Ks]
Dealt to b584c790 
4514f22b: folds
Hero: raises $0.07 to $0.12
b584c790: raises $0.35 to $0.47
5330113c: folds
69bcc43e: folds
Hero: calls $0.35
*** FLOP *** [7d 7s Ad]
Hero: checks
b584c790: bets $0.39
Hero: folds
Uncalled bet ($0.39) returned to b584c790
*** SHOWDOWN ***
b584c790 collected $0.96 from pot
*** SUMMARY ***
Total pot $1.01 | Rake $0.05 | Jackpot $0 | Bingo $0 | Fortune $0
Board [7d 7s Ad]
Seat 2: 5330113c (small blind) folded before Flop
Seat 3: 69bcc43e (big blind) folded before Flop
Seat 4: 4514f22b folded before Flop (didn't bet)
Seat 5: Hero folded on the Flop
Seat 6: b584c790 (button) won ($0.96)


Poker Hand #HD1166586215: Hold'em No Limit  ($0.02/$0.05) - 2023/03/19 09:00:00
Table 'NLHBlue30' 6-max Seat #5 is the button
Seat 1: 1e3739a2 ($7.2 in chips)
Seat 2: 5330113c ($4.67 in chips)
Seat 3: 69bcc43e ($5 in chips)
Seat 4: 4514f22b ($9.54 in chips)
Seat 5: Hero ($5.05 in chips)
Seat 6: b584c790 ($5.25 in chips)
b584c790: posts small blind $0.02
1e3739a2: posts big blind $0.05
*** HOLE CARDS ***
Dealt to 1e3739a2 
Dealt to 5330113c 
Dealt to 69bcc43e 
Dealt to 4514f22b 
Dealt to Hero [8s Js]
Dealt to b584c790 
5330113c: folds
69bcc43e: folds
4514f22b: folds
Hero: raises $0.07 to $0.12
b584c790: folds
1e3739a2: folds
Uncalled bet ($0.07) returned to Hero
*** SHOWDOWN ***
Hero collected $0.12 from pot
*** SUMMARY ***
Total pot $0.12 | Rake $0 | Jackpot $0 | Bingo $0 | Fortune $0
Seat 1: 1e3739a2 (big blind) folded before Flop
Seat 2: 5330113c folded before Flop (didn't bet)
Seat 3: 69bcc43e folded before Flop (didn't bet)
Seat 4: 4514f22b folded before Flop (didn't bet)
Seat 5: Hero (button) collected ($0.12)
Seat 6: b584c790 (small blind) folded before Flop


Poker Hand #HD1166586139: Hold'em No Limit  ($0.02/$0.05) - 2023/03/19 08:59:19
Table 'NLHBlue30' 6-max Seat #4 is the button
Seat 1: 1e3739a2 ($7.2 in chips)
Seat 2: 5330113c ($4.67 in chips)
Seat 3: 69bcc43e ($5 in chips)
Seat 4: 4514f22b ($9.54 in chips)
Seat 5: Hero ($5 in chips)
Seat 6: b584c790 ($5.3 in chips)
Hero: posts small blind $0.02
b584c790: posts big blind $0.05
*** HOLE CARDS ***
Dealt to 1e3739a2 
Dealt to 5330113c 
Dealt to 69bcc43e 
Dealt to 4514f22b 
Dealt to Hero [Ac 2d]
Dealt to b584c790 
1e3739a2: folds
5330113c: folds
69bcc43e: folds
4514f22b: folds
Hero: raises $0.09 to $0.14
b584c790: folds
Uncalled bet ($0.09) returned to Hero
*** SHOWDOWN ***
Hero collected $0.1 from pot
*** SUMMARY ***
Total pot $0.1 | Rake $0 | Jackpot $0 | Bingo $0 | Fortune $0
Seat 1: 1e3739a2 folded before Flop (didn't bet)
Seat 2: 5330113c folded before Flop (didn't bet)
Seat 3: 69bcc43e folded before Flop (didn't bet)
Seat 4: 4514f22b (button) folded before Flop (didn't bet)
Seat 5: Hero (small blind) collected ($0.1)
Seat 6: b584c790 (big blind) folded before Flop


Poker Hand #HD1166586005: Hold'em No Limit  ($0.02/$0.05) - 2023/03/19 08:58:05
Table 'NLHBlue30' 6-max Seat #3 is the button
Seat 1: 1e3739a2 ($7.2 in chips)
Seat 2: 5330113c ($9.69 in chips)
Seat 3: 69bcc43e ($5 in chips)
Seat 4: 4514f22b ($5.02 in chips)
Seat 5: Hero ($5 in chips)
Seat 6: b584c790 ($5.3 in chips)
4514f22b: posts small blind $0.02
Hero: posts big blind $0.05
*** HOLE CARDS ***
Dealt to 1e3739a2 
Dealt to 5330113c 
Dealt to 69bcc43e 
Dealt to 4514f22b 
Dealt to Hero [5c 3d]
Dealt to b584c790 
b584c790: folds
1e3739a2: folds
5330113c: raises $0.12 to $0.17
69bcc43e: folds
4514f22b: raises $0.31 to $0.48
Hero: folds
5330113c: calls $0.31
*** FLOP *** [Kd Kh 8h]
4514f22b: checks
5330113c: checks
*** TURN *** [Kd Kh 8h] [Qh]
4514f22b: bets $0.52
5330113c: raises $4.15 to $4.67
4514f22b: calls $4.02 and is all-in
Uncalled bet ($0.13) returned to 5330113c
5330113c: shows [9s Ks] (Three Kings)
4514f22b: shows [Qc Kc] (Kings Full over Queens)
*** RIVER *** [Kd Kh 8h Qh] [5d]
*** SHOWDOWN ***
4514f22b collected $9.54 from pot
*** SUMMARY ***
Total pot $10.09 | Rake $0.5 | Jackpot $0.05 | Bingo $0 | Fortune $0
Board [Kd Kh 8h Qh 5d]
Seat 1: 1e3739a2 folded before Flop (didn't bet)
Seat 2: 5330113c showed [9s Ks] and lost with Three Kings
Seat 3: 69bcc43e (button) folded before Flop (didn't bet)
Seat 4: 4514f22b (small blind) showed [Qc Kc] and won ($9.54) with Kings Full over Queens
Seat 5: Hero (big blind) folded before Flop
Seat 6: b584c790 folded before Flop (didn't bet)


Poker Hand #HD1166585974: Hold'em No Limit  ($0.02/$0.05) - 2023/03/19 08:57:49
Table 'NLHBlue30' 6-max Seat #2 is the button
Seat 1: 1e3739a2 ($7.2 in chips)
Seat 2: 5330113c ($9.69 in chips)
Seat 3: 69bcc43e ($5 in chips)
Seat 4: 4514f22b ($5 in chips)
Seat 5: Hero ($5 in chips)
Seat 6: b584c790 ($5.3 in chips)
69bcc43e: posts small blind $0.02
4514f22b: posts big blind $0.05
*** HOLE CARDS ***
Dealt to 1e3739a2 
Dealt to 5330113c 
Dealt to 69bcc43e 
Dealt to 4514f22b 
Dealt to Hero [4d Jc]
Dealt to b584c790 
Hero: folds
b584c790: folds
1e3739a2: folds
5330113c: folds
69bcc43e: folds
Uncalled bet ($0.03) returned to 4514f22b
*** SHOWDOWN ***
4514f22b collected $0.04 from pot
*** SUMMARY ***
Total pot $0.04 | Rake $0 | Jackpot $0 | Bingo $0 | Fortune $0
Seat 1: 1e3739a2 folded before Flop (didn't bet)
Seat 2: 5330113c (button) folded before Flop (didn't bet)
Seat 3: 69bcc43e (small blind) folded before Flop
Seat 4: 4514f22b (big blind) collected ($0.04)
Seat 5: Hero folded before Flop (didn't bet)
Seat 6: b584c790 folded before Flop (didn't bet)


Poker Hand #HD1166585841: Hold'em No Limit  ($0.02/$0.05) - 2023/03/19 08:56:37
Table 'NLHBlue30' 6-max Seat #1 is the button
Seat 1: 1e3739a2 ($7.2 in chips)
Seat 2: 5330113c ($8.87 in chips)
Seat 3: 69bcc43e ($5 in chips)
Seat 4: 4514f22b ($5.52 in chips)
Seat 5: Hero ($5 in chips)
Seat 6: b584c790 ($5.3 in chips)
5330113c: posts small blind $0.02
69bcc43e: posts big blind $0.05
*** HOLE CARDS ***
Dealt to 1e3739a2 
Dealt to 5330113c 
Dealt to 69bcc43e 
Dealt to 4514f22b 
Dealt to Hero [5d Kh]
Dealt to b584c790 
4514f22b: raises $0.1 to $0.15
Hero: folds
b584c790: folds
1e3739a2: folds
5330113c: calls $0.13
69bcc43e: folds
*** FLOP *** [6d 8h 9h]
5330113c: bets $0.27
4514f22b: raises $0.49 to $0.76
5330113c: calls $0.49
*** TURN *** [6d 8h 9h] [Th]
5330113c: bets $7.96 and is all-in
4514f22b: folds
Uncalled bet ($7.96) returned to 5330113c
*** SHOWDOWN ***
5330113c collected $1.73 from pot
*** SUMMARY ***
Total pot $1.87 | Rake $0.09 | Jackpot $0.05 | Bingo $0 | Fortune $0
Board [6d 8h 9h Th]
Seat 1: 1e3739a2 (button) folded before Flop (didn't bet)
Seat 2: 5330113c (small blind) won ($1.73)
Seat 3: 69bcc43e (big blind) folded before Flop
Seat 4: 4514f22b folded on the Turn
Seat 5: Hero folded before Flop (didn't bet)
Seat 6: b584c790 folded before Flop (didn't bet)


Poker Hand #HD1166585773: Hold'em No Limit  ($0.02/$0.05) - 2023/03/19 08:56:00
Table 'NLHBlue30' 6-max Seat #6 is the button
Seat 1: 1e3739a2 ($7.35 in chips)
Seat 2: 5330113c ($8.92 in chips)
Seat 4: 4514f22b ($5.52 in chips)
Seat 5: Hero ($5 in chips)
Seat 6: b584c790 ($5.11 in chips)
1e3739a2: posts small blind $0.02
5330113c: posts big blind $0.05
*** HOLE CARDS ***
Dealt to 1e3739a2 
Dealt to 5330113c 
Dealt to 4514f22b 
Dealt to Hero [3s 8s]
Dealt to b584c790 
4514f22b: folds
Hero: folds
b584c790: raises $0.1 to $0.15
1e3739a2: calls $0.13
5330113c: folds
*** FLOP *** [Ks 7c 8d]
1e3739a2: checks
b584c790: bets $0.2
1e3739a2: folds
Uncalled bet ($0.2) returned to b584c790
*** SHOWDOWN ***
b584c790 collected $0.34 from pot
*** SUMMARY ***
Total pot $0.35 | Rake $0.01 | Jackpot $0 | Bingo $0 | Fortune $0
Board [Ks 7c 8d]
Seat 1: 1e3739a2 (small blind) folded on the Flop
Seat 2: 5330113c (big blind) folded before Flop
Seat 4: 4514f22b folded before Flop (didn't bet)
Seat 5: Hero folded before Flop (didn't bet)
Seat 6: b584c790 (button) won ($0.34)


Poker Hand #HD1166585751: Hold'em No Limit  ($0.02/$0.05) - 2023/03/19 08:55:47
Table 'NLHBlue30' 6-max Seat #5 is the button
Seat 1: 1e3739a2 ($7.4 in chips)
Seat 2: 5330113c ($8.92 in chips)
Seat 4: 4514f22b ($5.45 in chips)
Seat 5: Hero ($5 in chips)
Seat 6: b584c790 ($5.13 in chips)
b584c790: posts small blind $0.02
1e3739a2: posts big blind $0.05
*** HOLE CARDS ***
Dealt to 1e3739a2 
Dealt to 5330113c 
Dealt to 4514f22b 
Dealt to Hero [6s Ac]
Dealt to b584c790 
5330113c: folds
4514f22b: raises $0.07 to $0.12
Hero: folds
b584c790: folds
1e3739a2: folds
Uncalled bet ($0.07) returned to 4514f22b
*** SHOWDOWN ***
4514f22b collected $0.12 from pot
*** SUMMARY ***
Total pot $0.12 | Rake $0 | Jackpot $0 | Bingo $0 | Fortune $0
Seat 1: 1e3739a2 (big blind) folded before Flop
Seat 2: 5330113c folded before Flop (didn't bet)
Seat 4: 4514f22b collected ($0.12)
Seat 5: Hero (button) folded before Flop (didn't bet)
Seat 6: b584c790 (small blind) folded before Flop


Poker Hand #HD1166585705: Hold'em No Limit  ($0.02/$0.05) - 2023/03/19 08:55:18
Table 'NLHBlue30' 6-max Seat #4 is the button
Seat 1: 1e3739a2 ($7.4 in chips)
Seat 2: 5330113c ($8.92 in chips)
Seat 4: 4514f22b ($5.45 in chips)
Seat 5: Hero ($5.02 in chips)
Seat 6: b584c790 ($5 in chips)
Hero: posts small blind $0.02
b584c790: posts big blind $0.05
*** HOLE CARDS ***
Dealt to 1e3739a2 
Dealt to 5330113c 
Dealt to 4514f22b 
Dealt to Hero [4d As]
Dealt to b584c790 
1e3739a2: folds
5330113c: folds
4514f22b: folds
Hero: raises $0.09 to $0.14
b584c790: calls $0.09
*** FLOP *** [Jh Qc 4h]
Hero: checks
b584c790: bets $0.15
Hero: folds
Uncalled bet ($0.15) returned to b584c790
*** SHOWDOWN ***
b584c790 collected $0.27 from pot
*** SUMMARY ***
Total pot $0.28 | Rake $0.01 | Jackpot $0 | Bingo $0 | Fortune $0
Board [Jh Qc 4h]
Seat 1: 1e3739a2 folded before Flop (didn't bet)
Seat 2: 5330113c folded before Flop (didn't bet)
Seat 4: 4514f22b (button) folded before Flop (didn't bet)
Seat 5: Hero (small blind) folded on the Flop
Seat 6: b584c790 (big blind) won ($0.27)


Poker Hand #HD1166585662: Hold'em No Limit  ($0.02/$0.05) - 2023/03/19 08:54:56
Table 'NLHBlue30' 6-max Seat #3 is the button
Seat 1: 1e3739a2 ($7.4 in chips)
Seat 2: 5330113c ($8.92 in chips)
Seat 3: 92fa33a4 ($5 in chips)
Seat 4: 4514f22b ($5.4 in chips)
Seat 5: Hero ($5.07 in chips)
4514f22b: posts small blind $0.02
Hero: posts big blind $0.05
*** HOLE CARDS ***
Dealt to 1e3739a2 
Dealt to 5330113c 
Dealt to 92fa33a4 
Dealt to 4514f22b 
Dealt to Hero [4h Qs]
1e3739a2: folds
5330113c: folds
92fa33a4: folds
4514f22b: raises $0.1 to $0.15
Hero: folds
Uncalled bet ($0.1) returned to 4514f22b
*** SHOWDOWN ***
4514f22b collected $0.1 from pot
*** SUMMARY ***
Total pot $0.1 | Rake $0 | Jackpot $0 | Bingo $0 | Fortune $0
Seat 1: 1e3739a2 folded before Flop (didn't bet)
Seat 2: 5330113c folded before Flop (didn't bet)
Seat 3: 92fa33a4 (button) folded before Flop (didn't bet)
Seat 4: 4514f22b (small blind) collected ($0.1)
Seat 5: Hero (big blind) folded before Flop


Poker Hand #HD1166505614: Hold'em No Limit  ($0.02/$0.05) - 2023/03/19 08:54:30
Table 'NLHBlue30' 6-max Seat #2 is the button
Seat 1: 1e3739a2 ($7.4 in chips)
Seat 2: 5330113c ($8.92 in chips)
Seat 3: 92fa33a4 ($5.02 in chips)
Seat 4: 4514f22b ($5.38 in chips)
Seat 5: Hero ($5.07 in chips)
92fa33a4: posts small blind $0.02
4514f22b: posts big blind $0.05
*** HOLE CARDS ***
Dealt to 1e3739a2 
Dealt to 5330113c 
Dealt to 92fa33a4 
Dealt to 4514f22b 
Dealt to Hero [Kd 6d]
Hero: folds
1e3739a2: folds
5330113c: folds
92fa33a4: folds
Uncalled bet ($0.03) returned to 4514f22b
*** SHOWDOWN ***
4514f22b collected $0.04 from pot
*** SUMMARY ***
Total pot $0.04 | Rake $0 | Jackpot $0 | Bingo $0 | Fortune $0
Seat 1: 1e3739a2 folded before Flop (didn't bet)
Seat 2: 5330113c (button) folded before Flop (didn't bet)
Seat 3: 92fa33a4 (small blind) folded before Flop
Seat 4: 4514f22b (big blind) collected ($0.04)
Seat 5: Hero folded before Flop (didn't bet)


Poker Hand #HD1166505560: Hold'em No Limit  ($0.02/$0.05) - 2023/03/19 08:54:01
Table 'NLHBlue30' 6-max Seat #1 is the button
Seat 1: 1e3739a2 ($7.4 in chips)
Seat 2: 5330113c ($8.94 in chips)
Seat 3: 92fa33a4 ($5.07 in chips)
Seat 4: 4514f22b ($5.38 in chips)
Seat 5: Hero ($5 in chips)
5330113c: posts small blind $0.02
92fa33a4: posts big blind $0.05
*** HOLE CARDS ***
Dealt to 1e3739a2 
Dealt to 5330113c 
Dealt to 92fa33a4 
Dealt to 4514f22b 
Dealt to Hero [9d 9c]
4514f22b: folds
Hero: raises $0.07 to $0.12
1e3739a2: folds
5330113c: folds
92fa33a4: folds
Uncalled bet ($0.07) returned to Hero
*** SHOWDOWN ***
Hero collected $0.12 from pot
*** SUMMARY ***
Total pot $0.12 | Rake $0 | Jackpot $0 | Bingo $0 | Fortune $0
Seat 1: 1e3739a2 (button) folded before Flop (didn't bet)
Seat 2: 5330113c (small blind) folded before Flop
Seat 3: 92fa33a4 (big blind) folded before Flop
Seat 4: 4514f22b folded before Flop (didn't bet)
Seat 5: Hero collected ($0.12)


Poker Hand #HD1166505536: Hold'em No Limit  ($0.02/$0.05) - 2023/03/19 08:53:49
Table 'NLHBlue30' 6-max Seat #5 is the button
Seat 1: 1e3739a2 ($7.42 in chips)
Seat 2: 5330113c ($8.99 in chips)
Seat 3: 92fa33a4 ($5 in chips)
Seat 4: 4514f22b ($5.38 in chips)
Seat 5: Hero ($5 in chips)
1e3739a2: posts small blind $0.02
5330113c: posts big blind $0.05
*** HOLE CARDS ***
Dealt to 1e3739a2 
Dealt to 5330113c 
Dealt to 92fa33a4 
Dealt to 4514f22b 
Dealt to Hero [2c 4s]
92fa33a4: raises $0.1 to $0.15
4514f22b: folds
Hero: folds
1e3739a2: folds
5330113c: folds
Uncalled bet ($0.1) returned to 92fa33a4
*** SHOWDOWN ***
92fa33a4 collected $0.12 from pot
*** SUMMARY ***
Total pot $0.12 | Rake $0 | Jackpot $0 | Bingo $0 | Fortune $0
Seat 1: 1e3739a2 (small blind) folded before Flop
Seat 2: 5330113c (big blind) folded before Flop
Seat 3: 92fa33a4 collected ($0.12)
Seat 4: 4514f22b folded before Flop (didn't bet)
Seat 5: Hero (button) folded before Flop (didn't bet)


Poker Hand #HD1166505476: Hold'em No Limit  ($0.02/$0.05) - 2023/03/19 08:53:16
Table 'NLHBlue30' 6-max Seat #4 is the button
Seat 1: 1e3739a2 ($7.47 in chips)
Seat 2: 5330113c ($8.99 in chips)
Seat 3: 92fa33a4 ($5 in chips)
Seat 4: 4514f22b ($5.31 in chips)
Seat 5: Hero ($5 in chips)
Hero: posts small blind $0.02
1e3739a2: posts big blind $0.05
*** HOLE CARDS ***
Dealt to 1e3739a2 
Dealt to 5330113c 
Dealt to 92fa33a4 
Dealt to 4514f22b 
Dealt to Hero [8c Jc]
5330113c: folds
92fa33a4: folds
4514f22b: raises $0.07 to $0.12
Hero: folds
1e3739a2: folds
Uncalled bet ($0.07) returned to 4514f22b
*** SHOWDOWN ***
4514f22b collected $0.12 from pot
*** SUMMARY ***
Total pot $0.12 | Rake $0 | Jackpot $0 | Bingo $0 | Fortune $0
Seat 1: 1e3739a2 (big blind) folded before Flop
Seat 2: 5330113c folded before Flop (didn't bet)
Seat 3: 92fa33a4 folded before Flop (didn't bet)
Seat 4: 4514f22b (button) collected ($0.12)
Seat 5: Hero (small blind) folded before Flop


Poker Hand #HD1166505412: Hold'em No Limit  ($0.02/$0.05) - 2023/03/19 08:52:44
Table 'NLHBlue30' 6-max Seat #3 is the button
Seat 1: 1e3739a2 ($7.47 in chips)
Seat 2: 5330113c ($8.99 in chips)
Seat 3: 92fa33a4 ($5 in chips)
Seat 4: 4514f22b ($5.17 in chips)
Seat 5: Hero ($5.07 in chips)
4514f22b: posts small blind $0.02
Hero: posts big blind $0.05
*** HOLE CARDS ***
Dealt to 1e3739a2 
Dealt to 5330113c 
Dealt to 92fa33a4 
Dealt to 4514f22b 
Dealt to Hero [9d Js]
1e3739a2: folds
5330113c: folds
92fa33a4: folds
4514f22b: raises $0.1 to $0.15
Hero: calls $0.1
*** FLOP *** [As Ah Ad]
4514f22b: bets $0.16
Hero: folds
Uncalled bet ($0.16) returned to 4514f22b
*** SHOWDOWN ***
4514f22b collected $0.29 from pot
*** SUMMARY ***
Total pot $0.3 | Rake $0.01 | Jackpot $0 | Bingo $0 | Fortune $0
Board [As Ah Ad]
Seat 1: 1e3739a2 folded before Flop (didn't bet)
Seat 2: 5330113c folded before Flop (didn't bet)
Seat 3: 92fa33a4 (button) folded before Flop (didn't bet)
Seat 4: 4514f22b (small blind) won ($0.29)
Seat 5: Hero (big blind) folded on the Flop


Poker Hand #HD1166505384: Hold'em No Limit  ($0.02/$0.05) - 2023/03/19 08:52:30
Table 'NLHBlue30' 6-max Seat #2 is the button
Seat 1: 1e3739a2 ($7.47 in chips)
Seat 2: 5330113c ($8.99 in chips)
Seat 3: 92fa33a4 ($5.02 in chips)
Seat 4: 4514f22b ($5.22 in chips)
Seat 5: Hero ($5 in chips)
92fa33a4: posts small blind $0.02
4514f22b: posts big blind $0.05
*** HOLE CARDS ***
Dealt to 1e3739a2 
Dealt to 5330113c 
Dealt to 92fa33a4 
Dealt to 4514f22b 
Dealt to Hero [Ks Kh]
Hero: raises $0.07 to $0.12
1e3739a2: folds
5330113c: folds
92fa33a4: folds
4514f22b: folds
Uncalled bet ($0.07) returned to Hero
*** SHOWDOWN ***
Hero collected $0.12 from pot
*** SUMMARY ***
Total pot $0.12 | Rake $0 | Jackpot $0 | Bingo $0 | Fortune $0
Seat 1: 1e3739a2 folded before Flop (didn't bet)
Seat 2: 5330113c (button) folded before Flop (didn't bet)
Seat 3: 92fa33a4 (small blind) folded before Flop
Seat 4: 4514f22b (big blind) folded before Flop
Seat 5: Hero collected ($0.12)


Poker Hand #HD1166505369: Hold'em No Limit  ($0.02/$0.05) - 2023/03/19 08:52:21
Table 'NLHBlue30' 6-max Seat #1 is the button
Seat 1: 1e3739a2 ($7.47 in chips)
Seat 2: 5330113c ($9.01 in chips)
Seat 3: 92fa33a4 ($5 in chips)
Seat 4: 4514f22b ($5.22 in chips)
Seat 5: Hero ($5 in chips)
5330113c: posts small blind $0.02
92fa33a4: posts big blind $0.05
*** HOLE CARDS ***
Dealt to 1e3739a2 
Dealt to 5330113c 
Dealt to 92fa33a4 
Dealt to 4514f22b 
Dealt to Hero [Ah 2d]
4514f22b: folds
Hero: folds
1e3739a2: folds
5330113c: folds
Uncalled bet ($0.03) returned to 92fa33a4
*** SHOWDOWN ***
92fa33a4 collected $0.04 from pot
*** SUMMARY ***
Total pot $0.04 | Rake $0 | Jackpot $0 | Bingo $0 | Fortune $0
Seat 1: 1e3739a2 (button) folded before Flop (didn't bet)
Seat 2: 5330113c (small blind) folded before Flop
Seat 3: 92fa33a4 (big blind) collected ($0.04)
Seat 4: 4514f22b folded before Flop (didn't bet)
Seat 5: Hero folded before Flop (didn't bet)


Poker Hand #HD1166505294: Hold'em No Limit  ($0.02/$0.05) - 2023/03/19 08:51:44
Table 'NLHBlue30' 6-max Seat #5 is the button
Seat 1: 1e3739a2 ($7.49 in chips)
Seat 2: 5330113c ($8.56 in chips)
Seat 3: 92fa33a4 ($5.36 in chips)
Seat 4: 4514f22b ($5.22 in chips)
Seat 5: Hero ($5 in chips)
1e3739a2: posts small blind $0.02
5330113c: posts big blind $0.05
*** HOLE CARDS ***
Dealt to 1e3739a2 
Dealt to 5330113c 
Dealt to 92fa33a4 
Dealt to 4514f22b 
Dealt to Hero [6d 9s]
92fa33a4: raises $0.1 to $0.15
4514f22b: folds
Hero: folds
1e3739a2: folds
5330113c: raises $0.32 to $0.47
92fa33a4: calls $0.32
*** FLOP *** [2h 6c Jh]
5330113c: bets $8.09 and is all-in
92fa33a4: folds
Uncalled bet ($8.09) returned to 5330113c
*** SHOWDOWN ***
5330113c collected $0.92 from pot
*** SUMMARY ***
Total pot $0.96 | Rake $0.04 | Jackpot $0 | Bingo $0 | Fortune $0
Board [2h 6c Jh]
Seat 1: 1e3739a2 (small blind) folded before Flop
Seat 2: 5330113c (big blind) won ($0.92)
Seat 3: 92fa33a4 folded on the Flop
Seat 4: 4514f22b folded before Flop (didn't bet)
Seat 5: Hero (button) folded before Flop (didn't bet)


Poker Hand #HD1166505272: Hold'em No Limit  ($0.02/$0.05) - 2023/03/19 08:51:35
Table 'NLHBlue30' 6-max Seat #4 is the button
Seat 1: 1e3739a2 ($7.54 in chips)
Seat 2: 5330113c ($8.49 in chips)
Seat 3: 92fa33a4 ($5.36 in chips)
Seat 4: 4514f22b ($5.22 in chips)
Seat 5: Hero ($5 in chips)
Hero: posts small blind $0.02
1e3739a2: posts big blind $0.05
*** HOLE CARDS ***
Dealt to 1e3739a2 
Dealt to 5330113c 
Dealt to 92fa33a4 
Dealt to 4514f22b 
Dealt to Hero [9s 4c]
5330113c: raises $0.12 to $0.17
92fa33a4: folds
4514f22b: folds
Hero: folds
1e3739a2: folds
Uncalled bet ($0.12) returned to 5330113c
*** SHOWDOWN ***
5330113c collected $0.12 from pot
*** SUMMARY ***
Total pot $0.12 | Rake $0 | Jackpot $0 | Bingo $0 | Fortune $0
Seat 1: 1e3739a2 (big blind) folded before Flop
Seat 2: 5330113c collected ($0.12)
Seat 3: 92fa33a4 folded before Flop (didn't bet)
Seat 4: 4514f22b (button) folded before Flop (didn't bet)
Seat 5: Hero (small blind) folded before Flop


Poker Hand #HD1166505124: Hold'em No Limit  ($0.02/$0.05) - 2023/03/19 08:50:14
Table 'NLHBlue30' 6-max Seat #3 is the button
Seat 1: 1e3739a2 ($7.54 in chips)
Seat 2: 5330113c ($8.08 in chips)
Seat 3: 92fa33a4 ($5.36 in chips)
Seat 4: 4514f22b ($5.62 in chips)
Seat 5: Hero ($5 in chips)
4514f22b: posts small blind $0.02
Hero: posts big blind $0.05
*** HOLE CARDS ***
Dealt to 1e3739a2 
Dealt to 5330113c 
Dealt to 92fa33a4 
Dealt to 4514f22b 
Dealt to Hero [Kh 2s]
1e3739a2: folds
5330113c: calls $0.05
92fa33a4: folds
4514f22b: raises $0.13 to $0.18
Hero: folds
5330113c: calls $0.13
*** FLOP *** [Ad 9s 6c]
4514f22b: bets $0.22
5330113c: calls $0.22
*** TURN *** [Ad 9s 6c] [9d]
4514f22b: checks
5330113c: checks
*** RIVER *** [Ad 9s 6c 9d] [2h]
4514f22b: checks
5330113c: checks
4514f22b: shows [Ks Jc] (Pair of Nines)
5330113c: shows [As 7s] (Pair of Aces and Pair of Nines)
*** SHOWDOWN ***
5330113c collected $0.81 from pot
*** SUMMARY ***
Total pot $0.85 | Rake $0.04 | Jackpot $0 | Bingo $0 | Fortune $0
Board [Ad 9s 6c 9d 2h]
Seat 1: 1e3739a2 folded before Flop (didn't bet)
Seat 2: 5330113c showed [As 7s] and won ($0.81) with Pair of Aces and Pair of Nines
Seat 3: 92fa33a4 (button) folded before Flop (didn't bet)
Seat 4: 4514f22b (small blind) showed [Ks Jc] and lost with Pair of Nines
Seat 5: Hero (big blind) folded before Flop


