Poker Hand #HD1175413197: Hold'em No Limit  ($0.02/$0.05) - 2023/03/25 16:12:55
Table 'NLHBlue44' 6-max Seat #3 is the button
Seat 1: 2385eba5 ($5.75 in chips)
Seat 2: 9e1def62 ($5 in chips)
Seat 3: 390b7eee ($5.14 in chips)
Seat 4: ed475b5c ($5 in chips)
Seat 5: 4151b8fd ($5 in chips)
Seat 6: Hero ($9.7 in chips)
ed475b5c: posts small blind $0.02
4151b8fd: posts big blind $0.05
*** HOLE CARDS ***
Dealt to 2385eba5 
Dealt to 9e1def62 
Dealt to 390b7eee 
Dealt to ed475b5c 
Dealt to 4151b8fd 
Dealt to Hero [Qd 3s]
Hero: folds
2385eba5: folds
9e1def62: raises $0.07 to $0.12
390b7eee: folds
ed475b5c: folds
4151b8fd: calls $0.07
*** FLOP *** [Jd 8s 2h]
4151b8fd: checks
9e1def62: bets $0.13
4151b8fd: folds
Uncalled bet ($0.13) returned to 9e1def62
*** SHOWDOWN ***
9e1def62 collected $0.25 from pot
*** SUMMARY ***
Total pot $0.26 | Rake $0.01 | Jackpot $0 | Bingo $0 | Fortune $0
Board [Jd 8s 2h]
Seat 1: 2385eba5 folded before Flop (didn't bet)
Seat 2: 9e1def62 won ($0.25)
Seat 3: 390b7eee (button) folded before Flop (didn't bet)
Seat 4: ed475b5c (small blind) folded before Flop
Seat 5: 4151b8fd (big blind) folded on the Flop
Seat 6: Hero folded before Flop (didn't bet)


Poker Hand #HD1175413160: Hold'em No Limit  ($0.02/$0.05) - 2023/03/25 16:12:42
Table 'NLHBlue44' 6-max Seat #2 is the button
Seat 1: 2385eba5 ($5.75 in chips)
Seat 2: 9e1def62 ($5 in chips)
Seat 3: 390b7eee ($5.09 in chips)
Seat 4: ed475b5c ($5 in chips)
Seat 5: 4151b8fd ($5 in chips)
Seat 6: Hero ($9.7 in chips)
390b7eee: posts small blind $0.02
ed475b5c: posts big blind $0.05
*** HOLE CARDS ***
Dealt to 2385eba5 
Dealt to 9e1def62 
Dealt to 390b7eee 
Dealt to ed475b5c 
Dealt to 4151b8fd 
Dealt to Hero [9d 2c]
4151b8fd: folds
Hero: folds
2385eba5: folds
9e1def62: folds
390b7eee: raises $0.09 to $0.14
ed475b5c: folds
Uncalled bet ($0.09) returned to 390b7eee
*** SHOWDOWN ***
390b7eee collected $0.1 from pot
*** SUMMARY ***
Total pot $0.1 | Rake $0 | Jackpot $0 | Bingo $0 | Fortune $0
Seat 1: 2385eba5 folded before Flop (didn't bet)
Seat 2: 9e1def62 (button) folded before Flop (didn't bet)
Seat 3: 390b7eee (small blind) collected ($0.1)
Seat 4: ed475b5c (big blind) folded before Flop
Seat 5: 4151b8fd folded before Flop (didn't bet)
Seat 6: Hero folded before Flop (didn't bet)


Poker Hand #HD1175413126: Hold'em No Limit  ($0.02/$0.05) - 2023/03/25 16:12:27
Table 'NLHBlue44' 6-max Seat #1 is the button
Seat 1: 2385eba5 ($5.75 in chips)
Seat 2: 9e1def62 ($5 in chips)
Seat 3: 390b7eee ($5.07 in chips)
Seat 4: ed475b5c ($5 in chips)
Seat 5: 4151b8fd ($5 in chips)
Seat 6: Hero ($9.7 in chips)
9e1def62: posts small blind $0.02
390b7eee: posts big blind $0.05
*** HOLE CARDS ***
Dealt to 2385eba5 
Dealt to 9e1def62 
Dealt to 390b7eee 
Dealt to ed475b5c 
Dealt to 4151b8fd 
Dealt to Hero [Qc 5s]
ed475b5c: folds
4151b8fd: folds
Hero: folds
2385eba5: folds
9e1def62: folds
Uncalled bet ($0.03) returned to 390b7eee
*** SHOWDOWN ***
390b7eee collected $0.04 from pot
*** SUMMARY ***
Total pot $0.04 | Rake $0 | Jackpot $0 | Bingo $0 | Fortune $0
Seat 1: 2385eba5 (button) folded before Flop (didn't bet)
Seat 2: 9e1def62 (small blind) folded before Flop
Seat 3: 390b7eee (big blind) collected ($0.04)
Seat 4: ed475b5c folded before Flop (didn't bet)
Seat 5: 4151b8fd folded before Flop (didn't bet)
Seat 6: Hero folded before Flop (didn't bet)


Poker Hand #HD1175412987: Hold'em No Limit  ($0.02/$0.05) - 2023/03/25 16:11:29
Table 'NLHBlue44' 6-max Seat #6 is the button
Seat 1: 2385eba5 ($5.14 in chips)
Seat 2: 9e1def62 ($5.11 in chips)
Seat 3: 390b7eee ($5.07 in chips)
Seat 4: ed475b5c ($5 in chips)
Seat 5: 4151b8fd ($5 in chips)
Seat 6: Hero ($9.82 in chips)
2385eba5: posts small blind $0.02
9e1def62: posts big blind $0.05
*** HOLE CARDS ***
Dealt to 2385eba5 
Dealt to 9e1def62 
Dealt to 390b7eee 
Dealt to ed475b5c 
Dealt to 4151b8fd 
Dealt to Hero [6d Kd]
390b7eee: folds
ed475b5c: folds
4151b8fd: folds
Hero: raises $0.07 to $0.12
2385eba5: calls $0.1
9e1def62: raises $0.43 to $0.55
Hero: folds
2385eba5: calls $0.43
*** FLOP *** [8d 9d 7s]
2385eba5: checks
9e1def62: checks
*** TURN *** [8d 9d 7s] [4h]
2385eba5: bets $0.41
9e1def62: folds
Uncalled bet ($0.41) returned to 2385eba5
*** SHOWDOWN ***
2385eba5 collected $1.16 from pot
*** SUMMARY ***
Total pot $1.22 | Rake $0.06 | Jackpot $0 | Bingo $0 | Fortune $0
Board [8d 9d 7s 4h]
Seat 1: 2385eba5 (small blind) won ($1.16)
Seat 2: 9e1def62 (big blind) folded on the Turn
Seat 3: 390b7eee folded before Flop (didn't bet)
Seat 4: ed475b5c folded before Flop (didn't bet)
Seat 5: 4151b8fd folded before Flop (didn't bet)
Seat 6: Hero (button) folded before Flop


Poker Hand #HD1175412929: Hold'em No Limit  ($0.02/$0.05) - 2023/03/25 16:11:03
Table 'NLHBlue44' 6-max Seat #5 is the button
Seat 1: 2385eba5 ($5 in chips)
Seat 2: 9e1def62 ($5.11 in chips)
Seat 3: 390b7eee ($5.07 in chips)
Seat 4: ed475b5c ($5 in chips)
Seat 5: 4151b8fd ($5 in chips)
Seat 6: Hero ($9.84 in chips)
Hero: posts small blind $0.02
2385eba5: posts big blind $0.05
*** HOLE CARDS ***
Dealt to 2385eba5 
Dealt to 9e1def62 
Dealt to 390b7eee 
Dealt to ed475b5c 
Dealt to 4151b8fd 
Dealt to Hero [Qs 2c]
9e1def62: folds
390b7eee: folds
ed475b5c: raises $0.08 to $0.13
4151b8fd: folds
Hero: folds
2385eba5: raises $0.21 to $0.34
ed475b5c: folds
Uncalled bet ($0.21) returned to 2385eba5
*** SHOWDOWN ***
2385eba5 collected $0.27 from pot
*** SUMMARY ***
Total pot $0.28 | Rake $0.01 | Jackpot $0 | Bingo $0 | Fortune $0
Seat 1: 2385eba5 (big blind) collected ($0.27)
Seat 2: 9e1def62 folded before Flop (didn't bet)
Seat 3: 390b7eee folded before Flop (didn't bet)
Seat 4: ed475b5c folded before Flop
Seat 5: 4151b8fd (button) folded before Flop (didn't bet)
Seat 6: Hero (small blind) folded before Flop


Poker Hand #HD1175412871: Hold'em No Limit  ($0.02/$0.05) - 2023/03/25 16:10:39
Table 'NLHBlue44' 6-max Seat #4 is the button
Seat 2: 9e1def62 ($5.11 in chips)
Seat 3: 390b7eee ($5 in chips)
Seat 4: ed475b5c ($5 in chips)
Seat 5: 4151b8fd ($5 in chips)
Seat 6: Hero ($9.89 in chips)
4151b8fd: posts small blind $0.02
Hero: posts big blind $0.05
*** HOLE CARDS ***
Dealt to 9e1def62 
Dealt to 390b7eee 
Dealt to ed475b5c 
Dealt to 4151b8fd 
Dealt to Hero [6s Js]
9e1def62: folds
390b7eee: raises $0.07 to $0.12
ed475b5c: folds
4151b8fd: folds
Hero: folds
Uncalled bet ($0.07) returned to 390b7eee
*** SHOWDOWN ***
390b7eee collected $0.12 from pot
*** SUMMARY ***
Total pot $0.12 | Rake $0 | Jackpot $0 | Bingo $0 | Fortune $0
Seat 2: 9e1def62 folded before Flop (didn't bet)
Seat 3: 390b7eee collected ($0.12)
Seat 4: ed475b5c (button) folded before Flop (didn't bet)
Seat 5: 4151b8fd (small blind) folded before Flop
Seat 6: Hero (big blind) folded before Flop


Poker Hand #HD1175412753: Hold'em No Limit  ($0.02/$0.05) - 2023/03/25 16:09:46
Table 'NLHBlue44' 6-max Seat #3 is the button
Seat 2: 9e1def62 ($6.24 in chips)
Seat 3: 390b7eee ($5 in chips)
Seat 4: ed475b5c ($5 in chips)
Seat 5: 4151b8fd ($5 in chips)
Seat 6: Hero ($8.85 in chips)
ed475b5c: posts small blind $0.02
4151b8fd: posts big blind $0.05
*** HOLE CARDS ***
Dealt to 9e1def62 
Dealt to 390b7eee 
Dealt to ed475b5c 
Dealt to 4151b8fd 
Dealt to Hero [Qd As]
Hero: raises $0.07 to $0.12
9e1def62: raises $0.31 to $0.43
390b7eee: folds
ed475b5c: folds
4151b8fd: folds
Hero: calls $0.31
*** FLOP *** [Ad 4h 4c]
Hero: checks
9e1def62: bets $0.7
Hero: calls $0.7
*** TURN *** [Ad 4h 4c] [Kd]
Hero: checks
9e1def62: checks
*** RIVER *** [Ad 4h 4c Kd] [7c]
Hero: bets $0.77
9e1def62: folds
Uncalled bet ($0.77) returned to Hero
*** SHOWDOWN ***
Hero collected $2.17 from pot
*** SUMMARY ***
Total pot $2.33 | Rake $0.11 | Jackpot $0.05 | Bingo $0 | Fortune $0
Board [Ad 4h 4c Kd 7c]
Seat 2: 9e1def62 folded on the River
Seat 3: 390b7eee (button) folded before Flop (didn't bet)
Seat 4: ed475b5c (small blind) folded before Flop
Seat 5: 4151b8fd (big blind) folded before Flop
Seat 6: Hero won ($2.17)


Poker Hand #HD1175412596: Hold'em No Limit  ($0.02/$0.05) - 2023/03/25 16:08:38
Table 'NLHBlue44' 6-max Seat #2 is the button
Seat 1: 77697225 ($1.6 in chips)
Seat 2: 9e1def62 ($6.24 in chips)
Seat 3: 390b7eee ($5.67 in chips)
Seat 4: ed475b5c ($5 in chips)
Seat 5: 4151b8fd ($5 in chips)
Seat 6: Hero ($5.89 in chips)
390b7eee: posts small blind $0.02
ed475b5c: posts big blind $0.05
*** HOLE CARDS ***
Dealt to 77697225 
Dealt to 9e1def62 
Dealt to 390b7eee 
Dealt to ed475b5c 
Dealt to 4151b8fd 
Dealt to Hero [Js Jh]
4151b8fd: folds
Hero: raises $0.07 to $0.12
77697225: calls $0.12
9e1def62: folds
390b7eee: calls $0.1
ed475b5c: folds
*** FLOP *** [9c 2d Td]
390b7eee: bets $0.33
Hero: raises $0.51 to $0.84
77697225: raises $0.64 to $1.48 and is all-in
390b7eee: calls $1.15
Hero: calls $0.64
*** TURN *** [9c 2d Td] [4d]
390b7eee: checks
Hero: checks
*** RIVER *** [9c 2d Td 4d] [4s]
390b7eee: checks
Hero: checks
390b7eee: shows [9h Th] (Pair of Tens and Pair of Nines)
Hero: shows [Js Jh] (Pair of Jacks and Pair of Fours)
77697225: shows [8c Qc] (Pair of Fours)
*** SHOWDOWN ***
Hero collected $4.56 from pot
*** SUMMARY ***
Total pot $4.85 | Rake $0.24 | Jackpot $0.05 | Bingo $0 | Fortune $0
Board [9c 2d Td 4d 4s]
Seat 1: 77697225 showed [8c Qc] and lost with Pair of Fours
Seat 2: 9e1def62 (button) folded before Flop (didn't bet)
Seat 3: 390b7eee (small blind) showed [9h Th] and lost with Pair of Tens and Pair of Nines
Seat 4: ed475b5c (big blind) folded before Flop
Seat 5: 4151b8fd folded before Flop (didn't bet)
Seat 6: Hero showed [Js Jh] and won ($4.56) with Pair of Jacks and Pair of Fours


Poker Hand #HD1175412513: Hold'em No Limit  ($0.02/$0.05) - 2023/03/25 16:08:06
Table 'NLHBlue44' 6-max Seat #1 is the button
Seat 1: 77697225 ($1.72 in chips)
Seat 2: 9e1def62 ($6.26 in chips)
Seat 3: 390b7eee ($5.72 in chips)
Seat 4: ed475b5c ($5 in chips)
Seat 5: 4151b8fd ($5 in chips)
Seat 6: Hero ($5.71 in chips)
9e1def62: posts small blind $0.02
390b7eee: posts big blind $0.05
*** HOLE CARDS ***
Dealt to 77697225 
Dealt to 9e1def62 
Dealt to 390b7eee 
Dealt to ed475b5c 
Dealt to 4151b8fd 
Dealt to Hero [Jc Ks]
ed475b5c: folds
4151b8fd: folds
Hero: raises $0.07 to $0.12
77697225: calls $0.12
9e1def62: folds
390b7eee: folds
*** FLOP *** [Kh 2h Jd]
Hero: bets $0.24
77697225: folds
Uncalled bet ($0.24) returned to Hero
*** SHOWDOWN ***
Hero collected $0.3 from pot
*** SUMMARY ***
Total pot $0.31 | Rake $0.01 | Jackpot $0 | Bingo $0 | Fortune $0
Board [Kh 2h Jd]
Seat 1: 77697225 (button) folded on the Flop
Seat 2: 9e1def62 (small blind) folded before Flop
Seat 3: 390b7eee (big blind) folded before Flop
Seat 4: ed475b5c folded before Flop (didn't bet)
Seat 5: 4151b8fd folded before Flop (didn't bet)
Seat 6: Hero won ($0.3)


Poker Hand #HD1175412329: Hold'em No Limit  ($0.02/$0.05) - 2023/03/25 16:06:36
Table 'NLHBlue44' 6-max Seat #6 is the button
Seat 1: 77697225 ($2.76 in chips)
Seat 2: 9e1def62 ($5.12 in chips)
Seat 3: 390b7eee ($5.72 in chips)
Seat 4: ed475b5c ($5 in chips)
Seat 5: 4151b8fd ($5.03 in chips)
Seat 6: Hero ($5.71 in chips)
77697225: posts small blind $0.02
9e1def62: posts big blind $0.05
*** HOLE CARDS ***
Dealt to 77697225 
Dealt to 9e1def62 
Dealt to 390b7eee 
Dealt to ed475b5c 
Dealt to 4151b8fd 
Dealt to Hero [6h Jh]
390b7eee: folds
ed475b5c: folds
4151b8fd: raises $0.08 to $0.13
Hero: folds
77697225: calls $0.11
9e1def62: calls $0.08
*** FLOP *** [6c 3d Qc]
77697225: checks
9e1def62: checks
4151b8fd: checks
*** TURN *** [6c 3d Qc] [Ah]
77697225: checks
9e1def62: bets $0.13
4151b8fd: calls $0.13
77697225: calls $0.13
*** RIVER *** [6c 3d Qc Ah] [7c]
77697225: checks
9e1def62: bets $0.78
4151b8fd: folds
77697225: calls $0.78
9e1def62: shows [3c 3s] (Three Treys)
77697225: shows [Ad 9h] (Pair of Aces)
*** SHOWDOWN ***
9e1def62 collected $2.18 from pot
*** SUMMARY ***
Total pot $2.34 | Rake $0.11 | Jackpot $0.05 | Bingo $0 | Fortune $0
Board [6c 3d Qc Ah 7c]
Seat 1: 77697225 (small blind) showed [Ad 9h] and lost with Pair of Aces
Seat 2: 9e1def62 (big blind) showed [3c 3s] and won ($2.18) with Three Treys
Seat 3: 390b7eee folded before Flop (didn't bet)
Seat 4: ed475b5c folded before Flop (didn't bet)
Seat 5: 4151b8fd folded on the River
Seat 6: Hero (button) folded before Flop (didn't bet)


Poker Hand #HD1175412269: Hold'em No Limit  ($0.02/$0.05) - 2023/03/25 16:06:14
Table 'NLHBlue44' 6-max Seat #5 is the button
Seat 1: 77697225 ($2.81 in chips)
Seat 2: 9e1def62 ($5.12 in chips)
Seat 3: 390b7eee ($5.72 in chips)
Seat 4: ed475b5c ($5 in chips)
Seat 5: 4151b8fd ($5.18 in chips)
Seat 6: Hero ($5.52 in chips)
Hero: posts small blind $0.02
77697225: posts big blind $0.05
*** HOLE CARDS ***
Dealt to 77697225 
Dealt to 9e1def62 
Dealt to 390b7eee 
Dealt to ed475b5c 
Dealt to 4151b8fd 
Dealt to Hero [7s 7c]
9e1def62: folds
390b7eee: folds
ed475b5c: folds
4151b8fd: raises $0.1 to $0.15
Hero: raises $0.37 to $0.52
77697225: folds
4151b8fd: folds
Uncalled bet ($0.37) returned to Hero
*** SHOWDOWN ***
Hero collected $0.34 from pot
*** SUMMARY ***
Total pot $0.35 | Rake $0.01 | Jackpot $0 | Bingo $0 | Fortune $0
Seat 1: 77697225 (big blind) folded before Flop
Seat 2: 9e1def62 folded before Flop (didn't bet)
Seat 3: 390b7eee folded before Flop (didn't bet)
Seat 4: ed475b5c folded before Flop (didn't bet)
Seat 5: 4151b8fd (button) folded before Flop
Seat 6: Hero (small blind) collected ($0.34)


Poker Hand #HD1175412237: Hold'em No Limit  ($0.02/$0.05) - 2023/03/25 16:05:59
Table 'NLHBlue44' 6-max Seat #4 is the button
Seat 1: 77697225 ($2.81 in chips)
Seat 2: 9e1def62 ($5.12 in chips)
Seat 3: 390b7eee ($5.72 in chips)
Seat 4: ed475b5c ($5 in chips)
Seat 5: 4151b8fd ($5.2 in chips)
Seat 6: Hero ($5.5 in chips)
4151b8fd: posts small blind $0.02
Hero: posts big blind $0.05
*** HOLE CARDS ***
Dealt to 77697225 
Dealt to 9e1def62 
Dealt to 390b7eee 
Dealt to ed475b5c 
Dealt to 4151b8fd 
Dealt to Hero [9d 6s]
77697225: folds
9e1def62: folds
390b7eee: folds
ed475b5c: folds
4151b8fd: folds
Uncalled bet ($0.03) returned to Hero
*** SHOWDOWN ***
Hero collected $0.04 from pot
*** SUMMARY ***
Total pot $0.04 | Rake $0 | Jackpot $0 | Bingo $0 | Fortune $0
Seat 1: 77697225 folded before Flop (didn't bet)
Seat 2: 9e1def62 folded before Flop (didn't bet)
Seat 3: 390b7eee folded before Flop (didn't bet)
Seat 4: ed475b5c (button) folded before Flop (didn't bet)
Seat 5: 4151b8fd (small blind) folded before Flop
Seat 6: Hero (big blind) collected ($0.04)


Poker Hand #HD1175412181: Hold'em No Limit  ($0.02/$0.05) - 2023/03/25 16:05:35
Table 'NLHBlue44' 6-max Seat #3 is the button
Seat 1: 77697225 ($2.81 in chips)
Seat 2: 9e1def62 ($5.24 in chips)
Seat 3: 390b7eee ($5.72 in chips)
Seat 4: ed475b5c ($5.02 in chips)
Seat 5: 4151b8fd ($5.07 in chips)
Seat 6: Hero ($5.5 in chips)
ed475b5c: posts small blind $0.02
4151b8fd: posts big blind $0.05
*** HOLE CARDS ***
Dealt to 77697225 
Dealt to 9e1def62 
Dealt to 390b7eee 
Dealt to ed475b5c 
Dealt to 4151b8fd 
Dealt to Hero [7h 2s]
Hero: folds
77697225: folds
9e1def62: raises $0.07 to $0.12
390b7eee: folds
ed475b5c: folds
4151b8fd: raises $0.48 to $0.6
9e1def62: folds
Uncalled bet ($0.48) returned to 4151b8fd
*** SHOWDOWN ***
4151b8fd collected $0.25 from pot
*** SUMMARY ***
Total pot $0.26 | Rake $0.01 | Jackpot $0 | Bingo $0 | Fortune $0
Seat 1: 77697225 folded before Flop (didn't bet)
Seat 2: 9e1def62 folded before Flop
Seat 3: 390b7eee (button) folded before Flop (didn't bet)
Seat 4: ed475b5c (small blind) folded before Flop
Seat 5: 4151b8fd (big blind) collected ($0.25)
Seat 6: Hero folded before Flop (didn't bet)


Poker Hand #HD1175412089: Hold'em No Limit  ($0.02/$0.05) - 2023/03/25 16:04:56
Table 'NLHBlue44' 6-max Seat #2 is the button
Seat 1: 77697225 ($2.96 in chips)
Seat 2: 9e1def62 ($5.03 in chips)
Seat 3: 390b7eee ($5.74 in chips)
Seat 4: ed475b5c ($5.07 in chips)
Seat 5: 4151b8fd ($5.07 in chips)
Seat 6: Hero ($5.5 in chips)
390b7eee: posts small blind $0.02
ed475b5c: posts big blind $0.05
*** HOLE CARDS ***
Dealt to 77697225 
Dealt to 9e1def62 
Dealt to 390b7eee 
Dealt to ed475b5c 
Dealt to 4151b8fd 
Dealt to Hero [Qd 4s]
4151b8fd: folds
Hero: folds
77697225: calls $0.05
9e1def62: raises $0.1 to $0.15
390b7eee: folds
ed475b5c: folds
77697225: calls $0.1
*** FLOP *** [3s 8s 6c]
77697225: checks
9e1def62: bets $0.19
77697225: folds
Uncalled bet ($0.19) returned to 9e1def62
*** SHOWDOWN ***
9e1def62 collected $0.36 from pot
*** SUMMARY ***
Total pot $0.37 | Rake $0.01 | Jackpot $0 | Bingo $0 | Fortune $0
Board [3s 8s 6c]
Seat 1: 77697225 folded on the Flop
Seat 2: 9e1def62 (button) won ($0.36)
Seat 3: 390b7eee (small blind) folded before Flop
Seat 4: ed475b5c (big blind) folded before Flop
Seat 5: 4151b8fd folded before Flop (didn't bet)
Seat 6: Hero folded before Flop (didn't bet)


Poker Hand #HD1175412058: Hold'em No Limit  ($0.02/$0.05) - 2023/03/25 16:04:41
Table 'NLHBlue44' 6-max Seat #1 is the button
Seat 1: 77697225 ($2.96 in chips)
Seat 2: 9e1def62 ($5.05 in chips)
Seat 3: 390b7eee ($5.72 in chips)
Seat 4: ed475b5c ($5.07 in chips)
Seat 5: 4151b8fd ($5.07 in chips)
Seat 6: Hero ($5.5 in chips)
9e1def62: posts small blind $0.02
390b7eee: posts big blind $0.05
*** HOLE CARDS ***
Dealt to 77697225 
Dealt to 9e1def62 
Dealt to 390b7eee 
Dealt to ed475b5c 
Dealt to 4151b8fd 
Dealt to Hero [9d 2d]
ed475b5c: folds
4151b8fd: folds
Hero: folds
77697225: folds
9e1def62: folds
Uncalled bet ($0.03) returned to 390b7eee
*** SHOWDOWN ***
390b7eee collected $0.04 from pot
*** SUMMARY ***
Total pot $0.04 | Rake $0 | Jackpot $0 | Bingo $0 | Fortune $0
Seat 1: 77697225 (button) folded before Flop (didn't bet)
Seat 2: 9e1def62 (small blind) folded before Flop
Seat 3: 390b7eee (big blind) collected ($0.04)
Seat 4: ed475b5c folded before Flop (didn't bet)
Seat 5: 4151b8fd folded before Flop (didn't bet)
Seat 6: Hero folded before Flop (didn't bet)


Poker Hand #HD1175412033: Hold'em No Limit  ($0.02/$0.05) - 2023/03/25 16:04:32
Table 'NLHBlue44' 6-max Seat #6 is the button
Seat 1: 77697225 ($2.98 in chips)
Seat 2: 9e1def62 ($5.03 in chips)
Seat 3: 390b7eee ($5.72 in chips)
Seat 4: ed475b5c ($5.07 in chips)
Seat 5: 4151b8fd ($5.07 in chips)
Seat 6: Hero ($5.5 in chips)
77697225: posts small blind $0.02
9e1def62: posts big blind $0.05
*** HOLE CARDS ***
Dealt to 77697225 
Dealt to 9e1def62 
Dealt to 390b7eee 
Dealt to ed475b5c 
Dealt to 4151b8fd 
Dealt to Hero [2s Tc]
390b7eee: folds
ed475b5c: folds
4151b8fd: folds
Hero: folds
77697225: folds
Uncalled bet ($0.03) returned to 9e1def62
*** SHOWDOWN ***
9e1def62 collected $0.04 from pot
*** SUMMARY ***
Total pot $0.04 | Rake $0 | Jackpot $0 | Bingo $0 | Fortune $0
Seat 1: 77697225 (small blind) folded before Flop
Seat 2: 9e1def62 (big blind) collected ($0.04)
Seat 3: 390b7eee folded before Flop (didn't bet)
Seat 4: ed475b5c folded before Flop (didn't bet)
Seat 5: 4151b8fd folded before Flop (didn't bet)
Seat 6: Hero (button) folded before Flop (didn't bet)


Poker Hand #HD1175412005: Hold'em No Limit  ($0.02/$0.05) - 2023/03/25 16:04:18
Table 'NLHBlue44' 6-max Seat #5 is the button
Seat 1: 77697225 ($3.03 in chips)
Seat 2: 9e1def62 ($5.03 in chips)
Seat 3: 390b7eee ($5.72 in chips)
Seat 4: ed475b5c ($5.07 in chips)
Seat 5: 4151b8fd ($5 in chips)
Seat 6: Hero ($5.52 in chips)
Hero: posts small blind $0.02
77697225: posts big blind $0.05
*** HOLE CARDS ***
Dealt to 77697225 
Dealt to 9e1def62 
Dealt to 390b7eee 
Dealt to ed475b5c 
Dealt to 4151b8fd 
Dealt to Hero [Ts Kc]
9e1def62: folds
390b7eee: folds
ed475b5c: folds
4151b8fd: raises $0.1 to $0.15
Hero: folds
77697225: folds
Uncalled bet ($0.1) returned to 4151b8fd
*** SHOWDOWN ***
4151b8fd collected $0.12 from pot
*** SUMMARY ***
Total pot $0.12 | Rake $0 | Jackpot $0 | Bingo $0 | Fortune $0
Seat 1: 77697225 (big blind) folded before Flop
Seat 2: 9e1def62 folded before Flop (didn't bet)
Seat 3: 390b7eee folded before Flop (didn't bet)
Seat 4: ed475b5c folded before Flop (didn't bet)
Seat 5: 4151b8fd (button) collected ($0.12)
Seat 6: Hero (small blind) folded before Flop


Poker Hand #HD1175411955: Hold'em No Limit  ($0.02/$0.05) - 2023/03/25 16:03:57
Table 'NLHBlue44' 6-max Seat #4 is the button
Seat 1: 77697225 ($3.03 in chips)
Seat 2: 9e1def62 ($5.03 in chips)
Seat 3: 390b7eee ($5.72 in chips)
Seat 4: ed475b5c ($5 in chips)
Seat 5: 4151b8fd ($5 in chips)
Seat 6: Hero ($5.57 in chips)
4151b8fd: posts small blind $0.02
Hero: posts big blind $0.05
*** HOLE CARDS ***
Dealt to 77697225 
Dealt to 9e1def62 
Dealt to 390b7eee 
Dealt to ed475b5c 
Dealt to 4151b8fd 
Dealt to Hero [Ah 5d]
77697225: folds
9e1def62: folds
390b7eee: folds
ed475b5c: raises $0.08 to $0.13
4151b8fd: folds
Hero: folds
Uncalled bet ($0.08) returned to ed475b5c
*** SHOWDOWN ***
ed475b5c collected $0.12 from pot
*** SUMMARY ***
Total pot $0.12 | Rake $0 | Jackpot $0 | Bingo $0 | Fortune $0
Seat 1: 77697225 folded before Flop (didn't bet)
Seat 2: 9e1def62 folded before Flop (didn't bet)
Seat 3: 390b7eee folded before Flop (didn't bet)
Seat 4: ed475b5c (button) collected ($0.12)
Seat 5: 4151b8fd (small blind) folded before Flop
Seat 6: Hero (big blind) folded before Flop


Poker Hand #HD1175411827: Hold'em No Limit  ($0.02/$0.05) - 2023/03/25 16:02:59
Table 'NLHBlue44' 6-max Seat #3 is the button
Seat 1: 77697225 ($2.92 in chips)
Seat 2: 9e1def62 ($5.03 in chips)
Seat 3: 390b7eee ($5.72 in chips)
Seat 4: ed475b5c ($5 in chips)
Seat 5: 4151b8fd ($5.07 in chips)
Seat 6: Hero ($5.57 in chips)
ed475b5c: posts small blind $0.02
4151b8fd: posts big blind $0.05
*** HOLE CARDS ***
Dealt to 77697225 
Dealt to 9e1def62 
Dealt to 390b7eee 
Dealt to ed475b5c 
Dealt to 4151b8fd 
Dealt to Hero [Ac 3s]
Hero: folds
77697225: calls $0.05
9e1def62: folds
390b7eee: folds
ed475b5c: folds
4151b8fd: checks
*** FLOP *** [Ks 3h 6c]
4151b8fd: checks
77697225: checks
*** TURN *** [Ks 3h 6c] [7d]
4151b8fd: bets $0.05
77697225: calls $0.05
*** RIVER *** [Ks 3h 6c 7d] [Qh]
4151b8fd: checks
77697225: bets $0.17
4151b8fd: folds
Uncalled bet ($0.17) returned to 77697225
*** SHOWDOWN ***
77697225 collected $0.21 from pot
*** SUMMARY ***
Total pot $0.22 | Rake $0.01 | Jackpot $0 | Bingo $0 | Fortune $0
Board [Ks 3h 6c 7d Qh]
Seat 1: 77697225 won ($0.21)
Seat 2: 9e1def62 folded before Flop (didn't bet)
Seat 3: 390b7eee (button) folded before Flop (didn't bet)
Seat 4: ed475b5c (small blind) folded before Flop
Seat 5: 4151b8fd (big blind) folded on the River
Seat 6: Hero folded before Flop (didn't bet)


Poker Hand #HD1175411614: Hold'em No Limit  ($0.02/$0.05) - 2023/03/25 16:01:23
Table 'NLHBlue44' 6-max Seat #2 is the button
Seat 1: 77697225 ($2.92 in chips)
Seat 2: 9e1def62 ($5.03 in chips)
Seat 3: 390b7eee ($5.02 in chips)
Seat 4: ed475b5c ($5 in chips)
Seat 5: 4151b8fd ($5.07 in chips)
Seat 6: Hero ($5.57 in chips)
390b7eee: posts small blind $0.02
ed475b5c: posts big blind $0.05
*** HOLE CARDS ***
Dealt to 77697225 
Dealt to 9e1def62 
Dealt to 390b7eee 
Dealt to ed475b5c 
Dealt to 4151b8fd 
Dealt to Hero [5h Ks]
4151b8fd: folds
Hero: folds
77697225: folds
9e1def62: folds
390b7eee: raises $0.09 to $0.14
ed475b5c: raises $0.36 to $0.5
390b7eee: calls $0.36
*** FLOP *** [Qd Tc 4c]
390b7eee: checks
ed475b5c: bets $0.33
390b7eee: calls $0.33
*** TURN *** [Qd Tc 4c] [Qc]
390b7eee: checks
ed475b5c: checks
*** RIVER *** [Qd Tc 4c Qc] [9h]
390b7eee: bets $1
ed475b5c: folds
Uncalled bet ($1) returned to 390b7eee
*** SHOWDOWN ***
390b7eee collected $1.53 from pot
*** SUMMARY ***
Total pot $1.66 | Rake $0.08 | Jackpot $0.05 | Bingo $0 | Fortune $0
Board [Qd Tc 4c Qc 9h]
Seat 1: 77697225 folded before Flop (didn't bet)
Seat 2: 9e1def62 (button) folded before Flop (didn't bet)
Seat 3: 390b7eee (small blind) won ($1.53)
Seat 4: ed475b5c (big blind) folded on the River
Seat 5: 4151b8fd folded before Flop (didn't bet)
Seat 6: Hero folded before Flop (didn't bet)


Poker Hand #HD1175411582: Hold'em No Limit  ($0.02/$0.05) - 2023/03/25 16:01:08
Table 'NLHBlue44' 6-max Seat #1 is the button
Seat 1: 77697225 ($2.92 in chips)
Seat 2: 9e1def62 ($5.05 in chips)
Seat 3: 390b7eee ($5 in chips)
Seat 4: ed475b5c ($5 in chips)
Seat 5: 4151b8fd ($5.07 in chips)
Seat 6: Hero ($5.57 in chips)
9e1def62: posts small blind $0.02
390b7eee: posts big blind $0.05
*** HOLE CARDS ***
Dealt to 77697225 
Dealt to 9e1def62 
Dealt to 390b7eee 
Dealt to ed475b5c 
Dealt to 4151b8fd 
Dealt to Hero [2c 9d]
ed475b5c: folds
4151b8fd: folds
Hero: folds
77697225: folds
9e1def62: folds
Uncalled bet ($0.03) returned to 390b7eee
*** SHOWDOWN ***
390b7eee collected $0.04 from pot
*** SUMMARY ***
Total pot $0.04 | Rake $0 | Jackpot $0 | Bingo $0 | Fortune $0
Seat 1: 77697225 (button) folded before Flop (didn't bet)
Seat 2: 9e1def62 (small blind) folded before Flop
Seat 3: 390b7eee (big blind) collected ($0.04)
Seat 4: ed475b5c folded before Flop (didn't bet)
Seat 5: 4151b8fd folded before Flop (didn't bet)
Seat 6: Hero folded before Flop (didn't bet)


Poker Hand #HD1175411520: Hold'em No Limit  ($0.02/$0.05) - 2023/03/25 16:00:38
Table 'NLHBlue44' 6-max Seat #6 is the button
Seat 1: 77697225 ($2.87 in chips)
Seat 2: 9e1def62 ($5 in chips)
Seat 3: 390b7eee ($5 in chips)
Seat 4: ed475b5c ($5 in chips)
Seat 5: 4151b8fd ($5.07 in chips)
Seat 6: Hero ($5.57 in chips)
77697225: posts small blind $0.02
9e1def62: posts big blind $0.05
*** HOLE CARDS ***
Dealt to 77697225 
Dealt to 9e1def62 
Dealt to 390b7eee 
Dealt to ed475b5c 
Dealt to 4151b8fd 
Dealt to Hero [3c 5c]
390b7eee: folds
ed475b5c: folds
4151b8fd: folds
Hero: folds
77697225: calls $0.03
9e1def62: checks
*** FLOP *** [Ah 4d 2s]
77697225: bets $0.08
9e1def62: folds
Uncalled bet ($0.08) returned to 77697225
*** SHOWDOWN ***
77697225 collected $0.1 from pot
*** SUMMARY ***
Total pot $0.1 | Rake $0 | Jackpot $0 | Bingo $0 | Fortune $0
Board [Ah 4d 2s]
Seat 1: 77697225 (small blind) won ($0.1)
Seat 2: 9e1def62 (big blind) folded on the Flop
Seat 3: 390b7eee folded before Flop (didn't bet)
Seat 4: ed475b5c folded before Flop (didn't bet)
Seat 5: 4151b8fd folded before Flop (didn't bet)
Seat 6: Hero (button) folded before Flop (didn't bet)


Poker Hand #HD1175411387: Hold'em No Limit  ($0.02/$0.05) - 2023/03/25 15:59:37
Table 'NLHBlue44' 6-max Seat #5 is the button
Seat 1: 77697225 ($2.64 in chips)
Seat 2: 9e1def62 ($5 in chips)
Seat 3: 390b7eee ($5 in chips)
Seat 4: ed475b5c ($5.03 in chips)
Seat 5: 4151b8fd ($5.07 in chips)
Seat 6: Hero ($5.59 in chips)
Hero: posts small blind $0.02
77697225: posts big blind $0.05
*** HOLE CARDS ***
Dealt to 77697225 
Dealt to 9e1def62 
Dealt to 390b7eee 
Dealt to ed475b5c 
Dealt to 4151b8fd 
Dealt to Hero [7d Qh]
9e1def62: folds
390b7eee: folds
ed475b5c: raises $0.08 to $0.13
4151b8fd: folds
Hero: folds
77697225: calls $0.08
*** FLOP *** [Jc 6c Ad]
77697225: checks
ed475b5c: bets $0.1
77697225: calls $0.1
*** TURN *** [Jc 6c Ad] [3d]
77697225: bets $0.16
ed475b5c: folds
Uncalled bet ($0.16) returned to 77697225
*** SHOWDOWN ***
77697225 collected $0.46 from pot
*** SUMMARY ***
Total pot $0.48 | Rake $0.02 | Jackpot $0 | Bingo $0 | Fortune $0
Board [Jc 6c Ad 3d]
Seat 1: 77697225 (big blind) won ($0.46)
Seat 2: 9e1def62 folded before Flop (didn't bet)
Seat 3: 390b7eee folded before Flop (didn't bet)
Seat 4: ed475b5c folded on the Turn
Seat 5: 4151b8fd (button) folded before Flop (didn't bet)
Seat 6: Hero (small blind) folded before Flop


Poker Hand #HD1175411356: Hold'em No Limit  ($0.02/$0.05) - 2023/03/25 15:59:20
Table 'NLHBlue44' 6-max Seat #4 is the button
Seat 1: 77697225 ($2.64 in chips)
Seat 2: 9e1def62 ($5 in chips)
Seat 3: 390b7eee ($5 in chips)
Seat 4: ed475b5c ($5.03 in chips)
Seat 5: 4151b8fd ($5.09 in chips)
Seat 6: Hero ($5.57 in chips)
4151b8fd: posts small blind $0.02
Hero: posts big blind $0.05
*** HOLE CARDS ***
Dealt to 77697225 
Dealt to 9e1def62 
Dealt to 390b7eee 
Dealt to ed475b5c 
Dealt to 4151b8fd 
Dealt to Hero [3c 6s]
77697225: folds
9e1def62: folds
390b7eee: folds
ed475b5c: folds
4151b8fd: folds
Uncalled bet ($0.03) returned to Hero
*** SHOWDOWN ***
Hero collected $0.04 from pot
*** SUMMARY ***
Total pot $0.04 | Rake $0 | Jackpot $0 | Bingo $0 | Fortune $0
Seat 1: 77697225 folded before Flop (didn't bet)
Seat 2: 9e1def62 folded before Flop (didn't bet)
Seat 3: 390b7eee folded before Flop (didn't bet)
Seat 4: ed475b5c (button) folded before Flop (didn't bet)
Seat 5: 4151b8fd (small blind) folded before Flop
Seat 6: Hero (big blind) collected ($0.04)


Poker Hand #HD1175411272: Hold'em No Limit  ($0.02/$0.05) - 2023/03/25 15:58:40
Table 'NLHBlue44' 6-max Seat #3 is the button
Seat 1: 77697225 ($1.99 in chips)
Seat 2: 9e1def62 ($5.25 in chips)
Seat 3: 390b7eee ($5 in chips)
Seat 4: ed475b5c ($5.05 in chips)
Seat 5: 4151b8fd ($5.14 in chips)
Seat 6: Hero ($5.57 in chips)
ed475b5c: posts small blind $0.02
4151b8fd: posts big blind $0.05
*** HOLE CARDS ***
Dealt to 77697225 
Dealt to 9e1def62 
Dealt to 390b7eee 
Dealt to ed475b5c 
Dealt to 4151b8fd 
Dealt to Hero [8s 2s]
Hero: folds
77697225: calls $0.05
9e1def62: raises $0.09 to $0.14
390b7eee: folds
ed475b5c: folds
4151b8fd: folds
77697225: calls $0.09
*** FLOP *** [3d 4c 3h]
77697225: checks
9e1def62: bets $0.5
77697225: raises $1.35 to $1.85 and is all-in
9e1def62: folds
Uncalled bet ($1.35) returned to 77697225
*** SHOWDOWN ***
77697225 collected $1.29 from pot
*** SUMMARY ***
Total pot $1.35 | Rake $0.06 | Jackpot $0 | Bingo $0 | Fortune $0
Board [3d 4c 3h]
Seat 1: 77697225 won ($1.29)
Seat 2: 9e1def62 folded on the Flop
Seat 3: 390b7eee (button) folded before Flop (didn't bet)
Seat 4: ed475b5c (small blind) folded before Flop
Seat 5: 4151b8fd (big blind) folded before Flop
Seat 6: Hero folded before Flop (didn't bet)


Poker Hand #HD1175411238: Hold'em No Limit  ($0.02/$0.05) - 2023/03/25 15:58:28
Table 'NLHBlue44' 6-max Seat #2 is the button
Seat 1: 77697225 ($1.99 in chips)
Seat 2: 9e1def62 ($5.25 in chips)
Seat 3: 390b7eee ($5 in chips)
Seat 4: ed475b5c ($5 in chips)
Seat 5: 4151b8fd ($5.07 in chips)
Seat 6: Hero ($5.57 in chips)
390b7eee: posts small blind $0.02
ed475b5c: posts big blind $0.05
*** HOLE CARDS ***
Dealt to 77697225 
Dealt to 9e1def62 
Dealt to 390b7eee 
Dealt to ed475b5c 
Dealt to 4151b8fd 
Dealt to Hero [8h Qh]
4151b8fd: raises $0.08 to $0.13
Hero: folds
77697225: folds
9e1def62: folds
390b7eee: folds
ed475b5c: folds
Uncalled bet ($0.08) returned to 4151b8fd
*** SHOWDOWN ***
4151b8fd collected $0.12 from pot
*** SUMMARY ***
Total pot $0.12 | Rake $0 | Jackpot $0 | Bingo $0 | Fortune $0
Seat 1: 77697225 folded before Flop (didn't bet)
Seat 2: 9e1def62 (button) folded before Flop (didn't bet)
Seat 3: 390b7eee (small blind) folded before Flop
Seat 4: ed475b5c (big blind) folded before Flop
Seat 5: 4151b8fd collected ($0.12)
Seat 6: Hero folded before Flop (didn't bet)


Poker Hand #HD1175411209: Hold'em No Limit  ($0.02/$0.05) - 2023/03/25 15:58:16
Table 'NLHBlue44' 6-max Seat #1 is the button
Seat 1: 77697225 ($1.99 in chips)
Seat 2: 9e1def62 ($5.27 in chips)
Seat 3: 390b7eee ($5.01 in chips)
Seat 4: ed475b5c ($5 in chips)
Seat 5: 4151b8fd ($5.07 in chips)
Seat 6: Hero ($5.5 in chips)
9e1def62: posts small blind $0.02
390b7eee: posts big blind $0.05
*** HOLE CARDS ***
Dealt to 77697225 
Dealt to 9e1def62 
Dealt to 390b7eee 
Dealt to ed475b5c 
Dealt to 4151b8fd 
Dealt to Hero [7d Td]
ed475b5c: folds
4151b8fd: folds
Hero: raises $0.07 to $0.12
77697225: folds
9e1def62: folds
390b7eee: folds
Uncalled bet ($0.07) returned to Hero
*** SHOWDOWN ***
Hero collected $0.12 from pot
*** SUMMARY ***
Total pot $0.12 | Rake $0 | Jackpot $0 | Bingo $0 | Fortune $0
Seat 1: 77697225 (button) folded before Flop (didn't bet)
Seat 2: 9e1def62 (small blind) folded before Flop
Seat 3: 390b7eee (big blind) folded before Flop
Seat 4: ed475b5c folded before Flop (didn't bet)
Seat 5: 4151b8fd folded before Flop (didn't bet)
Seat 6: Hero collected ($0.12)


Poker Hand #HD1175411105: Hold'em No Limit  ($0.02/$0.05) - 2023/03/25 15:57:32
Table 'NLHBlue44' 6-max Seat #6 is the button
Seat 1: 77697225 ($2.29 in chips)
Seat 2: 9e1def62 ($5 in chips)
Seat 3: 390b7eee ($5.01 in chips)
Seat 4: ed475b5c ($5 in chips)
Seat 5: 4151b8fd ($5.07 in chips)
Seat 6: Hero ($5.5 in chips)
77697225: posts small blind $0.02
9e1def62: posts big blind $0.05
*** HOLE CARDS ***
Dealt to 77697225 
Dealt to 9e1def62 
Dealt to 390b7eee 
Dealt to ed475b5c 
Dealt to 4151b8fd 
Dealt to Hero [Qc 8s]
390b7eee: folds
ed475b5c: folds
4151b8fd: folds
Hero: folds
77697225: raises $0.05 to $0.1
9e1def62: raises $0.2 to $0.3
77697225: calls $0.2
*** FLOP *** [3c Qs Kc]
77697225: checks
9e1def62: bets $0.3
77697225: folds
Uncalled bet ($0.3) returned to 9e1def62
*** SHOWDOWN ***
9e1def62 collected $0.57 from pot
*** SUMMARY ***
Total pot $0.6 | Rake $0.03 | Jackpot $0 | Bingo $0 | Fortune $0
Board [3c Qs Kc]
Seat 1: 77697225 (small blind) folded on the Flop
Seat 2: 9e1def62 (big blind) won ($0.57)
Seat 3: 390b7eee folded before Flop (didn't bet)
Seat 4: ed475b5c folded before Flop (didn't bet)
Seat 5: 4151b8fd folded before Flop (didn't bet)
Seat 6: Hero (button) folded before Flop (didn't bet)


Poker Hand #HD1175411070: Hold'em No Limit  ($0.02/$0.05) - 2023/03/25 15:57:17
Table 'NLHBlue44' 6-max Seat #5 is the button
Seat 1: 77697225 ($2.34 in chips)
Seat 3: 390b7eee ($5.01 in chips)
Seat 4: ed475b5c ($5 in chips)
Seat 5: 4151b8fd ($5 in chips)
Seat 6: Hero ($5.52 in chips)
Hero: posts small blind $0.02
77697225: posts big blind $0.05
*** HOLE CARDS ***
Dealt to 77697225 
Dealt to 390b7eee 
Dealt to ed475b5c 
Dealt to 4151b8fd 
Dealt to Hero [2s 5c]
390b7eee: folds
ed475b5c: folds
4151b8fd: raises $0.1 to $0.15
Hero: folds
77697225: folds
Uncalled bet ($0.1) returned to 4151b8fd
*** SHOWDOWN ***
4151b8fd collected $0.12 from pot
*** SUMMARY ***
Total pot $0.12 | Rake $0 | Jackpot $0 | Bingo $0 | Fortune $0
Seat 1: 77697225 (big blind) folded before Flop
Seat 3: 390b7eee folded before Flop (didn't bet)
Seat 4: ed475b5c folded before Flop (didn't bet)
Seat 5: 4151b8fd (button) collected ($0.12)
Seat 6: Hero (small blind) folded before Flop


Poker Hand #HD1175410961: Hold'em No Limit  ($0.02/$0.05) - 2023/03/25 15:56:20
Table 'NLHBlue44' 6-max Seat #4 is the button
Seat 1: 77697225 ($2.34 in chips)
Seat 2: a1a261b0 ($5.62 in chips)
Seat 3: 390b7eee ($5.01 in chips)
Seat 4: ed475b5c ($5 in chips)
Seat 5: 4151b8fd ($5 in chips)
Seat 6: Hero ($5 in chips)
4151b8fd: posts small blind $0.02
Hero: posts big blind $0.05
*** HOLE CARDS ***
Dealt to 77697225 
Dealt to a1a261b0 
Dealt to 390b7eee 
Dealt to ed475b5c 
Dealt to 4151b8fd 
Dealt to Hero [Ks Tc]
77697225: folds
a1a261b0: folds
390b7eee: folds
ed475b5c: folds
4151b8fd: raises $0.1 to $0.15
Hero: calls $0.1
*** FLOP *** [3s 6s 5s]
4151b8fd: bets $0.09
Hero: calls $0.09
*** TURN *** [3s 6s 5s] [7d]
4151b8fd: bets $0.33
Hero: calls $0.33
*** RIVER *** [3s 6s 5s 7d] [3h]
4151b8fd: checks
Hero: bets $0.57
4151b8fd: folds
Uncalled bet ($0.57) returned to Hero
*** SHOWDOWN ***
Hero collected $1.09 from pot
*** SUMMARY ***
Total pot $1.14 | Rake $0.05 | Jackpot $0 | Bingo $0 | Fortune $0
Board [3s 6s 5s 7d 3h]
Seat 1: 77697225 folded before Flop (didn't bet)
Seat 2: a1a261b0 folded before Flop (didn't bet)
Seat 3: 390b7eee folded before Flop (didn't bet)
Seat 4: ed475b5c (button) folded before Flop (didn't bet)
Seat 5: 4151b8fd (small blind) folded on the River
Seat 6: Hero (big blind) won ($1.09)


