Poker Hand #HD1160301502: Hold'em No Limit  ($0.02/$0.05) - 2023/03/14 20:50:34
Table 'NLHBlue134' 6-max Seat #5 is the button
Seat 1: 71ca7e96 ($5.17 in chips)
Seat 2: Hero ($7.84 in chips)
Seat 3: 75868a5a ($5.15 in chips)
Seat 4: 3a9a4968 ($5.17 in chips)
Seat 5: dbd09fb4 ($5 in chips)
Seat 6: 8313ec96 ($6.3 in chips)
8313ec96: posts small blind $0.02
71ca7e96: posts big blind $0.05
*** HOLE CARDS ***
Dealt to 71ca7e96 
Dealt to Hero [Qs Kc]
Dealt to 75868a5a 
Dealt to 3a9a4968 
Dealt to dbd09fb4 
Dealt to 8313ec96 
Hero: raises $0.07 to $0.12
75868a5a: folds
3a9a4968: folds
dbd09fb4: folds
8313ec96: calls $0.1
71ca7e96: calls $0.07
*** FLOP *** [8c 4s 8h]
8313ec96: checks
71ca7e96: checks
Hero: checks
*** TURN *** [8c 4s 8h] [3h]
8313ec96: checks
71ca7e96: bets $0.24
Hero: folds
8313ec96: folds
Uncalled bet ($0.24) returned to 71ca7e96
*** SHOWDOWN ***
71ca7e96 collected $0.34 from pot
*** SUMMARY ***
Total pot $0.36 | Rake $0.02 | Jackpot $0 | Bingo $0 | Fortune $0
Board [8c 4s 8h 3h]
Seat 1: 71ca7e96 (big blind) won ($0.34)
Seat 2: Hero folded on the Turn
Seat 3: 75868a5a folded before Flop (didn't bet)
Seat 4: 3a9a4968 folded before Flop (didn't bet)
Seat 5: dbd09fb4 (button) folded before Flop (didn't bet)
Seat 6: 8313ec96 (small blind) folded on the Turn


Poker Hand #HD1160301477: Hold'em No Limit  ($0.02/$0.05) - 2023/03/14 20:50:23
Table 'NLHBlue134' 6-max Seat #4 is the button
Seat 1: 71ca7e96 ($5.1 in chips)
Seat 2: Hero ($7.84 in chips)
Seat 3: 75868a5a ($5.15 in chips)
Seat 4: 3a9a4968 ($5.17 in chips)
Seat 5: dbd09fb4 ($5.02 in chips)
Seat 6: 8313ec96 ($6.35 in chips)
dbd09fb4: posts small blind $0.02
8313ec96: posts big blind $0.05
*** HOLE CARDS ***
Dealt to 71ca7e96 
Dealt to Hero [7s Tc]
Dealt to 75868a5a 
Dealt to 3a9a4968 
Dealt to dbd09fb4 
Dealt to 8313ec96 
71ca7e96: raises $0.08 to $0.13
Hero: folds
75868a5a: folds
3a9a4968: folds
dbd09fb4: folds
8313ec96: folds
Uncalled bet ($0.08) returned to 71ca7e96
*** SHOWDOWN ***
71ca7e96 collected $0.12 from pot
*** SUMMARY ***
Total pot $0.12 | Rake $0 | Jackpot $0 | Bingo $0 | Fortune $0
Seat 1: 71ca7e96 collected ($0.12)
Seat 2: Hero folded before Flop (didn't bet)
Seat 3: 75868a5a folded before Flop (didn't bet)
Seat 4: 3a9a4968 (button) folded before Flop (didn't bet)
Seat 5: dbd09fb4 (small blind) folded before Flop
Seat 6: 8313ec96 (big blind) folded before Flop


Poker Hand #HD1160301445: Hold'em No Limit  ($0.02/$0.05) - 2023/03/14 20:50:13
Table 'NLHBlue134' 6-max Seat #3 is the button
Seat 1: 71ca7e96 ($5.1 in chips)
Seat 2: Hero ($7.84 in chips)
Seat 3: 75868a5a ($5.15 in chips)
Seat 4: 3a9a4968 ($5.19 in chips)
Seat 5: dbd09fb4 ($5 in chips)
Seat 6: 8313ec96 ($6.35 in chips)
3a9a4968: posts small blind $0.02
dbd09fb4: posts big blind $0.05
*** HOLE CARDS ***
Dealt to 71ca7e96 
Dealt to Hero [As 3c]
Dealt to 75868a5a 
Dealt to 3a9a4968 
Dealt to dbd09fb4 
Dealt to 8313ec96 
8313ec96: folds
71ca7e96: folds
Hero: folds
75868a5a: folds
3a9a4968: folds
Uncalled bet ($0.03) returned to dbd09fb4
*** SHOWDOWN ***
dbd09fb4 collected $0.04 from pot
*** SUMMARY ***
Total pot $0.04 | Rake $0 | Jackpot $0 | Bingo $0 | Fortune $0
Seat 1: 71ca7e96 folded before Flop (didn't bet)
Seat 2: Hero folded before Flop (didn't bet)
Seat 3: 75868a5a (button) folded before Flop (didn't bet)
Seat 4: 3a9a4968 (small blind) folded before Flop
Seat 5: dbd09fb4 (big blind) collected ($0.04)
Seat 6: 8313ec96 folded before Flop (didn't bet)


Poker Hand #HD1160301401: Hold'em No Limit  ($0.02/$0.05) - 2023/03/14 20:49:57
Table 'NLHBlue134' 6-max Seat #2 is the button
Seat 1: 71ca7e96 ($5.1 in chips)
Seat 2: Hero ($7.84 in chips)
Seat 3: 75868a5a ($5.1 in chips)
Seat 4: 3a9a4968 ($5.24 in chips)
Seat 6: 8313ec96 ($6.35 in chips)
75868a5a: posts small blind $0.02
3a9a4968: posts big blind $0.05
*** HOLE CARDS ***
Dealt to 71ca7e96 
Dealt to Hero [9s 3h]
Dealt to 75868a5a 
Dealt to 3a9a4968 
Dealt to 8313ec96 
8313ec96: folds
71ca7e96: folds
Hero: folds
75868a5a: raises $0.1 to $0.15
3a9a4968: folds
Uncalled bet ($0.1) returned to 75868a5a
*** SHOWDOWN ***
75868a5a collected $0.1 from pot
*** SUMMARY ***
Total pot $0.1 | Rake $0 | Jackpot $0 | Bingo $0 | Fortune $0
Seat 1: 71ca7e96 folded before Flop (didn't bet)
Seat 2: Hero (button) folded before Flop (didn't bet)
Seat 3: 75868a5a (small blind) collected ($0.1)
Seat 4: 3a9a4968 (big blind) folded before Flop
Seat 6: 8313ec96 folded before Flop (didn't bet)


Poker Hand #HD1160301341: Hold'em No Limit  ($0.02/$0.05) - 2023/03/14 20:49:33
Table 'NLHBlue134' 6-max Seat #1 is the button
Seat 1: 71ca7e96 ($5.1 in chips)
Seat 2: Hero ($7.86 in chips)
Seat 3: 75868a5a ($5.15 in chips)
Seat 4: 3a9a4968 ($5.17 in chips)
Seat 6: 8313ec96 ($6.35 in chips)
Hero: posts small blind $0.02
75868a5a: posts big blind $0.05
*** HOLE CARDS ***
Dealt to 71ca7e96 
Dealt to Hero [2c 4c]
Dealt to 75868a5a 
Dealt to 3a9a4968 
Dealt to 8313ec96 
3a9a4968: raises $0.07 to $0.12
8313ec96: folds
71ca7e96: folds
Hero: folds
75868a5a: folds
Uncalled bet ($0.07) returned to 3a9a4968
*** SHOWDOWN ***
3a9a4968 collected $0.12 from pot
*** SUMMARY ***
Total pot $0.12 | Rake $0 | Jackpot $0 | Bingo $0 | Fortune $0
Seat 1: 71ca7e96 (button) folded before Flop (didn't bet)
Seat 2: Hero (small blind) folded before Flop
Seat 3: 75868a5a (big blind) folded before Flop
Seat 4: 3a9a4968 collected ($0.12)
Seat 6: 8313ec96 folded before Flop (didn't bet)


Poker Hand #HD1160301316: Hold'em No Limit  ($0.02/$0.05) - 2023/03/14 20:49:22
Table 'NLHBlue134' 6-max Seat #6 is the button
Seat 1: 71ca7e96 ($5.05 in chips)
Seat 2: Hero ($7.91 in chips)
Seat 3: 75868a5a ($5.15 in chips)
Seat 4: 3a9a4968 ($5.17 in chips)
Seat 5: dca41ad8 ($5 in chips)
Seat 6: 8313ec96 ($6.35 in chips)
71ca7e96: posts small blind $0.02
Hero: posts big blind $0.05
*** HOLE CARDS ***
Dealt to 71ca7e96 
Dealt to Hero [Kh 5c]
Dealt to 75868a5a 
Dealt to 3a9a4968 
Dealt to dca41ad8 
Dealt to 8313ec96 
75868a5a: folds
3a9a4968: folds
dca41ad8: folds
8313ec96: folds
71ca7e96: raises $0.1 to $0.15
Hero: folds
Uncalled bet ($0.1) returned to 71ca7e96
*** SHOWDOWN ***
71ca7e96 collected $0.1 from pot
*** SUMMARY ***
Total pot $0.1 | Rake $0 | Jackpot $0 | Bingo $0 | Fortune $0
Seat 1: 71ca7e96 (small blind) collected ($0.1)
Seat 2: Hero (big blind) folded before Flop
Seat 3: 75868a5a folded before Flop (didn't bet)
Seat 4: 3a9a4968 folded before Flop (didn't bet)
Seat 5: dca41ad8 folded before Flop (didn't bet)
Seat 6: 8313ec96 (button) folded before Flop (didn't bet)


Poker Hand #HD1160301234: Hold'em No Limit  ($0.02/$0.05) - 2023/03/14 20:48:54
Table 'NLHBlue134' 6-max Seat #5 is the button
Seat 1: 71ca7e96 ($5 in chips)
Seat 2: Hero ($7.91 in chips)
Seat 3: 75868a5a ($5.15 in chips)
Seat 4: 3a9a4968 ($5.17 in chips)
Seat 5: dca41ad8 ($5 in chips)
Seat 6: 8313ec96 ($6.3 in chips)
8313ec96: posts small blind $0.02
71ca7e96: posts big blind $0.05
*** HOLE CARDS ***
Dealt to 71ca7e96 
Dealt to Hero [8c Ah]
Dealt to 75868a5a 
Dealt to 3a9a4968 
Dealt to dca41ad8 
Dealt to 8313ec96 
Hero: folds
75868a5a: folds
3a9a4968: folds
dca41ad8: folds
8313ec96: raises $0.08 to $0.13
71ca7e96: folds
Uncalled bet ($0.08) returned to 8313ec96
*** SHOWDOWN ***
8313ec96 collected $0.1 from pot
*** SUMMARY ***
Total pot $0.1 | Rake $0 | Jackpot $0 | Bingo $0 | Fortune $0
Seat 1: 71ca7e96 (big blind) folded before Flop
Seat 2: Hero folded before Flop (didn't bet)
Seat 3: 75868a5a folded before Flop (didn't bet)
Seat 4: 3a9a4968 folded before Flop (didn't bet)
Seat 5: dca41ad8 (button) folded before Flop (didn't bet)
Seat 6: 8313ec96 (small blind) collected ($0.1)


Poker Hand #HD1160301201: Hold'em No Limit  ($0.02/$0.05) - 2023/03/14 20:48:39
Table 'NLHBlue134' 6-max Seat #4 is the button
Seat 2: Hero ($7.91 in chips)
Seat 3: 75868a5a ($5.15 in chips)
Seat 4: 3a9a4968 ($5.1 in chips)
Seat 5: dca41ad8 ($5 in chips)
Seat 6: 8313ec96 ($6.35 in chips)
dca41ad8: posts small blind $0.02
8313ec96: posts big blind $0.05
*** HOLE CARDS ***
Dealt to Hero [Kh 9d]
Dealt to 75868a5a 
Dealt to 3a9a4968 
Dealt to dca41ad8 
Dealt to 8313ec96 
Hero: folds
75868a5a: folds
3a9a4968: raises $0.07 to $0.12
dca41ad8: folds
8313ec96: folds
Uncalled bet ($0.07) returned to 3a9a4968
*** SHOWDOWN ***
3a9a4968 collected $0.12 from pot
*** SUMMARY ***
Total pot $0.12 | Rake $0 | Jackpot $0 | Bingo $0 | Fortune $0
Seat 2: Hero folded before Flop (didn't bet)
Seat 3: 75868a5a folded before Flop (didn't bet)
Seat 4: 3a9a4968 (button) collected ($0.12)
Seat 5: dca41ad8 (small blind) folded before Flop
Seat 6: 8313ec96 (big blind) folded before Flop


Poker Hand #HD1160301107: Hold'em No Limit  ($0.02/$0.05) - 2023/03/14 20:48:00
Table 'NLHBlue134' 6-max Seat #3 is the button
Seat 2: Hero ($7.91 in chips)
Seat 3: 75868a5a ($5.02 in chips)
Seat 4: 3a9a4968 ($5.12 in chips)
Seat 5: dca41ad8 ($5 in chips)
Seat 6: 8313ec96 ($6.35 in chips)
3a9a4968: posts small blind $0.02
dca41ad8: posts big blind $0.05
*** HOLE CARDS ***
Dealt to Hero [4d 7d]
Dealt to 75868a5a 
Dealt to 3a9a4968 
Dealt to dca41ad8 
Dealt to 8313ec96 
8313ec96: folds
Hero: folds
75868a5a: raises $0.07 to $0.12
3a9a4968: folds
dca41ad8: calls $0.07
*** FLOP *** [Tc 2s 8s]
dca41ad8: checks
75868a5a: bets $0.13
dca41ad8: folds
Uncalled bet ($0.13) returned to 75868a5a
*** SHOWDOWN ***
75868a5a collected $0.25 from pot
*** SUMMARY ***
Total pot $0.26 | Rake $0.01 | Jackpot $0 | Bingo $0 | Fortune $0
Board [Tc 2s 8s]
Seat 2: Hero folded before Flop (didn't bet)
Seat 3: 75868a5a (button) won ($0.25)
Seat 4: 3a9a4968 (small blind) folded before Flop
Seat 5: dca41ad8 (big blind) folded on the Flop
Seat 6: 8313ec96 folded before Flop (didn't bet)


Poker Hand #HD1160301070: Hold'em No Limit  ($0.02/$0.05) - 2023/03/14 20:47:45
Table 'NLHBlue134' 6-max Seat #2 is the button
Seat 2: Hero ($7.91 in chips)
Seat 3: 75868a5a ($5 in chips)
Seat 4: 3a9a4968 ($5.1 in chips)
Seat 5: dca41ad8 ($5 in chips)
Seat 6: 8313ec96 ($6.35 in chips)
75868a5a: posts small blind $0.02
3a9a4968: posts big blind $0.05
*** HOLE CARDS ***
Dealt to Hero [7d 4s]
Dealt to 75868a5a 
Dealt to 3a9a4968 
Dealt to dca41ad8 
Dealt to 8313ec96 
dca41ad8: folds
8313ec96: folds
Hero: folds
75868a5a: folds
Uncalled bet ($0.03) returned to 3a9a4968
*** SHOWDOWN ***
3a9a4968 collected $0.04 from pot
*** SUMMARY ***
Total pot $0.04 | Rake $0 | Jackpot $0 | Bingo $0 | Fortune $0
Seat 2: Hero (button) folded before Flop (didn't bet)
Seat 3: 75868a5a (small blind) folded before Flop
Seat 4: 3a9a4968 (big blind) collected ($0.04)
Seat 5: dca41ad8 folded before Flop (didn't bet)
Seat 6: 8313ec96 folded before Flop (didn't bet)


Poker Hand #HD1160300984: Hold'em No Limit  ($0.02/$0.05) - 2023/03/14 20:47:14
Table 'NLHBlue134' 6-max Seat #6 is the button
Seat 2: Hero ($7.77 in chips)
Seat 3: 75868a5a ($5 in chips)
Seat 4: 3a9a4968 ($5.1 in chips)
Seat 5: dca41ad8 ($5.07 in chips)
Seat 6: 8313ec96 ($6.35 in chips)
Hero: posts small blind $0.02
75868a5a: posts big blind $0.05
*** HOLE CARDS ***
Dealt to Hero [Ah Ks]
Dealt to 75868a5a 
Dealt to 3a9a4968 
Dealt to dca41ad8 
Dealt to 8313ec96 
3a9a4968: folds
dca41ad8: raises $0.05 to $0.1
8313ec96: folds
Hero: raises $0.38 to $0.48
75868a5a: folds
dca41ad8: folds
Uncalled bet ($0.38) returned to Hero
*** SHOWDOWN ***
Hero collected $0.24 from pot
*** SUMMARY ***
Total pot $0.25 | Rake $0.01 | Jackpot $0 | Bingo $0 | Fortune $0
Seat 2: Hero (small blind) collected ($0.24)
Seat 3: 75868a5a (big blind) folded before Flop
Seat 4: 3a9a4968 folded before Flop (didn't bet)
Seat 5: dca41ad8 folded before Flop
Seat 6: 8313ec96 (button) folded before Flop (didn't bet)


Poker Hand #HD1160300957: Hold'em No Limit  ($0.02/$0.05) - 2023/03/14 20:47:03
Table 'NLHBlue134' 6-max Seat #5 is the button
Seat 2: Hero ($7.82 in chips)
Seat 4: 3a9a4968 ($5.1 in chips)
Seat 5: dca41ad8 ($5 in chips)
Seat 6: 8313ec96 ($6.37 in chips)
8313ec96: posts small blind $0.02
Hero: posts big blind $0.05
*** HOLE CARDS ***
Dealt to Hero [Jh 5c]
Dealt to 3a9a4968 
Dealt to dca41ad8 
Dealt to 8313ec96 
3a9a4968: folds
dca41ad8: raises $0.05 to $0.1
8313ec96: folds
Hero: folds
Uncalled bet ($0.05) returned to dca41ad8
*** SHOWDOWN ***
dca41ad8 collected $0.12 from pot
*** SUMMARY ***
Total pot $0.12 | Rake $0 | Jackpot $0 | Bingo $0 | Fortune $0
Seat 2: Hero (big blind) folded before Flop
Seat 4: 3a9a4968 folded before Flop (didn't bet)
Seat 5: dca41ad8 (button) collected ($0.12)
Seat 6: 8313ec96 (small blind) folded before Flop


Poker Hand #HD1160300899: Hold'em No Limit  ($0.02/$0.05) - 2023/03/14 20:46:43
Table 'NLHBlue134' 6-max Seat #4 is the button
Seat 1: a2b6cac8 ($5.52 in chips)
Seat 2: Hero ($7.82 in chips)
Seat 4: 3a9a4968 ($5.03 in chips)
Seat 5: dca41ad8 ($5 in chips)
Seat 6: 8313ec96 ($6.42 in chips)
dca41ad8: posts small blind $0.02
8313ec96: posts big blind $0.05
*** HOLE CARDS ***
Dealt to a2b6cac8 
Dealt to Hero [Th Jd]
Dealt to 3a9a4968 
Dealt to dca41ad8 
Dealt to 8313ec96 
a2b6cac8: folds
Hero: folds
3a9a4968: raises $0.07 to $0.12
dca41ad8: folds
8313ec96: folds
Uncalled bet ($0.07) returned to 3a9a4968
*** SHOWDOWN ***
3a9a4968 collected $0.12 from pot
*** SUMMARY ***
Total pot $0.12 | Rake $0 | Jackpot $0 | Bingo $0 | Fortune $0
Seat 1: a2b6cac8 folded before Flop (didn't bet)
Seat 2: Hero folded before Flop (didn't bet)
Seat 4: 3a9a4968 (button) collected ($0.12)
Seat 5: dca41ad8 (small blind) folded before Flop
Seat 6: 8313ec96 (big blind) folded before Flop


Poker Hand #HD1160300800: Hold'em No Limit  ($0.02/$0.05) - 2023/03/14 20:46:04
Table 'NLHBlue134' 6-max Seat #2 is the button
Seat 1: a2b6cac8 ($5.14 in chips)
Seat 2: Hero ($7.82 in chips)
Seat 4: 3a9a4968 ($5.05 in chips)
Seat 5: dca41ad8 ($5.37 in chips)
Seat 6: 8313ec96 ($6.42 in chips)
3a9a4968: posts small blind $0.02
dca41ad8: posts big blind $0.05
*** HOLE CARDS ***
Dealt to a2b6cac8 
Dealt to Hero [5h Qh]
Dealt to 3a9a4968 
Dealt to dca41ad8 
Dealt to 8313ec96 
8313ec96: folds
a2b6cac8: raises $0.08 to $0.13
Hero: folds
3a9a4968: folds
dca41ad8: raises $0.27 to $0.4
a2b6cac8: calls $0.27
*** FLOP *** [3c 9c 8c]
dca41ad8: checks
a2b6cac8: bets $0.41
dca41ad8: folds
Uncalled bet ($0.41) returned to a2b6cac8
*** SHOWDOWN ***
a2b6cac8 collected $0.78 from pot
*** SUMMARY ***
Total pot $0.82 | Rake $0.04 | Jackpot $0 | Bingo $0 | Fortune $0
Board [3c 9c 8c]
Seat 1: a2b6cac8 won ($0.78)
Seat 2: Hero (button) folded before Flop (didn't bet)
Seat 4: 3a9a4968 (small blind) folded before Flop
Seat 5: dca41ad8 (big blind) folded on the Flop
Seat 6: 8313ec96 folded before Flop (didn't bet)


Poker Hand #HD1160300761: Hold'em No Limit  ($0.02/$0.05) - 2023/03/14 20:45:49
Table 'NLHBlue134' 6-max Seat #1 is the button
Seat 1: a2b6cac8 ($5.14 in chips)
Seat 2: Hero ($7.77 in chips)
Seat 4: 3a9a4968 ($5 in chips)
Seat 5: dca41ad8 ($5.37 in chips)
Seat 6: 8313ec96 ($6.42 in chips)
Hero: posts small blind $0.02
3a9a4968: posts big blind $0.05
*** HOLE CARDS ***
Dealt to a2b6cac8 
Dealt to Hero [As 4s]
Dealt to 3a9a4968 
Dealt to dca41ad8 
Dealt to 8313ec96 
dca41ad8: folds
8313ec96: folds
a2b6cac8: folds
Hero: raises $0.09 to $0.14
3a9a4968: folds
Uncalled bet ($0.09) returned to Hero
*** SHOWDOWN ***
Hero collected $0.1 from pot
*** SUMMARY ***
Total pot $0.1 | Rake $0 | Jackpot $0 | Bingo $0 | Fortune $0
Seat 1: a2b6cac8 (button) folded before Flop (didn't bet)
Seat 2: Hero (small blind) collected ($0.1)
Seat 4: 3a9a4968 (big blind) folded before Flop
Seat 5: dca41ad8 folded before Flop (didn't bet)
Seat 6: 8313ec96 folded before Flop (didn't bet)


Poker Hand #HD1160300743: Hold'em No Limit  ($0.02/$0.05) - 2023/03/14 20:45:41
Table 'NLHBlue134' 6-max Seat #6 is the button
Seat 1: a2b6cac8 ($5.16 in chips)
Seat 2: Hero ($7.75 in chips)
Seat 4: 3a9a4968 ($5 in chips)
Seat 5: dca41ad8 ($5.37 in chips)
Seat 6: 8313ec96 ($6.42 in chips)
a2b6cac8: posts small blind $0.02
Hero: posts big blind $0.05
*** HOLE CARDS ***
Dealt to a2b6cac8 
Dealt to Hero [Qd Ks]
Dealt to 3a9a4968 
Dealt to dca41ad8 
Dealt to 8313ec96 
3a9a4968: folds
dca41ad8: folds
8313ec96: folds
a2b6cac8: folds
Uncalled bet ($0.03) returned to Hero
*** SHOWDOWN ***
Hero collected $0.04 from pot
*** SUMMARY ***
Total pot $0.04 | Rake $0 | Jackpot $0 | Bingo $0 | Fortune $0
Seat 1: a2b6cac8 (small blind) folded before Flop
Seat 2: Hero (big blind) collected ($0.04)
Seat 4: 3a9a4968 folded before Flop (didn't bet)
Seat 5: dca41ad8 folded before Flop (didn't bet)
Seat 6: 8313ec96 (button) folded before Flop (didn't bet)


Poker Hand #HD1160300704: Hold'em No Limit  ($0.02/$0.05) - 2023/03/14 20:45:28
Table 'NLHBlue134' 6-max Seat #5 is the button
Seat 1: a2b6cac8 ($5.21 in chips)
Seat 2: Hero ($7.75 in chips)
Seat 3: a0941854 ($2.87 in chips)
Seat 4: 3a9a4968 ($5 in chips)
Seat 5: dca41ad8 ($5.3 in chips)
Seat 6: 8313ec96 ($6.44 in chips)
8313ec96: posts small blind $0.02
a2b6cac8: posts big blind $0.05
*** HOLE CARDS ***
Dealt to a2b6cac8 
Dealt to Hero [8s Jh]
Dealt to a0941854 
Dealt to 3a9a4968 
Dealt to dca41ad8 
Dealt to 8313ec96 
Hero: folds
a0941854: folds
3a9a4968: folds
dca41ad8: raises $0.05 to $0.1
8313ec96: folds
a2b6cac8: folds
Uncalled bet ($0.05) returned to dca41ad8
*** SHOWDOWN ***
dca41ad8 collected $0.12 from pot
*** SUMMARY ***
Total pot $0.12 | Rake $0 | Jackpot $0 | Bingo $0 | Fortune $0
Seat 1: a2b6cac8 (big blind) folded before Flop
Seat 2: Hero folded before Flop (didn't bet)
Seat 3: a0941854 folded before Flop (didn't bet)
Seat 4: 3a9a4968 folded before Flop (didn't bet)
Seat 5: dca41ad8 (button) collected ($0.12)
Seat 6: 8313ec96 (small blind) folded before Flop


Poker Hand #HD1160300559: Hold'em No Limit  ($0.02/$0.05) - 2023/03/14 20:44:33
Table 'NLHBlue134' 6-max Seat #4 is the button
Seat 1: a2b6cac8 ($5.21 in chips)
Seat 2: Hero ($7.75 in chips)
Seat 3: a0941854 ($4.5 in chips)
Seat 4: 3a9a4968 ($5 in chips)
Seat 5: dca41ad8 ($5.32 in chips)
Seat 6: 8313ec96 ($5 in chips)
dca41ad8: posts small blind $0.02
8313ec96: posts big blind $0.05
*** HOLE CARDS ***
Dealt to a2b6cac8 
Dealt to Hero [Jc 2s]
Dealt to a0941854 
Dealt to 3a9a4968 
Dealt to dca41ad8 
Dealt to 8313ec96 
a2b6cac8: folds
Hero: folds
a0941854: raises $0.08 to $0.13
3a9a4968: folds
dca41ad8: folds
8313ec96: calls $0.08
*** FLOP *** [5d 7h Kc]
8313ec96: checks
a0941854: bets $0.19
8313ec96: calls $0.19
*** TURN *** [5d 7h Kc] [9c]
8313ec96: checks
a0941854: bets $0.33
8313ec96: calls $0.33
*** RIVER *** [5d 7h Kc 9c] [5s]
8313ec96: checks
a0941854: bets $0.98
8313ec96: calls $0.98
a0941854: shows [6s 6c] (Pair of Sixes and Pair of Fives)
8313ec96: shows [Kh Qd] (Pair of Kings and Pair of Fives)
*** SHOWDOWN ***
8313ec96 collected $3.07 from pot
*** SUMMARY ***
Total pot $3.28 | Rake $0.16 | Jackpot $0.05 | Bingo $0 | Fortune $0
Board [5d 7h Kc 9c 5s]
Seat 1: a2b6cac8 folded before Flop (didn't bet)
Seat 2: Hero folded before Flop (didn't bet)
Seat 3: a0941854 showed [6s 6c] and lost with Pair of Sixes and Pair of Fives
Seat 4: 3a9a4968 (button) folded before Flop (didn't bet)
Seat 5: dca41ad8 (small blind) folded before Flop
Seat 6: 8313ec96 (big blind) showed [Kh Qd] and won ($3.07) with Pair of Kings and Pair of Fives


Poker Hand #HD1160300414: Hold'em No Limit  ($0.02/$0.05) - 2023/03/14 20:43:35
Table 'NLHBlue134' 6-max Seat #3 is the button
Seat 1: a2b6cac8 ($5.21 in chips)
Seat 2: Hero ($5 in chips)
Seat 3: a0941854 ($7.53 in chips)
Seat 4: 3a9a4968 ($5 in chips)
Seat 5: dca41ad8 ($5.37 in chips)
3a9a4968: posts small blind $0.02
dca41ad8: posts big blind $0.05
*** HOLE CARDS ***
Dealt to a2b6cac8 
Dealt to Hero [Qc Tc]
Dealt to a0941854 
Dealt to 3a9a4968 
Dealt to dca41ad8 
a2b6cac8: folds
Hero: raises $0.07 to $0.12
a0941854: raises $0.27 to $0.39
3a9a4968: folds
dca41ad8: folds
Hero: calls $0.27
*** FLOP *** [8c Js Ks]
Hero: checks
a0941854: bets $0.34
Hero: calls $0.34
*** TURN *** [8c Js Ks] [9h]
Hero: checks
a0941854: checks
*** RIVER *** [8c Js Ks 9h] [Kh]
Hero: bets $2.3
a0941854: calls $2.3
Hero: shows [Qc Tc] (Kings-High Straight)
a0941854: shows [Jh As] (Pair of Kings and Pair of Jacks)
*** SHOWDOWN ***
Hero collected $5.78 from pot
*** SUMMARY ***
Total pot $6.13 | Rake $0.3 | Jackpot $0.05 | Bingo $0 | Fortune $0
Board [8c Js Ks 9h Kh]
Seat 1: a2b6cac8 folded before Flop (didn't bet)
Seat 2: Hero showed [Qc Tc] and won ($5.78) with Kings-High Straight
Seat 3: a0941854 (button) showed [Jh As] and lost with Pair of Kings and Pair of Jacks
Seat 4: 3a9a4968 (small blind) folded before Flop
Seat 5: dca41ad8 (big blind) folded before Flop


Poker Hand #HD1160300336: Hold'em No Limit  ($0.02/$0.05) - 2023/03/14 20:43:08
Table 'NLHBlue134' 6-max Seat #2 is the button
Seat 1: a2b6cac8 ($5.05 in chips)
Seat 2: Hero ($5 in chips)
Seat 3: a0941854 ($7.55 in chips)
Seat 4: 3a9a4968 ($5 in chips)
Seat 5: dca41ad8 ($5.47 in chips)
a0941854: posts small blind $0.02
3a9a4968: posts big blind $0.05
*** HOLE CARDS ***
Dealt to a2b6cac8 
Dealt to Hero [2s 7s]
Dealt to a0941854 
Dealt to 3a9a4968 
Dealt to dca41ad8 
dca41ad8: raises $0.05 to $0.1
a2b6cac8: calls $0.1
Hero: folds
a0941854: folds
3a9a4968: folds
*** FLOP *** [6s Qh Qd]
dca41ad8: checks
a2b6cac8: bets $0.14
dca41ad8: folds
Uncalled bet ($0.14) returned to a2b6cac8
*** SHOWDOWN ***
a2b6cac8 collected $0.26 from pot
*** SUMMARY ***
Total pot $0.27 | Rake $0.01 | Jackpot $0 | Bingo $0 | Fortune $0
Board [6s Qh Qd]
Seat 1: a2b6cac8 won ($0.26)
Seat 2: Hero (button) folded before Flop (didn't bet)
Seat 3: a0941854 (small blind) folded before Flop
Seat 4: 3a9a4968 (big blind) folded before Flop
Seat 5: dca41ad8 folded on the Flop


Poker Hand #HD1160300291: Hold'em No Limit  ($0.02/$0.05) - 2023/03/14 20:42:52
Table 'NLHBlue134' 6-max Seat #1 is the button
Seat 1: a2b6cac8 ($5.05 in chips)
Seat 2: Hero ($5 in chips)
Seat 3: a0941854 ($7.6 in chips)
Seat 4: 3a9a4968 ($5 in chips)
Seat 5: dca41ad8 ($5.4 in chips)
Hero: posts small blind $0.02
a0941854: posts big blind $0.05
*** HOLE CARDS ***
Dealt to a2b6cac8 
Dealt to Hero [7h 2c]
Dealt to a0941854 
Dealt to 3a9a4968 
Dealt to dca41ad8 
3a9a4968: folds
dca41ad8: raises $0.05 to $0.1
a2b6cac8: folds
Hero: folds
a0941854: folds
Uncalled bet ($0.05) returned to dca41ad8
*** SHOWDOWN ***
dca41ad8 collected $0.12 from pot
*** SUMMARY ***
Total pot $0.12 | Rake $0 | Jackpot $0 | Bingo $0 | Fortune $0
Seat 1: a2b6cac8 (button) folded before Flop (didn't bet)
Seat 2: Hero (small blind) folded before Flop
Seat 3: a0941854 (big blind) folded before Flop
Seat 4: 3a9a4968 folded before Flop (didn't bet)
Seat 5: dca41ad8 collected ($0.12)


Poker Hand #HD1160300257: Hold'em No Limit  ($0.02/$0.05) - 2023/03/14 20:42:36
Table 'NLHBlue134' 6-max Seat #5 is the button
Seat 1: a2b6cac8 ($5 in chips)
Seat 2: Hero ($5 in chips)
Seat 3: a0941854 ($7.6 in chips)
Seat 4: 3a9a4968 ($5 in chips)
Seat 5: dca41ad8 ($5.4 in chips)
a2b6cac8: posts small blind $0.02
Hero: posts big blind $0.05
*** HOLE CARDS ***
Dealt to a2b6cac8 
Dealt to Hero [9d 4h]
Dealt to a0941854 
Dealt to 3a9a4968 
Dealt to dca41ad8 
a0941854: folds
3a9a4968: folds
dca41ad8: folds
a2b6cac8: raises $0.08 to $0.13
Hero: folds
Uncalled bet ($0.08) returned to a2b6cac8
*** SHOWDOWN ***
a2b6cac8 collected $0.1 from pot
*** SUMMARY ***
Total pot $0.1 | Rake $0 | Jackpot $0 | Bingo $0 | Fortune $0
Seat 1: a2b6cac8 (small blind) collected ($0.1)
Seat 2: Hero (big blind) folded before Flop
Seat 3: a0941854 folded before Flop (didn't bet)
Seat 4: 3a9a4968 folded before Flop (didn't bet)
Seat 5: dca41ad8 (button) folded before Flop (didn't bet)


Poker Hand #HD1160300212: Hold'em No Limit  ($0.02/$0.05) - 2023/03/14 20:42:23
Table 'NLHBlue134' 6-max Seat #4 is the button
Seat 1: a2b6cac8 ($5.03 in chips)
Seat 2: Hero ($5 in chips)
Seat 3: a0941854 ($7.6 in chips)
Seat 4: 3a9a4968 ($5 in chips)
Seat 5: dca41ad8 ($5.35 in chips)
dca41ad8: posts small blind $0.02
a2b6cac8: posts big blind $0.05
*** HOLE CARDS ***
Dealt to a2b6cac8 
Dealt to Hero [Td 6h]
Dealt to a0941854 
Dealt to 3a9a4968 
Dealt to dca41ad8 
Hero: folds
a0941854: folds
3a9a4968: folds
dca41ad8: raises $0.1 to $0.15
a2b6cac8: folds
Uncalled bet ($0.1) returned to dca41ad8
*** SHOWDOWN ***
dca41ad8 collected $0.1 from pot
*** SUMMARY ***
Total pot $0.1 | Rake $0 | Jackpot $0 | Bingo $0 | Fortune $0
Seat 1: a2b6cac8 (big blind) folded before Flop
Seat 2: Hero folded before Flop (didn't bet)
Seat 3: a0941854 folded before Flop (didn't bet)
Seat 4: 3a9a4968 (button) folded before Flop (didn't bet)
Seat 5: dca41ad8 (small blind) collected ($0.1)


Poker Hand #HD1160300125: Hold'em No Limit  ($0.02/$0.05) - 2023/03/14 20:41:49
Table 'NLHBlue134' 6-max Seat #3 is the button
Seat 1: a2b6cac8 ($5.03 in chips)
Seat 2: Hero ($5 in chips)
Seat 3: a0941854 ($7.6 in chips)
Seat 4: 3a9a4968 ($5 in chips)
Seat 5: dca41ad8 ($5.22 in chips)
Seat 6: 98bf8334 ($1.61 in chips)
3a9a4968: posts small blind $0.02
dca41ad8: posts big blind $0.05
*** HOLE CARDS ***
Dealt to a2b6cac8 
Dealt to Hero [Ts 9s]
Dealt to a0941854 
Dealt to 3a9a4968 
Dealt to dca41ad8 
Dealt to 98bf8334 
98bf8334: folds
a2b6cac8: folds
Hero: raises $0.07 to $0.12
a0941854: folds
3a9a4968: folds
dca41ad8: raises $0.28 to $0.4
Hero: folds
Uncalled bet ($0.28) returned to dca41ad8
*** SHOWDOWN ***
dca41ad8 collected $0.25 from pot
*** SUMMARY ***
Total pot $0.26 | Rake $0.01 | Jackpot $0 | Bingo $0 | Fortune $0
Seat 1: a2b6cac8 folded before Flop (didn't bet)
Seat 2: Hero folded before Flop
Seat 3: a0941854 (button) folded before Flop (didn't bet)
Seat 4: 3a9a4968 (small blind) folded before Flop
Seat 5: dca41ad8 (big blind) collected ($0.25)
Seat 6: 98bf8334 folded before Flop (didn't bet)


Poker Hand #HD1160300066: Hold'em No Limit  ($0.02/$0.05) - 2023/03/14 20:41:26
Table 'NLHBlue134' 6-max Seat #2 is the button
Seat 1: a2b6cac8 ($5.03 in chips)
Seat 2: Hero ($5 in chips)
Seat 3: a0941854 ($7.62 in chips)
Seat 4: 3a9a4968 ($5 in chips)
Seat 5: dca41ad8 ($5.22 in chips)
Seat 6: 98bf8334 ($1.54 in chips)
a0941854: posts small blind $0.02
3a9a4968: posts big blind $0.05
*** HOLE CARDS ***
Dealt to a2b6cac8 
Dealt to Hero [Js 5c]
Dealt to a0941854 
Dealt to 3a9a4968 
Dealt to dca41ad8 
Dealt to 98bf8334 
dca41ad8: folds
98bf8334: raises $0.1 to $0.15
a2b6cac8: folds
Hero: folds
a0941854: folds
3a9a4968: folds
Uncalled bet ($0.1) returned to 98bf8334
*** SHOWDOWN ***
98bf8334 collected $0.12 from pot
*** SUMMARY ***
Total pot $0.12 | Rake $0 | Jackpot $0 | Bingo $0 | Fortune $0
Seat 1: a2b6cac8 folded before Flop (didn't bet)
Seat 2: Hero (button) folded before Flop (didn't bet)
Seat 3: a0941854 (small blind) folded before Flop
Seat 4: 3a9a4968 (big blind) folded before Flop
Seat 5: dca41ad8 folded before Flop (didn't bet)
Seat 6: 98bf8334 collected ($0.12)


Poker Hand #HD1160299940: Hold'em No Limit  ($0.02/$0.05) - 2023/03/14 20:40:35
Table 'NLHBlue134' 6-max Seat #1 is the button
Seat 1: a2b6cac8 ($5.03 in chips)
Seat 2: Hero ($5 in chips)
Seat 3: a0941854 ($7.74 in chips)
Seat 4: 3a9a4968 ($5.07 in chips)
Seat 5: dca41ad8 ($5.22 in chips)
Seat 6: 98bf8334 ($1.29 in chips)
Hero: posts small blind $0.02
a0941854: posts big blind $0.05
*** HOLE CARDS ***
Dealt to a2b6cac8 
Dealt to Hero [3d 2s]
Dealt to a0941854 
Dealt to 3a9a4968 
Dealt to dca41ad8 
Dealt to 98bf8334 
3a9a4968: raises $0.07 to $0.12
dca41ad8: folds
98bf8334: calls $0.12
a2b6cac8: folds
Hero: folds
a0941854: calls $0.07
*** FLOP *** [6h 5s 8s]
a0941854: checks
3a9a4968: checks
98bf8334: checks
*** TURN *** [6h 5s 8s] [Ts]
a0941854: checks
3a9a4968: checks
98bf8334: bets $0.29
a0941854: folds
3a9a4968: folds
Uncalled bet ($0.29) returned to 98bf8334
*** SHOWDOWN ***
98bf8334 collected $0.37 from pot
*** SUMMARY ***
Total pot $0.38 | Rake $0.01 | Jackpot $0 | Bingo $0 | Fortune $0
Board [6h 5s 8s Ts]
Seat 1: a2b6cac8 (button) folded before Flop (didn't bet)
Seat 2: Hero (small blind) folded before Flop
Seat 3: a0941854 (big blind) folded on the Turn
Seat 4: 3a9a4968 folded on the Turn
Seat 5: dca41ad8 folded before Flop (didn't bet)
Seat 6: 98bf8334 won ($0.37)


Poker Hand #HD1160299808: Hold'em No Limit  ($0.02/$0.05) - 2023/03/14 20:39:43
Table 'NLHBlue134' 6-max Seat #6 is the button
Seat 1: a2b6cac8 ($5.05 in chips)
Seat 2: Hero ($5 in chips)
Seat 3: a0941854 ($7.74 in chips)
Seat 4: 3a9a4968 ($5.07 in chips)
Seat 5: dca41ad8 ($5.03 in chips)
Seat 6: 98bf8334 ($1.29 in chips)
a2b6cac8: posts small blind $0.02
Hero: posts big blind $0.05
*** HOLE CARDS ***
Dealt to a2b6cac8 
Dealt to Hero [Ac Th]
Dealt to a0941854 
Dealt to 3a9a4968 
Dealt to dca41ad8 
Dealt to 98bf8334 
a0941854: folds
3a9a4968: folds
dca41ad8: raises $0.05 to $0.1
98bf8334: folds
a2b6cac8: folds
Hero: calls $0.05
*** FLOP *** [Jh 9c Kd]
Hero: checks
dca41ad8: bets $0.08
Hero: calls $0.08
*** TURN *** [Jh 9c Kd] [6d]
Hero: checks
dca41ad8: bets $0.25
Hero: folds
Uncalled bet ($0.25) returned to dca41ad8
*** SHOWDOWN ***
dca41ad8 collected $0.37 from pot
*** SUMMARY ***
Total pot $0.38 | Rake $0.01 | Jackpot $0 | Bingo $0 | Fortune $0
Board [Jh 9c Kd 6d]
Seat 1: a2b6cac8 (small blind) folded before Flop
Seat 2: Hero (big blind) folded on the Turn
Seat 3: a0941854 folded before Flop (didn't bet)
Seat 4: 3a9a4968 folded before Flop (didn't bet)
Seat 5: dca41ad8 won ($0.37)
Seat 6: 98bf8334 (button) folded before Flop (didn't bet)


Poker Hand #HD1160299775: Hold'em No Limit  ($0.02/$0.05) - 2023/03/14 20:39:31
Table 'NLHBlue134' 6-max Seat #5 is the button
Seat 1: a2b6cac8 ($5 in chips)
Seat 2: Hero ($5 in chips)
Seat 3: a0941854 ($7.67 in chips)
Seat 4: 3a9a4968 ($5.07 in chips)
Seat 5: dca41ad8 ($5.03 in chips)
Seat 6: 98bf8334 ($1.31 in chips)
98bf8334: posts small blind $0.02
a2b6cac8: posts big blind $0.05
*** HOLE CARDS ***
Dealt to a2b6cac8 
Dealt to Hero [Js 7s]
Dealt to a0941854 
Dealt to 3a9a4968 
Dealt to dca41ad8 
Dealt to 98bf8334 
Hero: folds
a0941854: raises $0.08 to $0.13
3a9a4968: folds
dca41ad8: folds
98bf8334: folds
a2b6cac8: folds
Uncalled bet ($0.08) returned to a0941854
*** SHOWDOWN ***
a0941854 collected $0.12 from pot
*** SUMMARY ***
Total pot $0.12 | Rake $0 | Jackpot $0 | Bingo $0 | Fortune $0
Seat 1: a2b6cac8 (big blind) folded before Flop
Seat 2: Hero folded before Flop (didn't bet)
Seat 3: a0941854 collected ($0.12)
Seat 4: 3a9a4968 folded before Flop (didn't bet)
Seat 5: dca41ad8 (button) folded before Flop (didn't bet)
Seat 6: 98bf8334 (small blind) folded before Flop


Poker Hand #HD1160299732: Hold'em No Limit  ($0.02/$0.05) - 2023/03/14 20:39:15
Table 'NLHBlue134' 6-max Seat #4 is the button
Seat 1: a2b6cac8 ($5 in chips)
Seat 2: Hero ($5 in chips)
Seat 3: a0941854 ($7.67 in chips)
Seat 4: 3a9a4968 ($5 in chips)
Seat 5: dca41ad8 ($5.05 in chips)
Seat 6: 98bf8334 ($1.36 in chips)
dca41ad8: posts small blind $0.02
98bf8334: posts big blind $0.05
*** HOLE CARDS ***
Dealt to a2b6cac8 
Dealt to Hero [Qd 4c]
Dealt to a0941854 
Dealt to 3a9a4968 
Dealt to dca41ad8 
Dealt to 98bf8334 
a2b6cac8: folds
Hero: folds
a0941854: folds
3a9a4968: raises $0.07 to $0.12
dca41ad8: folds
98bf8334: folds
Uncalled bet ($0.07) returned to 3a9a4968
*** SHOWDOWN ***
3a9a4968 collected $0.12 from pot
*** SUMMARY ***
Total pot $0.12 | Rake $0 | Jackpot $0 | Bingo $0 | Fortune $0
Seat 1: a2b6cac8 folded before Flop (didn't bet)
Seat 2: Hero folded before Flop (didn't bet)
Seat 3: a0941854 folded before Flop (didn't bet)
Seat 4: 3a9a4968 (button) collected ($0.12)
Seat 5: dca41ad8 (small blind) folded before Flop
Seat 6: 98bf8334 (big blind) folded before Flop


Poker Hand #HD1160299682: Hold'em No Limit  ($0.02/$0.05) - 2023/03/14 20:38:53
Table 'NLHBlue134' 6-max Seat #3 is the button
Seat 1: a2b6cac8 ($5 in chips)
Seat 2: Hero ($5 in chips)
Seat 3: a0941854 ($7.6 in chips)
Seat 4: 3a9a4968 ($5 in chips)
Seat 5: dca41ad8 ($5 in chips)
Seat 6: 98bf8334 ($1.36 in chips)
3a9a4968: posts small blind $0.02
dca41ad8: posts big blind $0.05
*** HOLE CARDS ***
Dealt to a2b6cac8 
Dealt to Hero [5h 7s]
Dealt to a0941854 
Dealt to 3a9a4968 
Dealt to dca41ad8 
Dealt to 98bf8334 
98bf8334: folds
a2b6cac8: folds
Hero: folds
a0941854: raises $0.08 to $0.13
3a9a4968: folds
dca41ad8: folds
Uncalled bet ($0.08) returned to a0941854
*** SHOWDOWN ***
a0941854 collected $0.12 from pot
*** SUMMARY ***
Total pot $0.12 | Rake $0 | Jackpot $0 | Bingo $0 | Fortune $0
Seat 1: a2b6cac8 folded before Flop (didn't bet)
Seat 2: Hero folded before Flop (didn't bet)
Seat 3: a0941854 (button) collected ($0.12)
Seat 4: 3a9a4968 (small blind) folded before Flop
Seat 5: dca41ad8 (big blind) folded before Flop
Seat 6: 98bf8334 folded before Flop (didn't bet)


Poker Hand #HD1160299554: Hold'em No Limit  ($0.02/$0.05) - 2023/03/14 20:38:00
Table 'NLHBlue134' 6-max Seat #2 is the button
Seat 1: a2b6cac8 ($5 in chips)
Seat 2: Hero ($5 in chips)
Seat 3: a0941854 ($7 in chips)
Seat 4: 3a9a4968 ($5.27 in chips)
Seat 5: dca41ad8 ($5 in chips)
Seat 6: 98bf8334 ($1.41 in chips)
a0941854: posts small blind $0.02
3a9a4968: posts big blind $0.05
*** HOLE CARDS ***
Dealt to a2b6cac8 
Dealt to Hero [9c 7d]
Dealt to a0941854 
Dealt to 3a9a4968 
Dealt to dca41ad8 
Dealt to 98bf8334 
dca41ad8: folds
98bf8334: calls $0.05
a2b6cac8: folds
Hero: folds
a0941854: raises $0.15 to $0.2
3a9a4968: raises $0.41 to $0.61
98bf8334: folds
a0941854: calls $0.41
*** FLOP *** [2s 5d 5c]
a0941854: checks
3a9a4968: checks
*** TURN *** [2s 5d 5c] [9s]
a0941854: bets $0.47
3a9a4968: folds
Uncalled bet ($0.47) returned to a0941854
*** SHOWDOWN ***
a0941854 collected $1.21 from pot
*** SUMMARY ***
Total pot $1.27 | Rake $0.06 | Jackpot $0 | Bingo $0 | Fortune $0
Board [2s 5d 5c 9s]
Seat 1: a2b6cac8 folded before Flop (didn't bet)
Seat 2: Hero (button) folded before Flop (didn't bet)
Seat 3: a0941854 (small blind) won ($1.21)
Seat 4: 3a9a4968 (big blind) folded on the Turn
Seat 5: dca41ad8 folded before Flop (didn't bet)
Seat 6: 98bf8334 folded before Flop


Poker Hand #HD1160299435: Hold'em No Limit  ($0.02/$0.05) - 2023/03/14 20:37:15
Table 'NLHBlue134' 6-max Seat #1 is the button
Seat 1: a2b6cac8 ($5 in chips)
Seat 2: Hero ($5 in chips)
Seat 3: a0941854 ($6.83 in chips)
Seat 4: 3a9a4968 ($5.27 in chips)
Seat 5: dca41ad8 ($5 in chips)
Seat 6: 98bf8334 ($1.57 in chips)
Hero: posts small blind $0.02
a0941854: posts big blind $0.05
*** HOLE CARDS ***
Dealt to a2b6cac8 
Dealt to Hero [5d Kd]
Dealt to a0941854 
Dealt to 3a9a4968 
Dealt to dca41ad8 
Dealt to 98bf8334 
3a9a4968: folds
dca41ad8: folds
98bf8334: calls $0.05
a2b6cac8: folds
Hero: folds
a0941854: checks
*** FLOP *** [Ac 4s Jh]
a0941854: checks
98bf8334: checks
*** TURN *** [Ac 4s Jh] [3d]
a0941854: bets $0.11
98bf8334: calls $0.11
*** RIVER *** [Ac 4s Jh 3d] [9s]
a0941854: bets $0.33
98bf8334: folds
Uncalled bet ($0.33) returned to a0941854
*** SHOWDOWN ***
a0941854 collected $0.33 from pot
*** SUMMARY ***
Total pot $0.34 | Rake $0.01 | Jackpot $0 | Bingo $0 | Fortune $0
Board [Ac 4s Jh 3d 9s]
Seat 1: a2b6cac8 (button) folded before Flop (didn't bet)
Seat 2: Hero (small blind) folded before Flop
Seat 3: a0941854 (big blind) won ($0.33)
Seat 4: 3a9a4968 folded before Flop (didn't bet)
Seat 5: dca41ad8 folded before Flop (didn't bet)
Seat 6: 98bf8334 folded on the River


Poker Hand #HD1160299373: Hold'em No Limit  ($0.02/$0.05) - 2023/03/14 20:36:46
Table 'NLHBlue134' 6-max Seat #6 is the button
Seat 1: a2b6cac8 ($5 in chips)
Seat 2: Hero ($5 in chips)
Seat 3: a0941854 ($6.96 in chips)
Seat 4: 3a9a4968 ($5.08 in chips)
Seat 5: dca41ad8 ($5 in chips)
Seat 6: 98bf8334 ($1.57 in chips)
a2b6cac8: posts small blind $0.02
Hero: posts big blind $0.05
*** HOLE CARDS ***
Dealt to a2b6cac8 
Dealt to Hero [8s 8h]
Dealt to a0941854 
Dealt to 3a9a4968 
Dealt to dca41ad8 
Dealt to 98bf8334 
a0941854: raises $0.08 to $0.13
3a9a4968: raises $0.29 to $0.42
dca41ad8: folds
98bf8334: folds
a2b6cac8: folds
Hero: folds
a0941854: folds
Uncalled bet ($0.29) returned to 3a9a4968
*** SHOWDOWN ***
3a9a4968 collected $0.32 from pot
*** SUMMARY ***
Total pot $0.33 | Rake $0.01 | Jackpot $0 | Bingo $0 | Fortune $0
Seat 1: a2b6cac8 (small blind) folded before Flop
Seat 2: Hero (big blind) folded before Flop
Seat 3: a0941854 folded before Flop
Seat 4: 3a9a4968 collected ($0.32)
Seat 5: dca41ad8 folded before Flop (didn't bet)
Seat 6: 98bf8334 (button) folded before Flop (didn't bet)


