Poker Hand #HD1178324835: Hold'em No Limit  ($0.02/$0.05) - 2023/03/27 18:19:32
Table 'NLHBlue87' 6-max Seat #2 is the button
Seat 1: d5f877da ($6.51 in chips)
Seat 2: db4ed83 ($5 in chips)
Seat 3: 74eac4c ($9.99 in chips)
Seat 4: 192ef772 ($5.07 in chips)
Seat 5: Hero ($5.46 in chips)
74eac4c: posts small blind $0.02
192ef772: posts big blind $0.05
*** HOLE CARDS ***
Dealt to d5f877da 
Dealt to db4ed83 
Dealt to 74eac4c 
Dealt to 192ef772 
Dealt to Hero [8d 5d]
Hero: folds
d5f877da: folds
db4ed83: raises $0.08 to $0.13
74eac4c: folds
192ef772: calls $0.08
*** FLOP *** [3c Ts 4d]
192ef772: checks
db4ed83: checks
*** TURN *** [3c Ts 4d] [9c]
192ef772: checks
db4ed83: checks
*** RIVER *** [3c Ts 4d 9c] [2c]
192ef772: checks
db4ed83: checks
192ef772: shows [7s Ad] (Ace-High)
db4ed83: shows [2d Kd] (Pair of Twos)
*** SHOWDOWN ***
db4ed83 collected $0.27 from pot
*** SUMMARY ***
Total pot $0.28 | Rake $0.01 | Jackpot $0 | Bingo $0 | Fortune $0
Board [3c Ts 4d 9c 2c]
Seat 1: d5f877da folded before Flop (didn't bet)
Seat 2: db4ed83 (button) showed [2d Kd] and won ($0.27) with Pair of Twos
Seat 3: 74eac4c (small blind) folded before Flop
Seat 4: 192ef772 (big blind) showed [7s Ad] and lost with Ace-High
Seat 5: Hero folded before Flop (didn't bet)


Poker Hand #HD1178324624: Hold'em No Limit  ($0.02/$0.05) - 2023/03/27 18:18:03
Table 'NLHBlue87' 6-max Seat #1 is the button
Seat 1: d5f877da ($6.51 in chips)
Seat 2: db4ed83 ($5.96 in chips)
Seat 3: 74eac4c ($8.3 in chips)
Seat 4: 192ef772 ($5.07 in chips)
Seat 5: Hero ($5.46 in chips)
db4ed83: posts small blind $0.02
74eac4c: posts big blind $0.05
*** HOLE CARDS ***
Dealt to d5f877da 
Dealt to db4ed83 
Dealt to 74eac4c 
Dealt to 192ef772 
Dealt to Hero [5d 2s]
192ef772: folds
Hero: folds
d5f877da: folds
db4ed83: raises $0.1 to $0.15
74eac4c: calls $0.1
*** FLOP *** [Jd 3h 3s]
db4ed83: bets $0.08
74eac4c: calls $0.08
*** TURN *** [Jd 3h 3s] [9h]
db4ed83: bets $0.35
74eac4c: calls $0.35
*** RIVER *** [Jd 3h 3s 9h] [9c]
db4ed83: checks
74eac4c: bets $1.35
db4ed83: calls $1.35
74eac4c: shows [Qd 9d] (Nines Full over Treys)
db4ed83: shows [Ac 3c] (Treys Full over Nines)
*** SHOWDOWN ***
74eac4c collected $3.62 from pot
*** SUMMARY ***
Total pot $3.86 | Rake $0.19 | Jackpot $0.05 | Bingo $0 | Fortune $0
Board [Jd 3h 3s 9h 9c]
Seat 1: d5f877da (button) folded before Flop (didn't bet)
Seat 2: db4ed83 (small blind) showed [Ac 3c] and lost with Treys Full over Nines
Seat 3: 74eac4c (big blind) showed [Qd 9d] and won ($3.62) with Nines Full over Treys
Seat 4: 192ef772 folded before Flop (didn't bet)
Seat 5: Hero folded before Flop (didn't bet)


Poker Hand #HD1178324554: Hold'em No Limit  ($0.02/$0.05) - 2023/03/27 18:17:28
Table 'NLHBlue87' 6-max Seat #5 is the button
Seat 1: d5f877da ($6.53 in chips)
Seat 2: db4ed83 ($6.01 in chips)
Seat 3: 74eac4c ($8.3 in chips)
Seat 4: 192ef772 ($5 in chips)
Seat 5: Hero ($5.46 in chips)
d5f877da: posts small blind $0.02
db4ed83: posts big blind $0.05
*** HOLE CARDS ***
Dealt to d5f877da 
Dealt to db4ed83 
Dealt to 74eac4c 
Dealt to 192ef772 
Dealt to Hero [8h Kh]
74eac4c: folds
192ef772: raises $0.1 to $0.15
Hero: folds
d5f877da: folds
db4ed83: folds
Uncalled bet ($0.1) returned to 192ef772
*** SHOWDOWN ***
192ef772 collected $0.12 from pot
*** SUMMARY ***
Total pot $0.12 | Rake $0 | Jackpot $0 | Bingo $0 | Fortune $0
Seat 1: d5f877da (small blind) folded before Flop
Seat 2: db4ed83 (big blind) folded before Flop
Seat 3: 74eac4c folded before Flop (didn't bet)
Seat 4: 192ef772 collected ($0.12)
Seat 5: Hero (button) folded before Flop (didn't bet)


Poker Hand #HD1178324470: Hold'em No Limit  ($0.02/$0.05) - 2023/03/27 18:16:56
Table 'NLHBlue87' 6-max Seat #4 is the button
Seat 1: d5f877da ($6.58 in chips)
Seat 2: db4ed83 ($6.11 in chips)
Seat 3: 74eac4c ($8.14 in chips)
Seat 4: 192ef772 ($5 in chips)
Seat 5: Hero ($5.48 in chips)
Hero: posts small blind $0.02
d5f877da: posts big blind $0.05
*** HOLE CARDS ***
Dealt to d5f877da 
Dealt to db4ed83 
Dealt to 74eac4c 
Dealt to 192ef772 
Dealt to Hero [7c 8s]
db4ed83: raises $0.05 to $0.1
74eac4c: raises $0.2 to $0.3
192ef772: folds
Hero: folds
d5f877da: folds
db4ed83: folds
Uncalled bet ($0.2) returned to 74eac4c
*** SHOWDOWN ***
74eac4c collected $0.26 from pot
*** SUMMARY ***
Total pot $0.27 | Rake $0.01 | Jackpot $0 | Bingo $0 | Fortune $0
Seat 1: d5f877da (big blind) folded before Flop
Seat 2: db4ed83 folded before Flop
Seat 3: 74eac4c collected ($0.26)
Seat 4: 192ef772 (button) folded before Flop (didn't bet)
Seat 5: Hero (small blind) folded before Flop


Poker Hand #HD1178324378: Hold'em No Limit  ($0.02/$0.05) - 2023/03/27 18:16:20
Table 'NLHBlue87' 6-max Seat #3 is the button
Seat 1: d5f877da ($6.42 in chips)
Seat 2: db4ed83 ($6.11 in chips)
Seat 3: 74eac4c ($8.14 in chips)
Seat 4: 192ef772 ($5 in chips)
Seat 5: Hero ($5.63 in chips)
192ef772: posts small blind $0.02
Hero: posts big blind $0.05
*** HOLE CARDS ***
Dealt to d5f877da 
Dealt to db4ed83 
Dealt to 74eac4c 
Dealt to 192ef772 
Dealt to Hero [Ts Kc]
d5f877da: raises $0.1 to $0.15
db4ed83: folds
74eac4c: folds
192ef772: folds
Hero: calls $0.1
*** FLOP *** [4d 3d Qs]
Hero: checks
d5f877da: bets $0.24
Hero: folds
Uncalled bet ($0.24) returned to d5f877da
*** SHOWDOWN ***
d5f877da collected $0.31 from pot
*** SUMMARY ***
Total pot $0.32 | Rake $0.01 | Jackpot $0 | Bingo $0 | Fortune $0
Board [4d 3d Qs]
Seat 1: d5f877da won ($0.31)
Seat 2: db4ed83 folded before Flop (didn't bet)
Seat 3: 74eac4c (button) folded before Flop (didn't bet)
Seat 4: 192ef772 (small blind) folded before Flop
Seat 5: Hero (big blind) folded on the Flop


Poker Hand #HD1178324172: Hold'em No Limit  ($0.02/$0.05) - 2023/03/27 18:15:05
Table 'NLHBlue87' 6-max Seat #2 is the button
Seat 1: d5f877da ($6.42 in chips)
Seat 2: db4ed83 ($6.24 in chips)
Seat 3: 74eac4c ($7.15 in chips)
Seat 4: 192ef772 ($5 in chips)
Seat 5: Hero ($5.63 in chips)
74eac4c: posts small blind $0.02
192ef772: posts big blind $0.05
*** HOLE CARDS ***
Dealt to d5f877da 
Dealt to db4ed83 
Dealt to 74eac4c 
Dealt to 192ef772 
Dealt to Hero [6d 8d]
Hero: folds
d5f877da: folds
db4ed83: raises $0.08 to $0.13
74eac4c: raises $0.48 to $0.61
192ef772: calls $0.56
db4ed83: folds
*** FLOP *** [6c 2s Ah]
74eac4c: bets $0.4
192ef772: calls $0.4
*** TURN *** [6c 2s Ah] [3d]
74eac4c: bets $0.71
192ef772: folds
Uncalled bet ($0.71) returned to 74eac4c
*** SHOWDOWN ***
74eac4c collected $2 from pot
*** SUMMARY ***
Total pot $2.15 | Rake $0.1 | Jackpot $0.05 | Bingo $0 | Fortune $0
Board [6c 2s Ah 3d]
Seat 1: d5f877da folded before Flop (didn't bet)
Seat 2: db4ed83 (button) folded before Flop
Seat 3: 74eac4c (small blind) won ($2)
Seat 4: 192ef772 (big blind) folded on the Turn
Seat 5: Hero folded before Flop (didn't bet)


Poker Hand #HD1178324096: Hold'em No Limit  ($0.02/$0.05) - 2023/03/27 18:14:40
Table 'NLHBlue87' 6-max Seat #1 is the button
Seat 1: d5f877da ($6.42 in chips)
Seat 2: db4ed83 ($6.19 in chips)
Seat 3: 74eac4c ($7.2 in chips)
Seat 4: 192ef772 ($5 in chips)
Seat 5: Hero ($5.63 in chips)
db4ed83: posts small blind $0.02
74eac4c: posts big blind $0.05
*** HOLE CARDS ***
Dealt to d5f877da 
Dealt to db4ed83 
Dealt to 74eac4c 
Dealt to 192ef772 
Dealt to Hero [7h 8c]
192ef772: folds
Hero: folds
d5f877da: folds
db4ed83: raises $0.1 to $0.15
74eac4c: folds
Uncalled bet ($0.1) returned to db4ed83
*** SHOWDOWN ***
db4ed83 collected $0.1 from pot
*** SUMMARY ***
Total pot $0.1 | Rake $0 | Jackpot $0 | Bingo $0 | Fortune $0
Seat 1: d5f877da (button) folded before Flop (didn't bet)
Seat 2: db4ed83 (small blind) collected ($0.1)
Seat 3: 74eac4c (big blind) folded before Flop
Seat 4: 192ef772 folded before Flop (didn't bet)
Seat 5: Hero folded before Flop (didn't bet)


Poker Hand #HD1178323764: Hold'em No Limit  ($0.02/$0.05) - 2023/03/27 18:12:24
Table 'NLHBlue87' 6-max Seat #5 is the button
Seat 1: d5f877da ($6.44 in chips)
Seat 2: db4ed83 ($6.2 in chips)
Seat 3: 74eac4c ($7.2 in chips)
Seat 4: 192ef772 ($5 in chips)
Seat 5: Hero ($5.64 in chips)
d5f877da: posts small blind $0.02
db4ed83: posts big blind $0.05
*** HOLE CARDS ***
Dealt to d5f877da 
Dealt to db4ed83 
Dealt to 74eac4c 
Dealt to 192ef772 
Dealt to Hero [9s Qh]
74eac4c: folds
192ef772: folds
Hero: raises $0.07 to $0.12
d5f877da: folds
db4ed83: calls $0.07
*** FLOP *** [9h 4c Ac]
db4ed83: checks
Hero: bets $0.08
db4ed83: calls $0.08
*** TURN *** [9h 4c Ac] [4h]
db4ed83: checks
Hero: bets $0.21
db4ed83: calls $0.21
*** RIVER *** [9h 4c Ac 4h] [2h]
db4ed83: checks
Hero: checks
db4ed83: shows [Qc 9c] (Pair of Nines and Pair of Fours)
Hero: shows [9s Qh] (Pair of Nines and Pair of Fours)
*** SHOWDOWN ***
db4ed83 collected $0.4 from pot
Hero collected $0.4 from pot
*** SUMMARY ***
Total pot $0.84 | Rake $0.04 | Jackpot $0 | Bingo $0 | Fortune $0
Board [9h 4c Ac 4h 2h]
Seat 1: d5f877da (small blind) folded before Flop
Seat 2: db4ed83 (big blind) showed [Qc 9c] and won ($0.4) with Pair of Nines and Pair of Fours
Seat 3: 74eac4c folded before Flop (didn't bet)
Seat 4: 192ef772 folded before Flop (didn't bet)
Seat 5: Hero (button) showed [9s Qh] and won ($0.4) with Pair of Nines and Pair of Fours


Poker Hand #HD1178323626: Hold'em No Limit  ($0.02/$0.05) - 2023/03/27 18:11:35
Table 'NLHBlue87' 6-max Seat #4 is the button
Seat 1: d5f877da ($5.75 in chips)
Seat 2: db4ed83 ($6.2 in chips)
Seat 3: 74eac4c ($7.2 in chips)
Seat 4: 192ef772 ($5 in chips)
Seat 5: Hero ($5.66 in chips)
Seat 6: 14afdcc2 ($0.79 in chips)
Hero: posts small blind $0.02
14afdcc2: posts big blind $0.05
*** HOLE CARDS ***
Dealt to d5f877da 
Dealt to db4ed83 
Dealt to 74eac4c 
Dealt to 192ef772 
Dealt to Hero [5h 2c]
Dealt to 14afdcc2 
d5f877da: raises $0.1 to $0.15
db4ed83: folds
74eac4c: folds
192ef772: folds
Hero: folds
14afdcc2: raises $0.64 to $0.79 and is all-in
d5f877da: calls $0.64
14afdcc2: shows [8h 8s]
d5f877da: shows [Qs Ah]
*** FLOP *** [7d 3c Ac]
*** TURN *** [7d 3c Ac] [Ad]
*** RIVER *** [7d 3c Ac Ad] [5s]
*** SHOWDOWN ***
d5f877da collected $1.48 from pot
*** SUMMARY ***
Total pot $1.6 | Rake $0.07 | Jackpot $0.05 | Bingo $0 | Fortune $0
Board [7d 3c Ac Ad 5s]
Seat 1: d5f877da showed [Qs Ah] and won ($1.48) with Three Aces
Seat 2: db4ed83 folded before Flop (didn't bet)
Seat 3: 74eac4c folded before Flop (didn't bet)
Seat 4: 192ef772 (button) folded before Flop (didn't bet)
Seat 5: Hero (small blind) folded before Flop
Seat 6: 14afdcc2 (big blind) showed [8h 8s] and lost with Pair of Aces and Pair of Eights


Poker Hand #HD1178323521: Hold'em No Limit  ($0.02/$0.05) - 2023/03/27 18:11:01
Table 'NLHBlue87' 6-max Seat #3 is the button
Seat 1: d5f877da ($5.9 in chips)
Seat 2: db4ed83 ($6.2 in chips)
Seat 3: 74eac4c ($6.99 in chips)
Seat 4: 192ef772 ($5 in chips)
Seat 5: Hero ($5.71 in chips)
Seat 6: 14afdcc2 ($0.79 in chips)
192ef772: posts small blind $0.02
Hero: posts big blind $0.05
*** HOLE CARDS ***
Dealt to d5f877da 
Dealt to db4ed83 
Dealt to 74eac4c 
Dealt to 192ef772 
Dealt to Hero [6h 4d]
Dealt to 14afdcc2 
14afdcc2: folds
d5f877da: raises $0.1 to $0.15
db4ed83: folds
74eac4c: raises $0.3 to $0.45
192ef772: folds
Hero: folds
d5f877da: folds
Uncalled bet ($0.3) returned to 74eac4c
*** SHOWDOWN ***
74eac4c collected $0.36 from pot
*** SUMMARY ***
Total pot $0.37 | Rake $0.01 | Jackpot $0 | Bingo $0 | Fortune $0
Seat 1: d5f877da folded before Flop
Seat 2: db4ed83 folded before Flop (didn't bet)
Seat 3: 74eac4c (button) collected ($0.36)
Seat 4: 192ef772 (small blind) folded before Flop
Seat 5: Hero (big blind) folded before Flop
Seat 6: 14afdcc2 folded before Flop (didn't bet)


Poker Hand #HD1178323473: Hold'em No Limit  ($0.02/$0.05) - 2023/03/27 18:10:44
Table 'NLHBlue87' 6-max Seat #2 is the button
Seat 1: d5f877da ($5.83 in chips)
Seat 2: db4ed83 ($6.2 in chips)
Seat 3: 74eac4c ($7.01 in chips)
Seat 4: 192ef772 ($5 in chips)
Seat 5: Hero ($5.71 in chips)
Seat 6: 14afdcc2 ($0.79 in chips)
74eac4c: posts small blind $0.02
192ef772: posts big blind $0.05
*** HOLE CARDS ***
Dealt to d5f877da 
Dealt to db4ed83 
Dealt to 74eac4c 
Dealt to 192ef772 
Dealt to Hero [6s Qc]
Dealt to 14afdcc2 
Hero: folds
14afdcc2: folds
d5f877da: raises $0.1 to $0.15
db4ed83: folds
74eac4c: folds
192ef772: folds
Uncalled bet ($0.1) returned to d5f877da
*** SHOWDOWN ***
d5f877da collected $0.12 from pot
*** SUMMARY ***
Total pot $0.12 | Rake $0 | Jackpot $0 | Bingo $0 | Fortune $0
Seat 1: d5f877da collected ($0.12)
Seat 2: db4ed83 (button) folded before Flop (didn't bet)
Seat 3: 74eac4c (small blind) folded before Flop
Seat 4: 192ef772 (big blind) folded before Flop
Seat 5: Hero folded before Flop (didn't bet)
Seat 6: 14afdcc2 folded before Flop (didn't bet)


Poker Hand #HD1178323387: Hold'em No Limit  ($0.02/$0.05) - 2023/03/27 18:10:11
Table 'NLHBlue87' 6-max Seat #1 is the button
Seat 1: d5f877da ($5.83 in chips)
Seat 2: db4ed83 ($6.06 in chips)
Seat 3: 74eac4c ($7.06 in chips)
Seat 5: Hero ($5.71 in chips)
Seat 6: 14afdcc2 ($0.89 in chips)
db4ed83: posts small blind $0.02
74eac4c: posts big blind $0.05
*** HOLE CARDS ***
Dealt to d5f877da 
Dealt to db4ed83 
Dealt to 74eac4c 
Dealt to Hero [7c 3h]
Dealt to 14afdcc2 
Hero: folds
14afdcc2: raises $0.05 to $0.1
d5f877da: folds
db4ed83: calls $0.08
74eac4c: folds
*** FLOP *** [As 2h 8s]
db4ed83: checks
14afdcc2: checks
*** TURN *** [As 2h 8s] [9d]
db4ed83: bets $0.19
14afdcc2: folds
Uncalled bet ($0.19) returned to db4ed83
db4ed83: shows [Ac 2c] (Pair of Aces and Pair of Twos)
*** SHOWDOWN ***
db4ed83 collected $0.24 from pot
*** SUMMARY ***
Total pot $0.25 | Rake $0.01 | Jackpot $0 | Bingo $0 | Fortune $0
Board [As 2h 8s 9d]
Seat 1: d5f877da (button) folded before Flop (didn't bet)
Seat 2: db4ed83 (small blind) showed [Ac 2c] and won ($0.24) with Pair of Aces and Pair of Twos
Seat 3: 74eac4c (big blind) folded before Flop
Seat 5: Hero folded before Flop (didn't bet)
Seat 6: 14afdcc2 folded on the Turn


Poker Hand #HD1178323318: Hold'em No Limit  ($0.02/$0.05) - 2023/03/27 18:09:44
Table 'NLHBlue87' 6-max Seat #6 is the button
Seat 1: d5f877da ($5.85 in chips)
Seat 2: db4ed83 ($6.11 in chips)
Seat 3: 74eac4c ($7.06 in chips)
Seat 5: Hero ($5.53 in chips)
Seat 6: 14afdcc2 ($1.01 in chips)
d5f877da: posts small blind $0.02
db4ed83: posts big blind $0.05
*** HOLE CARDS ***
Dealt to d5f877da 
Dealt to db4ed83 
Dealt to 74eac4c 
Dealt to Hero [Ks Tc]
Dealt to 14afdcc2 
74eac4c: folds
Hero: raises $0.07 to $0.12
14afdcc2: calls $0.12
d5f877da: folds
db4ed83: folds
*** FLOP *** [As Qh Th]
Hero: bets $0.24
14afdcc2: folds
Uncalled bet ($0.24) returned to Hero
*** SHOWDOWN ***
Hero collected $0.3 from pot
*** SUMMARY ***
Total pot $0.31 | Rake $0.01 | Jackpot $0 | Bingo $0 | Fortune $0
Board [As Qh Th]
Seat 1: d5f877da (small blind) folded before Flop
Seat 2: db4ed83 (big blind) folded before Flop
Seat 3: 74eac4c folded before Flop (didn't bet)
Seat 5: Hero won ($0.3)
Seat 6: 14afdcc2 (button) folded on the Flop


Poker Hand #HD1178323184: Hold'em No Limit  ($0.02/$0.05) - 2023/03/27 18:09:00
Table 'NLHBlue87' 6-max Seat #5 is the button
Seat 1: d5f877da ($5.53 in chips)
Seat 2: db4ed83 ($6.11 in chips)
Seat 3: 74eac4c ($7.06 in chips)
Seat 5: Hero ($5.53 in chips)
Seat 6: 14afdcc2 ($1.36 in chips)
14afdcc2: posts small blind $0.02
d5f877da: posts big blind $0.05
*** HOLE CARDS ***
Dealt to d5f877da 
Dealt to db4ed83 
Dealt to 74eac4c 
Dealt to Hero [Tc 4h]
Dealt to 14afdcc2 
db4ed83: folds
74eac4c: folds
Hero: folds
14afdcc2: calls $0.03
d5f877da: checks
*** FLOP *** [As Qh 7h]
14afdcc2: checks
d5f877da: bets $0.1
14afdcc2: calls $0.1
*** TURN *** [As Qh 7h] [6c]
14afdcc2: checks
d5f877da: bets $0.2
14afdcc2: calls $0.2
*** RIVER *** [As Qh 7h 6c] [6d]
14afdcc2: checks
d5f877da: bets $0.4
14afdcc2: folds
Uncalled bet ($0.4) returned to d5f877da
*** SHOWDOWN ***
d5f877da collected $0.67 from pot
*** SUMMARY ***
Total pot $0.7 | Rake $0.03 | Jackpot $0 | Bingo $0 | Fortune $0
Board [As Qh 7h 6c 6d]
Seat 1: d5f877da (big blind) won ($0.67)
Seat 2: db4ed83 folded before Flop (didn't bet)
Seat 3: 74eac4c folded before Flop (didn't bet)
Seat 5: Hero (button) folded before Flop (didn't bet)
Seat 6: 14afdcc2 (small blind) folded on the River


Poker Hand #HD1178323029: Hold'em No Limit  ($0.02/$0.05) - 2023/03/27 18:08:00
Table 'NLHBlue87' 6-max Seat #3 is the button
Seat 1: d5f877da ($5.53 in chips)
Seat 2: db4ed83 ($6.11 in chips)
Seat 3: 74eac4c ($7.06 in chips)
Seat 5: Hero ($5 in chips)
Seat 6: 14afdcc2 ($1.94 in chips)
Hero: posts small blind $0.02
14afdcc2: posts big blind $0.05
*** HOLE CARDS ***
Dealt to d5f877da 
Dealt to db4ed83 
Dealt to 74eac4c 
Dealt to Hero [Qc 3c]
Dealt to 14afdcc2 
d5f877da: folds
db4ed83: folds
74eac4c: folds
Hero: raises $0.09 to $0.14
14afdcc2: raises $0.09 to $0.23
Hero: calls $0.09
*** FLOP *** [Qd 8h Kh]
Hero: checks
14afdcc2: checks
*** TURN *** [Qd 8h Kh] [8s]
Hero: checks
14afdcc2: checks
*** RIVER *** [Qd 8h Kh 8s] [Qs]
Hero: bets $0.35
14afdcc2: calls $0.35
Hero: shows [Qc 3c] (Queens Full over Eights)
14afdcc2: shows [Th Td] (Pair of Queens and Pair of Tens)
*** SHOWDOWN ***
Hero collected $1.11 from pot
*** SUMMARY ***
Total pot $1.16 | Rake $0.05 | Jackpot $0 | Bingo $0 | Fortune $0
Board [Qd 8h Kh 8s Qs]
Seat 1: d5f877da folded before Flop (didn't bet)
Seat 2: db4ed83 folded before Flop (didn't bet)
Seat 3: 74eac4c (button) folded before Flop (didn't bet)
Seat 5: Hero (small blind) showed [Qc 3c] and won ($1.11) with Queens Full over Eights
Seat 6: 14afdcc2 (big blind) showed [Th Td] and lost with Pair of Queens and Pair of Tens


Poker Hand #HD1178322781: Hold'em No Limit  ($0.02/$0.05) - 2023/03/27 18:06:33
Table 'NLHBlue87' 6-max Seat #2 is the button
Seat 1: d5f877da ($5.53 in chips)
Seat 2: db4ed83 ($5.78 in chips)
Seat 3: 74eac4c ($7.08 in chips)
Seat 5: Hero ($5.19 in chips)
Seat 6: 14afdcc2 ($1.94 in chips)
74eac4c: posts small blind $0.02
Hero: posts big blind $0.05
*** HOLE CARDS ***
Dealt to d5f877da 
Dealt to db4ed83 
Dealt to 74eac4c 
Dealt to Hero [Kh Jc]
Dealt to 14afdcc2 
14afdcc2: folds
d5f877da: folds
db4ed83: raises $0.08 to $0.13
74eac4c: folds
Hero: calls $0.08
*** FLOP *** [5c 4c 2c]
Hero: checks
db4ed83: checks
*** TURN *** [5c 4c 2c] [9d]
Hero: checks
db4ed83: checks
*** RIVER *** [5c 4c 2c 9d] [3c]
Hero: bets $0.21
db4ed83: raises $0.53 to $0.74
Hero: folds
Uncalled bet ($0.53) returned to db4ed83
*** SHOWDOWN ***
db4ed83 collected $0.67 from pot
*** SUMMARY ***
Total pot $0.7 | Rake $0.03 | Jackpot $0 | Bingo $0 | Fortune $0
Board [5c 4c 2c 9d 3c]
Seat 1: d5f877da folded before Flop (didn't bet)
Seat 2: db4ed83 (button) won ($0.67)
Seat 3: 74eac4c (small blind) folded before Flop
Seat 5: Hero (big blind) folded on the River
Seat 6: 14afdcc2 folded before Flop (didn't bet)


Poker Hand #HD1178322202: Hold'em No Limit  ($0.02/$0.05) - 2023/03/27 18:02:53
Table 'NLHBlue87' 6-max Seat #1 is the button
Seat 1: d5f877da ($5.6 in chips)
Seat 2: db4ed83 ($5.21 in chips)
Seat 3: 74eac4c ($7.02 in chips)
Seat 4: a8683bb2 ($9.58 in chips)
Seat 5: Hero ($5.19 in chips)
Seat 6: 14afdcc2 ($2.56 in chips)
db4ed83: posts small blind $0.02
74eac4c: posts big blind $0.05
*** HOLE CARDS ***
Dealt to d5f877da 
Dealt to db4ed83 
Dealt to 74eac4c 
Dealt to a8683bb2 
Dealt to Hero [Th 6s]
Dealt to 14afdcc2 
a8683bb2: folds
Hero: folds
14afdcc2: folds
d5f877da: folds
db4ed83: folds
Uncalled bet ($0.03) returned to 74eac4c
*** SHOWDOWN ***
74eac4c collected $0.04 from pot
*** SUMMARY ***
Total pot $0.04 | Rake $0 | Jackpot $0 | Bingo $0 | Fortune $0
Seat 1: d5f877da (button) folded before Flop (didn't bet)
Seat 2: db4ed83 (small blind) folded before Flop
Seat 3: 74eac4c (big blind) collected ($0.04)
Seat 4: a8683bb2 folded before Flop (didn't bet)
Seat 5: Hero folded before Flop (didn't bet)
Seat 6: 14afdcc2 folded before Flop (didn't bet)


Poker Hand #HD1178321963: Hold'em No Limit  ($0.02/$0.05) - 2023/03/27 18:01:32
Table 'NLHBlue87' 6-max Seat #6 is the button
Seat 1: d5f877da ($7.14 in chips)
Seat 2: db4ed83 ($5.26 in chips)
Seat 3: 74eac4c ($7.02 in chips)
Seat 4: a8683bb2 ($8.19 in chips)
Seat 5: Hero ($5.19 in chips)
Seat 6: 14afdcc2 ($2.56 in chips)
d5f877da: posts small blind $0.02
db4ed83: posts big blind $0.05
*** HOLE CARDS ***
Dealt to d5f877da 
Dealt to db4ed83 
Dealt to 74eac4c 
Dealt to a8683bb2 
Dealt to Hero [6c 7c]
Dealt to 14afdcc2 
74eac4c: folds
a8683bb2: raises $0.08 to $0.13
Hero: folds
14afdcc2: folds
d5f877da: raises $0.41 to $0.54
db4ed83: folds
a8683bb2: calls $0.41
*** FLOP *** [8d 9s 7d]
d5f877da: checks
a8683bb2: bets $0.25
d5f877da: calls $0.25
*** TURN *** [8d 9s 7d] [8c]
d5f877da: checks
a8683bb2: checks
*** RIVER *** [8d 9s 7d 8c] [Jc]
d5f877da: checks
a8683bb2: bets $0.75
d5f877da: calls $0.75
a8683bb2: shows [Td Ts] (Jacks-High Straight)
d5f877da: shows [Ah Ac] (Pair of Aces and Pair of Eights)
*** SHOWDOWN ***
a8683bb2 collected $2.93 from pot
*** SUMMARY ***
Total pot $3.13 | Rake $0.15 | Jackpot $0.05 | Bingo $0 | Fortune $0
Board [8d 9s 7d 8c Jc]
Seat 1: d5f877da (small blind) showed [Ah Ac] and lost with Pair of Aces and Pair of Eights
Seat 2: db4ed83 (big blind) folded before Flop
Seat 3: 74eac4c folded before Flop (didn't bet)
Seat 4: a8683bb2 showed [Td Ts] and won ($2.93) with Jacks-High Straight
Seat 5: Hero folded before Flop (didn't bet)
Seat 6: 14afdcc2 (button) folded before Flop (didn't bet)


Poker Hand #HD1178321873: Hold'em No Limit  ($0.02/$0.05) - 2023/03/27 18:01:03
Table 'NLHBlue87' 6-max Seat #5 is the button
Seat 1: d5f877da ($7.24 in chips)
Seat 2: db4ed83 ($5.26 in chips)
Seat 3: 74eac4c ($7.02 in chips)
Seat 4: a8683bb2 ($8.19 in chips)
Seat 5: Hero ($5.19 in chips)
Seat 6: 14afdcc2 ($2.47 in chips)
14afdcc2: posts small blind $0.02
d5f877da: posts big blind $0.05
*** HOLE CARDS ***
Dealt to d5f877da 
Dealt to db4ed83 
Dealt to 74eac4c 
Dealt to a8683bb2 
Dealt to Hero [Qs 5c]
Dealt to 14afdcc2 
db4ed83: folds
74eac4c: folds
a8683bb2: folds
Hero: folds
14afdcc2: raises $0.05 to $0.1
d5f877da: calls $0.05
*** FLOP *** [8d 3s 3d]
14afdcc2: checks
d5f877da: checks
*** TURN *** [8d 3s 3d] [Qd]
14afdcc2: bets $0.07
d5f877da: folds
Uncalled bet ($0.07) returned to 14afdcc2
*** SHOWDOWN ***
14afdcc2 collected $0.19 from pot
*** SUMMARY ***
Total pot $0.2 | Rake $0.01 | Jackpot $0 | Bingo $0 | Fortune $0
Board [8d 3s 3d Qd]
Seat 1: d5f877da (big blind) folded on the Turn
Seat 2: db4ed83 folded before Flop (didn't bet)
Seat 3: 74eac4c folded before Flop (didn't bet)
Seat 4: a8683bb2 folded before Flop (didn't bet)
Seat 5: Hero (button) folded before Flop (didn't bet)
Seat 6: 14afdcc2 (small blind) won ($0.19)


Poker Hand #HD1178321730: Hold'em No Limit  ($0.02/$0.05) - 2023/03/27 18:00:14
Table 'NLHBlue87' 6-max Seat #4 is the button
Seat 1: d5f877da ($7.24 in chips)
Seat 2: db4ed83 ($5.26 in chips)
Seat 3: 74eac4c ($7.15 in chips)
Seat 4: a8683bb2 ($8.19 in chips)
Seat 5: Hero ($5.21 in chips)
Seat 6: 14afdcc2 ($2.33 in chips)
Hero: posts small blind $0.02
14afdcc2: posts big blind $0.05
*** HOLE CARDS ***
Dealt to d5f877da 
Dealt to db4ed83 
Dealt to 74eac4c 
Dealt to a8683bb2 
Dealt to Hero [6h As]
Dealt to 14afdcc2 
d5f877da: folds
db4ed83: folds
74eac4c: raises $0.08 to $0.13
a8683bb2: folds
Hero: folds
14afdcc2: calls $0.08
*** FLOP *** [8d 8h 3s]
14afdcc2: checks
74eac4c: checks
*** TURN *** [8d 8h 3s] [8c]
14afdcc2: checks
74eac4c: checks
*** RIVER *** [8d 8h 3s 8c] [4s]
14afdcc2: checks
74eac4c: checks
14afdcc2: shows [Kh Jc] (Three Eights)
74eac4c: shows [9d Kd] (Three Eights)
*** SHOWDOWN ***
14afdcc2 collected $0.27 from pot
*** SUMMARY ***
Total pot $0.28 | Rake $0.01 | Jackpot $0 | Bingo $0 | Fortune $0
Board [8d 8h 3s 8c 4s]
Seat 1: d5f877da folded before Flop (didn't bet)
Seat 2: db4ed83 folded before Flop (didn't bet)
Seat 3: 74eac4c showed [9d Kd] and lost with Three Eights
Seat 4: a8683bb2 (button) folded before Flop (didn't bet)
Seat 5: Hero (small blind) folded before Flop
Seat 6: 14afdcc2 (big blind) showed [Kh Jc] and won ($0.27) with Three Eights


Poker Hand #HD1178321648: Hold'em No Limit  ($0.02/$0.05) - 2023/03/27 17:59:45
Table 'NLHBlue87' 6-max Seat #3 is the button
Seat 1: d5f877da ($7.17 in chips)
Seat 2: db4ed83 ($5.26 in chips)
Seat 3: 74eac4c ($7.15 in chips)
Seat 4: a8683bb2 ($8.21 in chips)
Seat 5: Hero ($5.26 in chips)
Seat 6: 14afdcc2 ($2.33 in chips)
a8683bb2: posts small blind $0.02
Hero: posts big blind $0.05
*** HOLE CARDS ***
Dealt to d5f877da 
Dealt to db4ed83 
Dealt to 74eac4c 
Dealt to a8683bb2 
Dealt to Hero [2h 4h]
Dealt to 14afdcc2 
14afdcc2: folds
d5f877da: raises $0.1 to $0.15
db4ed83: folds
74eac4c: folds
a8683bb2: folds
Hero: folds
Uncalled bet ($0.1) returned to d5f877da
*** SHOWDOWN ***
d5f877da collected $0.12 from pot
*** SUMMARY ***
Total pot $0.12 | Rake $0 | Jackpot $0 | Bingo $0 | Fortune $0
Seat 1: d5f877da collected ($0.12)
Seat 2: db4ed83 folded before Flop (didn't bet)
Seat 3: 74eac4c (button) folded before Flop (didn't bet)
Seat 4: a8683bb2 (small blind) folded before Flop
Seat 5: Hero (big blind) folded before Flop
Seat 6: 14afdcc2 folded before Flop (didn't bet)


Poker Hand #HD1178321603: Hold'em No Limit  ($0.02/$0.05) - 2023/03/27 17:59:32
Table 'NLHBlue87' 6-max Seat #2 is the button
Seat 1: d5f877da ($7.17 in chips)
Seat 2: db4ed83 ($5.26 in chips)
Seat 3: 74eac4c ($7.17 in chips)
Seat 4: a8683bb2 ($8.26 in chips)
Seat 5: Hero ($5.19 in chips)
Seat 6: 14afdcc2 ($2.33 in chips)
74eac4c: posts small blind $0.02
a8683bb2: posts big blind $0.05
*** HOLE CARDS ***
Dealt to d5f877da 
Dealt to db4ed83 
Dealt to 74eac4c 
Dealt to a8683bb2 
Dealt to Hero [Ks Qs]
Dealt to 14afdcc2 
Hero: raises $0.07 to $0.12
14afdcc2: folds
d5f877da: folds
db4ed83: folds
74eac4c: folds
a8683bb2: folds
Uncalled bet ($0.07) returned to Hero
*** SHOWDOWN ***
Hero collected $0.12 from pot
*** SUMMARY ***
Total pot $0.12 | Rake $0 | Jackpot $0 | Bingo $0 | Fortune $0
Seat 1: d5f877da folded before Flop (didn't bet)
Seat 2: db4ed83 (button) folded before Flop (didn't bet)
Seat 3: 74eac4c (small blind) folded before Flop
Seat 4: a8683bb2 (big blind) folded before Flop
Seat 5: Hero collected ($0.12)
Seat 6: 14afdcc2 folded before Flop (didn't bet)


Poker Hand #HD1178321544: Hold'em No Limit  ($0.02/$0.05) - 2023/03/27 17:59:12
Table 'NLHBlue87' 6-max Seat #1 is the button
Seat 1: d5f877da ($7.17 in chips)
Seat 2: db4ed83 ($5.21 in chips)
Seat 3: 74eac4c ($7.22 in chips)
Seat 4: a8683bb2 ($8.26 in chips)
Seat 5: Hero ($5.19 in chips)
Seat 6: 14afdcc2 ($2.33 in chips)
db4ed83: posts small blind $0.02
74eac4c: posts big blind $0.05
*** HOLE CARDS ***
Dealt to d5f877da 
Dealt to db4ed83 
Dealt to 74eac4c 
Dealt to a8683bb2 
Dealt to Hero [9s Jd]
Dealt to 14afdcc2 
a8683bb2: folds
Hero: folds
14afdcc2: folds
d5f877da: folds
db4ed83: raises $0.1 to $0.15
74eac4c: folds
Uncalled bet ($0.1) returned to db4ed83
*** SHOWDOWN ***
db4ed83 collected $0.1 from pot
*** SUMMARY ***
Total pot $0.1 | Rake $0 | Jackpot $0 | Bingo $0 | Fortune $0
Seat 1: d5f877da (button) folded before Flop (didn't bet)
Seat 2: db4ed83 (small blind) collected ($0.1)
Seat 3: 74eac4c (big blind) folded before Flop
Seat 4: a8683bb2 folded before Flop (didn't bet)
Seat 5: Hero folded before Flop (didn't bet)
Seat 6: 14afdcc2 folded before Flop (didn't bet)


Poker Hand #HD1178321427: Hold'em No Limit  ($0.02/$0.05) - 2023/03/27 17:58:34
Table 'NLHBlue87' 6-max Seat #6 is the button
Seat 1: d5f877da ($7.19 in chips)
Seat 2: db4ed83 ($5.07 in chips)
Seat 3: 74eac4c ($7.22 in chips)
Seat 4: a8683bb2 ($8.39 in chips)
Seat 5: Hero ($5.19 in chips)
Seat 6: 14afdcc2 ($2.33 in chips)
d5f877da: posts small blind $0.02
db4ed83: posts big blind $0.05
*** HOLE CARDS ***
Dealt to d5f877da 
Dealt to db4ed83 
Dealt to 74eac4c 
Dealt to a8683bb2 
Dealt to Hero [6s Jd]
Dealt to 14afdcc2 
74eac4c: folds
a8683bb2: raises $0.08 to $0.13
Hero: folds
14afdcc2: folds
d5f877da: folds
db4ed83: calls $0.08
*** FLOP *** [6d 2d Qd]
db4ed83: checks
a8683bb2: checks
*** TURN *** [6d 2d Qd] [9s]
db4ed83: bets $0.1
a8683bb2: folds
Uncalled bet ($0.1) returned to db4ed83
*** SHOWDOWN ***
db4ed83 collected $0.27 from pot
*** SUMMARY ***
Total pot $0.28 | Rake $0.01 | Jackpot $0 | Bingo $0 | Fortune $0
Board [6d 2d Qd 9s]
Seat 1: d5f877da (small blind) folded before Flop
Seat 2: db4ed83 (big blind) won ($0.27)
Seat 3: 74eac4c folded before Flop (didn't bet)
Seat 4: a8683bb2 folded on the Turn
Seat 5: Hero folded before Flop (didn't bet)
Seat 6: 14afdcc2 (button) folded before Flop (didn't bet)


Poker Hand #HD1178321357: Hold'em No Limit  ($0.02/$0.05) - 2023/03/27 17:58:10
Table 'NLHBlue87' 6-max Seat #5 is the button
Seat 1: d5f877da ($7.24 in chips)
Seat 2: db4ed83 ($5.07 in chips)
Seat 3: 74eac4c ($7.22 in chips)
Seat 4: a8683bb2 ($8.39 in chips)
Seat 5: Hero ($5.12 in chips)
Seat 6: 14afdcc2 ($2.35 in chips)
14afdcc2: posts small blind $0.02
d5f877da: posts big blind $0.05
*** HOLE CARDS ***
Dealt to d5f877da 
Dealt to db4ed83 
Dealt to 74eac4c 
Dealt to a8683bb2 
Dealt to Hero [Ah Qc]
Dealt to 14afdcc2 
db4ed83: folds
74eac4c: folds
a8683bb2: folds
Hero: raises $0.07 to $0.12
14afdcc2: folds
d5f877da: folds
Uncalled bet ($0.07) returned to Hero
*** SHOWDOWN ***
Hero collected $0.12 from pot
*** SUMMARY ***
Total pot $0.12 | Rake $0 | Jackpot $0 | Bingo $0 | Fortune $0
Seat 1: d5f877da (big blind) folded before Flop
Seat 2: db4ed83 folded before Flop (didn't bet)
Seat 3: 74eac4c folded before Flop (didn't bet)
Seat 4: a8683bb2 folded before Flop (didn't bet)
Seat 5: Hero (button) collected ($0.12)
Seat 6: 14afdcc2 (small blind) folded before Flop


Poker Hand #HD1178321315: Hold'em No Limit  ($0.02/$0.05) - 2023/03/27 17:57:56
Table 'NLHBlue87' 6-max Seat #4 is the button
Seat 1: d5f877da ($7.24 in chips)
Seat 2: db4ed83 ($5.07 in chips)
Seat 3: 74eac4c ($7.22 in chips)
Seat 4: a8683bb2 ($8.39 in chips)
Seat 5: Hero ($5.14 in chips)
Seat 6: 14afdcc2 ($2.33 in chips)
Hero: posts small blind $0.02
14afdcc2: posts big blind $0.05
*** HOLE CARDS ***
Dealt to d5f877da 
Dealt to db4ed83 
Dealt to 74eac4c 
Dealt to a8683bb2 
Dealt to Hero [4h Kd]
Dealt to 14afdcc2 
d5f877da: folds
db4ed83: folds
74eac4c: folds
a8683bb2: folds
Hero: folds
Uncalled bet ($0.03) returned to 14afdcc2
*** SHOWDOWN ***
14afdcc2 collected $0.04 from pot
*** SUMMARY ***
Total pot $0.04 | Rake $0 | Jackpot $0 | Bingo $0 | Fortune $0
Seat 1: d5f877da folded before Flop (didn't bet)
Seat 2: db4ed83 folded before Flop (didn't bet)
Seat 3: 74eac4c folded before Flop (didn't bet)
Seat 4: a8683bb2 (button) folded before Flop (didn't bet)
Seat 5: Hero (small blind) folded before Flop
Seat 6: 14afdcc2 (big blind) collected ($0.04)


Poker Hand #HD1178321279: Hold'em No Limit  ($0.02/$0.05) - 2023/03/27 17:57:43
Table 'NLHBlue87' 6-max Seat #3 is the button
Seat 1: d5f877da ($7.24 in chips)
Seat 2: db4ed83 ($5.07 in chips)
Seat 3: 74eac4c ($7.22 in chips)
Seat 4: a8683bb2 ($8.41 in chips)
Seat 5: Hero ($5.19 in chips)
Seat 6: 14afdcc2 ($2.26 in chips)
a8683bb2: posts small blind $0.02
Hero: posts big blind $0.05
*** HOLE CARDS ***
Dealt to d5f877da 
Dealt to db4ed83 
Dealt to 74eac4c 
Dealt to a8683bb2 
Dealt to Hero [8c Ks]
Dealt to 14afdcc2 
14afdcc2: raises $0.1 to $0.15
d5f877da: folds
db4ed83: folds
74eac4c: folds
a8683bb2: folds
Hero: folds
Uncalled bet ($0.1) returned to 14afdcc2
*** SHOWDOWN ***
14afdcc2 collected $0.12 from pot
*** SUMMARY ***
Total pot $0.12 | Rake $0 | Jackpot $0 | Bingo $0 | Fortune $0
Seat 1: d5f877da folded before Flop (didn't bet)
Seat 2: db4ed83 folded before Flop (didn't bet)
Seat 3: 74eac4c (button) folded before Flop (didn't bet)
Seat 4: a8683bb2 (small blind) folded before Flop
Seat 5: Hero (big blind) folded before Flop
Seat 6: 14afdcc2 collected ($0.12)


Poker Hand #HD1178321233: Hold'em No Limit  ($0.02/$0.05) - 2023/03/27 17:57:29
Table 'NLHBlue87' 6-max Seat #2 is the button
Seat 1: d5f877da ($7.24 in chips)
Seat 2: db4ed83 ($5 in chips)
Seat 3: 74eac4c ($7.24 in chips)
Seat 4: a8683bb2 ($8.46 in chips)
Seat 5: Hero ($5.19 in chips)
Seat 6: 14afdcc2 ($2.26 in chips)
74eac4c: posts small blind $0.02
a8683bb2: posts big blind $0.05
*** HOLE CARDS ***
Dealt to d5f877da 
Dealt to db4ed83 
Dealt to 74eac4c 
Dealt to a8683bb2 
Dealt to Hero [6d 6c]
Dealt to 14afdcc2 
Hero: folds
14afdcc2: folds
d5f877da: folds
db4ed83: raises $0.08 to $0.13
74eac4c: folds
a8683bb2: folds
Uncalled bet ($0.08) returned to db4ed83
*** SHOWDOWN ***
db4ed83 collected $0.12 from pot
*** SUMMARY ***
Total pot $0.12 | Rake $0 | Jackpot $0 | Bingo $0 | Fortune $0
Seat 1: d5f877da folded before Flop (didn't bet)
Seat 2: db4ed83 (button) collected ($0.12)
Seat 3: 74eac4c (small blind) folded before Flop
Seat 4: a8683bb2 (big blind) folded before Flop
Seat 5: Hero folded before Flop (didn't bet)
Seat 6: 14afdcc2 folded before Flop (didn't bet)


Poker Hand #HD1178321109: Hold'em No Limit  ($0.02/$0.05) - 2023/03/27 17:56:45
Table 'NLHBlue87' 6-max Seat #1 is the button
Seat 1: d5f877da ($7.24 in chips)
Seat 2: db4ed83 ($5 in chips)
Seat 3: 74eac4c ($7.36 in chips)
Seat 4: a8683bb2 ($8.46 in chips)
Seat 5: Hero ($5.19 in chips)
Seat 6: 14afdcc2 ($2.13 in chips)
db4ed83: posts small blind $0.02
74eac4c: posts big blind $0.05
*** HOLE CARDS ***
Dealt to d5f877da 
Dealt to db4ed83 
Dealt to 74eac4c 
Dealt to a8683bb2 
Dealt to Hero [9c Qd]
Dealt to 14afdcc2 
a8683bb2: folds
Hero: folds
14afdcc2: calls $0.05
d5f877da: folds
db4ed83: folds
74eac4c: checks
*** FLOP *** [7s 5c Ks]
74eac4c: checks
14afdcc2: checks
*** TURN *** [7s 5c Ks] [5s]
74eac4c: bets $0.07
14afdcc2: calls $0.07
*** RIVER *** [7s 5c Ks 5s] [Js]
74eac4c: checks
14afdcc2: checks
74eac4c: shows [6c 6h] (Pair of Sixes and Pair of Fives)
14afdcc2: shows [Jh 7h] (Pair of Jacks and Pair of Sevens)
*** SHOWDOWN ***
14afdcc2 collected $0.25 from pot
*** SUMMARY ***
Total pot $0.26 | Rake $0.01 | Jackpot $0 | Bingo $0 | Fortune $0
Board [7s 5c Ks 5s Js]
Seat 1: d5f877da (button) folded before Flop (didn't bet)
Seat 2: db4ed83 (small blind) folded before Flop
Seat 3: 74eac4c (big blind) showed [6c 6h] and lost with Pair of Sixes and Pair of Fives
Seat 4: a8683bb2 folded before Flop (didn't bet)
Seat 5: Hero folded before Flop (didn't bet)
Seat 6: 14afdcc2 showed [Jh 7h] and won ($0.25) with Pair of Jacks and Pair of Sevens


Poker Hand #HD1178320948: Hold'em No Limit  ($0.02/$0.05) - 2023/03/27 17:55:50
Table 'NLHBlue87' 6-max Seat #6 is the button
Seat 1: d5f877da ($7.26 in chips)
Seat 2: db4ed83 ($5 in chips)
Seat 3: 74eac4c ($7.47 in chips)
Seat 4: a8683bb2 ($8.46 in chips)
Seat 5: Hero ($5.19 in chips)
Seat 6: 14afdcc2 ($1.96 in chips)
d5f877da: posts small blind $0.02
db4ed83: posts big blind $0.05
*** HOLE CARDS ***
Dealt to d5f877da 
Dealt to db4ed83 
Dealt to 74eac4c 
Dealt to a8683bb2 
Dealt to Hero [Th 7s]
Dealt to 14afdcc2 
74eac4c: raises $0.06 to $0.11
a8683bb2: folds
Hero: folds
14afdcc2: calls $0.11
d5f877da: folds
db4ed83: folds
*** FLOP *** [2s Kd Jh]
74eac4c: checks
14afdcc2: checks
*** TURN *** [2s Kd Jh] [8d]
74eac4c: checks
14afdcc2: bets $0.1
74eac4c: folds
Uncalled bet ($0.1) returned to 14afdcc2
*** SHOWDOWN ***
14afdcc2 collected $0.28 from pot
*** SUMMARY ***
Total pot $0.29 | Rake $0.01 | Jackpot $0 | Bingo $0 | Fortune $0
Board [2s Kd Jh 8d]
Seat 1: d5f877da (small blind) folded before Flop
Seat 2: db4ed83 (big blind) folded before Flop
Seat 3: 74eac4c folded on the Turn
Seat 4: a8683bb2 folded before Flop (didn't bet)
Seat 5: Hero folded before Flop (didn't bet)
Seat 6: 14afdcc2 (button) won ($0.28)


Poker Hand #HD1178320833: Hold'em No Limit  ($0.02/$0.05) - 2023/03/27 17:55:07
Table 'NLHBlue87' 6-max Seat #5 is the button
Seat 1: d5f877da ($7.21 in chips)
Seat 2: db4ed83 ($5 in chips)
Seat 3: 74eac4c ($7.47 in chips)
Seat 4: a8683bb2 ($8.46 in chips)
Seat 5: Hero ($5.19 in chips)
Seat 6: 14afdcc2 ($2.01 in chips)
14afdcc2: posts small blind $0.02
d5f877da: posts big blind $0.05
*** HOLE CARDS ***
Dealt to d5f877da 
Dealt to db4ed83 
Dealt to 74eac4c 
Dealt to a8683bb2 
Dealt to Hero [2d Qc]
Dealt to 14afdcc2 
db4ed83: folds
74eac4c: folds
a8683bb2: folds
Hero: folds
14afdcc2: calls $0.03
d5f877da: checks
*** FLOP *** [4h 5d Jd]
14afdcc2: checks
d5f877da: checks
*** TURN *** [4h 5d Jd] [As]
14afdcc2: checks
d5f877da: checks
*** RIVER *** [4h 5d Jd As] [6h]
14afdcc2: checks
d5f877da: checks
14afdcc2: shows [Tc 9d] (Ace-High)
d5f877da: shows [2c 4c] (Pair of Fours)
*** SHOWDOWN ***
d5f877da collected $0.1 from pot
*** SUMMARY ***
Total pot $0.1 | Rake $0 | Jackpot $0 | Bingo $0 | Fortune $0
Board [4h 5d Jd As 6h]
Seat 1: d5f877da (big blind) showed [2c 4c] and won ($0.1) with Pair of Fours
Seat 2: db4ed83 folded before Flop (didn't bet)
Seat 3: 74eac4c folded before Flop (didn't bet)
Seat 4: a8683bb2 folded before Flop (didn't bet)
Seat 5: Hero (button) folded before Flop (didn't bet)
Seat 6: 14afdcc2 (small blind) showed [Tc 9d] and lost with Ace-High


Poker Hand #HD1178320727: Hold'em No Limit  ($0.02/$0.05) - 2023/03/27 17:54:34
Table 'NLHBlue87' 6-max Seat #4 is the button
Seat 1: d5f877da ($7.21 in chips)
Seat 2: db4ed83 ($5 in chips)
Seat 3: 74eac4c ($7.47 in chips)
Seat 4: a8683bb2 ($8.46 in chips)
Seat 5: Hero ($5.21 in chips)
Seat 6: 14afdcc2 ($1.9 in chips)
Hero: posts small blind $0.02
14afdcc2: posts big blind $0.05
*** HOLE CARDS ***
Dealt to d5f877da 
Dealt to db4ed83 
Dealt to 74eac4c 
Dealt to a8683bb2 
Dealt to Hero [3c 7s]
Dealt to 14afdcc2 
d5f877da: folds
db4ed83: raises $0.05 to $0.1
74eac4c: folds
a8683bb2: folds
Hero: folds
14afdcc2: calls $0.05
*** FLOP *** [Kh Td Qc]
14afdcc2: bets $0.11
db4ed83: folds
Uncalled bet ($0.11) returned to 14afdcc2
14afdcc2: shows [Kd]
*** SHOWDOWN ***
14afdcc2 collected $0.21 from pot
*** SUMMARY ***
Total pot $0.22 | Rake $0.01 | Jackpot $0 | Bingo $0 | Fortune $0
Board [Kh Td Qc]
Seat 1: d5f877da folded before Flop (didn't bet)
Seat 2: db4ed83 folded on the Flop
Seat 3: 74eac4c folded before Flop (didn't bet)
Seat 4: a8683bb2 (button) folded before Flop (didn't bet)
Seat 5: Hero (small blind) folded before Flop
Seat 6: 14afdcc2 (big blind) showed [4h Kd] and won ($0.21) with Pair of Kings


Poker Hand #HD1178320653: Hold'em No Limit  ($0.02/$0.05) - 2023/03/27 17:54:05
Table 'NLHBlue87' 6-max Seat #3 is the button
Seat 1: d5f877da ($7.21 in chips)
Seat 2: db4ed83 ($5 in chips)
Seat 3: 74eac4c ($7.47 in chips)
Seat 4: a8683bb2 ($8.41 in chips)
Seat 5: Hero ($5.26 in chips)
Seat 6: 14afdcc2 ($1.9 in chips)
a8683bb2: posts small blind $0.02
Hero: posts big blind $0.05
*** HOLE CARDS ***
Dealt to d5f877da 
Dealt to db4ed83 
Dealt to 74eac4c 
Dealt to a8683bb2 
Dealt to Hero [9d Ts]
Dealt to 14afdcc2 
14afdcc2: folds
d5f877da: folds
db4ed83: folds
74eac4c: folds
a8683bb2: raises $0.1 to $0.15
Hero: folds
Uncalled bet ($0.1) returned to a8683bb2
*** SHOWDOWN ***
a8683bb2 collected $0.1 from pot
*** SUMMARY ***
Total pot $0.1 | Rake $0 | Jackpot $0 | Bingo $0 | Fortune $0
Seat 1: d5f877da folded before Flop (didn't bet)
Seat 2: db4ed83 folded before Flop (didn't bet)
Seat 3: 74eac4c (button) folded before Flop (didn't bet)
Seat 4: a8683bb2 (small blind) collected ($0.1)
Seat 5: Hero (big blind) folded before Flop
Seat 6: 14afdcc2 folded before Flop (didn't bet)


Poker Hand #HD1178320604: Hold'em No Limit  ($0.02/$0.05) - 2023/03/27 17:53:50
Table 'NLHBlue87' 6-max Seat #2 is the button
Seat 1: d5f877da ($7.21 in chips)
Seat 2: db4ed83 ($5 in chips)
Seat 3: 74eac4c ($7.42 in chips)
Seat 4: a8683bb2 ($8.46 in chips)
Seat 5: Hero ($5.26 in chips)
Seat 6: 14afdcc2 ($1.9 in chips)
74eac4c: posts small blind $0.02
a8683bb2: posts big blind $0.05
*** HOLE CARDS ***
Dealt to d5f877da 
Dealt to db4ed83 
Dealt to 74eac4c 
Dealt to a8683bb2 
Dealt to Hero [9c 4d]
Dealt to 14afdcc2 
Hero: folds
14afdcc2: folds
d5f877da: folds
db4ed83: folds
74eac4c: raises $0.1 to $0.15
a8683bb2: folds
Uncalled bet ($0.1) returned to 74eac4c
*** SHOWDOWN ***
74eac4c collected $0.1 from pot
*** SUMMARY ***
Total pot $0.1 | Rake $0 | Jackpot $0 | Bingo $0 | Fortune $0
Seat 1: d5f877da folded before Flop (didn't bet)
Seat 2: db4ed83 (button) folded before Flop (didn't bet)
Seat 3: 74eac4c (small blind) collected ($0.1)
Seat 4: a8683bb2 (big blind) folded before Flop
Seat 5: Hero folded before Flop (didn't bet)
Seat 6: 14afdcc2 folded before Flop (didn't bet)


Poker Hand #HD1178320554: Hold'em No Limit  ($0.02/$0.05) - 2023/03/27 17:53:33
Table 'NLHBlue87' 6-max Seat #1 is the button
Seat 1: d5f877da ($7.14 in chips)
Seat 2: db4ed83 ($5 in chips)
Seat 3: 74eac4c ($7.47 in chips)
Seat 4: a8683bb2 ($8.46 in chips)
Seat 5: Hero ($5.26 in chips)
Seat 6: 14afdcc2 ($1.9 in chips)
db4ed83: posts small blind $0.02
74eac4c: posts big blind $0.05
*** HOLE CARDS ***
Dealt to d5f877da 
Dealt to db4ed83 
Dealt to 74eac4c 
Dealt to a8683bb2 
Dealt to Hero [7d 9s]
Dealt to 14afdcc2 
a8683bb2: folds
Hero: folds
14afdcc2: folds
d5f877da: raises $0.1 to $0.15
db4ed83: folds
74eac4c: folds
Uncalled bet ($0.1) returned to d5f877da
*** SHOWDOWN ***
d5f877da collected $0.12 from pot
*** SUMMARY ***
Total pot $0.12 | Rake $0 | Jackpot $0 | Bingo $0 | Fortune $0
Seat 1: d5f877da (button) collected ($0.12)
Seat 2: db4ed83 (small blind) folded before Flop
Seat 3: 74eac4c (big blind) folded before Flop
Seat 4: a8683bb2 folded before Flop (didn't bet)
Seat 5: Hero folded before Flop (didn't bet)
Seat 6: 14afdcc2 folded before Flop (didn't bet)


Poker Hand #HD1178320451: Hold'em No Limit  ($0.02/$0.05) - 2023/03/27 17:52:57
Table 'NLHBlue87' 6-max Seat #6 is the button
Seat 1: d5f877da ($7.16 in chips)
Seat 2: db4ed83 ($5.03 in chips)
Seat 3: 74eac4c ($7.47 in chips)
Seat 4: a8683bb2 ($8.46 in chips)
Seat 5: Hero ($5.26 in chips)
Seat 6: 14afdcc2 ($1.79 in chips)
d5f877da: posts small blind $0.02
db4ed83: posts big blind $0.05
*** HOLE CARDS ***
Dealt to d5f877da 
Dealt to db4ed83 
Dealt to 74eac4c 
Dealt to a8683bb2 
Dealt to Hero [3d 5h]
Dealt to 14afdcc2 
74eac4c: folds
a8683bb2: folds
Hero: folds
14afdcc2: raises $0.05 to $0.1
d5f877da: folds
db4ed83: calls $0.05
*** FLOP *** [Qs Qd Td]
db4ed83: checks
14afdcc2: bets $0.11
db4ed83: folds
Uncalled bet ($0.11) returned to 14afdcc2
*** SHOWDOWN ***
14afdcc2 collected $0.21 from pot
*** SUMMARY ***
Total pot $0.22 | Rake $0.01 | Jackpot $0 | Bingo $0 | Fortune $0
Board [Qs Qd Td]
Seat 1: d5f877da (small blind) folded before Flop
Seat 2: db4ed83 (big blind) folded on the Flop
Seat 3: 74eac4c folded before Flop (didn't bet)
Seat 4: a8683bb2 folded before Flop (didn't bet)
Seat 5: Hero folded before Flop (didn't bet)
Seat 6: 14afdcc2 (button) won ($0.21)


Poker Hand #HD1178320350: Hold'em No Limit  ($0.02/$0.05) - 2023/03/27 17:52:19
Table 'NLHBlue87' 6-max Seat #5 is the button
Seat 1: d5f877da ($7.21 in chips)
Seat 2: db4ed83 ($5.03 in chips)
Seat 3: 74eac4c ($7.47 in chips)
Seat 4: a8683bb2 ($8.59 in chips)
Seat 5: Hero ($5.07 in chips)
Seat 6: 14afdcc2 ($1.81 in chips)
14afdcc2: posts small blind $0.02
d5f877da: posts big blind $0.05
*** HOLE CARDS ***
Dealt to d5f877da 
Dealt to db4ed83 
Dealt to 74eac4c 
Dealt to a8683bb2 
Dealt to Hero [Qs Kd]
Dealt to 14afdcc2 
db4ed83: folds
74eac4c: folds
a8683bb2: raises $0.08 to $0.13
Hero: raises $0.27 to $0.4
14afdcc2: folds
d5f877da: folds
a8683bb2: folds
Uncalled bet ($0.27) returned to Hero
*** SHOWDOWN ***
Hero collected $0.32 from pot
*** SUMMARY ***
Total pot $0.33 | Rake $0.01 | Jackpot $0 | Bingo $0 | Fortune $0
Seat 1: d5f877da (big blind) folded before Flop
Seat 2: db4ed83 folded before Flop (didn't bet)
Seat 3: 74eac4c folded before Flop (didn't bet)
Seat 4: a8683bb2 folded before Flop
Seat 5: Hero (button) collected ($0.32)
Seat 6: 14afdcc2 (small blind) folded before Flop


Poker Hand #HD1178320291: Hold'em No Limit  ($0.02/$0.05) - 2023/03/27 17:51:59
Table 'NLHBlue87' 6-max Seat #4 is the button
Seat 2: db4ed83 ($5.03 in chips)
Seat 3: 74eac4c ($7.47 in chips)
Seat 4: a8683bb2 ($8.59 in chips)
Seat 5: Hero ($5.21 in chips)
Seat 6: 14afdcc2 ($1.68 in chips)
Hero: posts small blind $0.02
14afdcc2: posts big blind $0.05
*** HOLE CARDS ***
Dealt to db4ed83 
Dealt to 74eac4c 
Dealt to a8683bb2 
Dealt to Hero [Tc Qd]
Dealt to 14afdcc2 
db4ed83: folds
74eac4c: folds
a8683bb2: folds
Hero: raises $0.09 to $0.14
14afdcc2: raises $1.54 to $1.68 and is all-in
Hero: folds
Uncalled bet ($1.54) returned to 14afdcc2
*** SHOWDOWN ***
14afdcc2 collected $0.27 from pot
*** SUMMARY ***
Total pot $0.28 | Rake $0.01 | Jackpot $0 | Bingo $0 | Fortune $0
Seat 2: db4ed83 folded before Flop (didn't bet)
Seat 3: 74eac4c folded before Flop (didn't bet)
Seat 4: a8683bb2 (button) folded before Flop (didn't bet)
Seat 5: Hero (small blind) folded before Flop
Seat 6: 14afdcc2 (big blind) collected ($0.27)


Poker Hand #HD1178320185: Hold'em No Limit  ($0.02/$0.05) - 2023/03/27 17:51:23
Table 'NLHBlue87' 6-max Seat #3 is the button
Seat 2: db4ed83 ($5.03 in chips)
Seat 3: 74eac4c ($7.6 in chips)
Seat 4: a8683bb2 ($8.61 in chips)
Seat 5: Hero ($5.07 in chips)
Seat 6: 14afdcc2 ($1.68 in chips)
a8683bb2: posts small blind $0.02
Hero: posts big blind $0.05
*** HOLE CARDS ***
Dealt to db4ed83 
Dealt to 74eac4c 
Dealt to a8683bb2 
Dealt to Hero [3d 3s]
Dealt to 14afdcc2 
14afdcc2: folds
db4ed83: folds
74eac4c: raises $0.08 to $0.13
a8683bb2: folds
Hero: calls $0.08
*** FLOP *** [Ah 3h Js]
Hero: checks
74eac4c: checks
*** TURN *** [Ah 3h Js] [Ks]
Hero: bets $0.14
74eac4c: folds
Uncalled bet ($0.14) returned to Hero
*** SHOWDOWN ***
Hero collected $0.27 from pot
*** SUMMARY ***
Total pot $0.28 | Rake $0.01 | Jackpot $0 | Bingo $0 | Fortune $0
Board [Ah 3h Js Ks]
Seat 2: db4ed83 folded before Flop (didn't bet)
Seat 3: 74eac4c (button) folded on the Turn
Seat 4: a8683bb2 (small blind) folded before Flop
Seat 5: Hero (big blind) won ($0.27)
Seat 6: 14afdcc2 folded before Flop (didn't bet)


Poker Hand #HD1178320082: Hold'em No Limit  ($0.02/$0.05) - 2023/03/27 17:50:42
Table 'NLHBlue87' 6-max Seat #2 is the button
Seat 2: db4ed83 ($5.03 in chips)
Seat 3: 74eac4c ($7.62 in chips)
Seat 4: a8683bb2 ($8.75 in chips)
Seat 5: Hero ($5.07 in chips)
Seat 6: 14afdcc2 ($1.53 in chips)
74eac4c: posts small blind $0.02
a8683bb2: posts big blind $0.05
*** HOLE CARDS ***
Dealt to db4ed83 
Dealt to 74eac4c 
Dealt to a8683bb2 
Dealt to Hero [2h 4d]
Dealt to 14afdcc2 
Hero: folds
14afdcc2: calls $0.05
db4ed83: folds
74eac4c: folds
a8683bb2: checks
*** FLOP *** [Th 6d Qc]
a8683bb2: checks
14afdcc2: bets $0.09
a8683bb2: calls $0.09
*** TURN *** [Th 6d Qc] [9d]
a8683bb2: checks
14afdcc2: bets $0.15
a8683bb2: folds
Uncalled bet ($0.15) returned to 14afdcc2
*** SHOWDOWN ***
14afdcc2 collected $0.29 from pot
*** SUMMARY ***
Total pot $0.3 | Rake $0.01 | Jackpot $0 | Bingo $0 | Fortune $0
Board [Th 6d Qc 9d]
Seat 2: db4ed83 (button) folded before Flop (didn't bet)
Seat 3: 74eac4c (small blind) folded before Flop
Seat 4: a8683bb2 (big blind) folded on the Turn
Seat 5: Hero folded before Flop (didn't bet)
Seat 6: 14afdcc2 won ($0.29)


Poker Hand #HD1178319963: Hold'em No Limit  ($0.02/$0.05) - 2023/03/27 17:50:04
Table 'NLHBlue87' 6-max Seat #6 is the button
Seat 2: db4ed83 ($5.05 in chips)
Seat 3: 74eac4c ($7.67 in chips)
Seat 4: a8683bb2 ($8.56 in chips)
Seat 5: Hero ($5.07 in chips)
Seat 6: 14afdcc2 ($1.66 in chips)
db4ed83: posts small blind $0.02
74eac4c: posts big blind $0.05
*** HOLE CARDS ***
Dealt to db4ed83 
Dealt to 74eac4c 
Dealt to a8683bb2 
Dealt to Hero [Jc As]
Dealt to 14afdcc2 
a8683bb2: raises $0.08 to $0.13
Hero: folds
14afdcc2: calls $0.13
db4ed83: folds
74eac4c: folds
*** FLOP *** [8d 9d 7c]
a8683bb2: checks
14afdcc2: checks
*** TURN *** [8d 9d 7c] [Kd]
a8683bb2: bets $0.11
14afdcc2: folds
Uncalled bet ($0.11) returned to a8683bb2
*** SHOWDOWN ***
a8683bb2 collected $0.32 from pot
*** SUMMARY ***
Total pot $0.33 | Rake $0.01 | Jackpot $0 | Bingo $0 | Fortune $0
Board [8d 9d 7c Kd]
Seat 2: db4ed83 (small blind) folded before Flop
Seat 3: 74eac4c (big blind) folded before Flop
Seat 4: a8683bb2 won ($0.32)
Seat 5: Hero folded before Flop (didn't bet)
Seat 6: 14afdcc2 (button) folded on the Turn


Poker Hand #HD1178319775: Hold'em No Limit  ($0.02/$0.05) - 2023/03/27 17:48:52
Table 'NLHBlue87' 6-max Seat #5 is the button
Seat 1: d5f877da ($7.26 in chips)
Seat 2: db4ed83 ($5.05 in chips)
Seat 3: 74eac4c ($7.67 in chips)
Seat 4: a8683bb2 ($8.56 in chips)
Seat 5: Hero ($5.07 in chips)
Seat 6: 14afdcc2 ($1.61 in chips)
14afdcc2: posts small blind $0.02
d5f877da: posts big blind $0.05
*** HOLE CARDS ***
Dealt to d5f877da 
Dealt to db4ed83 
Dealt to 74eac4c 
Dealt to a8683bb2 
Dealt to Hero [9s 7h]
Dealt to 14afdcc2 
db4ed83: folds
74eac4c: folds
a8683bb2: folds
Hero: folds
14afdcc2: calls $0.03
d5f877da: checks
*** FLOP *** [Jd 2c Jc]
14afdcc2: checks
d5f877da: checks
*** TURN *** [Jd 2c Jc] [2s]
14afdcc2: checks
d5f877da: checks
*** RIVER *** [Jd 2c Jc 2s] [6h]
14afdcc2: bets $0.1
d5f877da: folds
Uncalled bet ($0.1) returned to 14afdcc2
*** SHOWDOWN ***
14afdcc2 collected $0.1 from pot
*** SUMMARY ***
Total pot $0.1 | Rake $0 | Jackpot $0 | Bingo $0 | Fortune $0
Board [Jd 2c Jc 2s 6h]
Seat 1: d5f877da (big blind) folded on the River
Seat 2: db4ed83 folded before Flop (didn't bet)
Seat 3: 74eac4c folded before Flop (didn't bet)
Seat 4: a8683bb2 folded before Flop (didn't bet)
Seat 5: Hero (button) folded before Flop (didn't bet)
Seat 6: 14afdcc2 (small blind) won ($0.1)


Poker Hand #HD1178319629: Hold'em No Limit  ($0.02/$0.05) - 2023/03/27 17:47:55
Table 'NLHBlue87' 6-max Seat #4 is the button
Seat 1: d5f877da ($5.41 in chips)
Seat 2: db4ed83 ($5.05 in chips)
Seat 3: 74eac4c ($7.67 in chips)
Seat 4: a8683bb2 ($8.56 in chips)
Seat 5: Hero ($5.09 in chips)
Seat 6: 14afdcc2 ($3.69 in chips)
Hero: posts small blind $0.02
14afdcc2: posts big blind $0.05
*** HOLE CARDS ***
Dealt to d5f877da 
Dealt to db4ed83 
Dealt to 74eac4c 
Dealt to a8683bb2 
Dealt to Hero [3s 3d]
Dealt to 14afdcc2 
d5f877da: raises $0.1 to $0.15
db4ed83: folds
74eac4c: folds
a8683bb2: folds
Hero: folds
14afdcc2: calls $0.1
*** FLOP *** [4s Th Qc]
14afdcc2: bets $0.11
d5f877da: calls $0.11
*** TURN *** [4s Th Qc] [Qs]
14afdcc2: bets $0.27
d5f877da: calls $0.27
*** RIVER *** [4s Th Qc Qs] [9c]
14afdcc2: bets $1.55
d5f877da: calls $1.55
14afdcc2: shows [Jc 8d] (Queens-High Straight)
d5f877da: shows [Kd Jd] (Kings-High Straight)
*** SHOWDOWN ***
d5f877da collected $3.93 from pot
*** SUMMARY ***
Total pot $4.18 | Rake $0.2 | Jackpot $0.05 | Bingo $0 | Fortune $0
Board [4s Th Qc Qs 9c]
Seat 1: d5f877da showed [Kd Jd] and won ($3.93) with Kings-High Straight
Seat 2: db4ed83 folded before Flop (didn't bet)
Seat 3: 74eac4c folded before Flop (didn't bet)
Seat 4: a8683bb2 (button) folded before Flop (didn't bet)
Seat 5: Hero (small blind) folded before Flop
Seat 6: 14afdcc2 (big blind) showed [Jc 8d] and lost with Queens-High Straight


Poker Hand #HD1178319560: Hold'em No Limit  ($0.02/$0.05) - 2023/03/27 17:47:30
Table 'NLHBlue87' 6-max Seat #3 is the button
Seat 1: d5f877da ($5.41 in chips)
Seat 2: db4ed83 ($5.05 in chips)
Seat 3: 74eac4c ($7.67 in chips)
Seat 4: a8683bb2 ($8.58 in chips)
Seat 5: Hero ($5.14 in chips)
Seat 6: 14afdcc2 ($3.62 in chips)
a8683bb2: posts small blind $0.02
Hero: posts big blind $0.05
*** HOLE CARDS ***
Dealt to d5f877da 
Dealt to db4ed83 
Dealt to 74eac4c 
Dealt to a8683bb2 
Dealt to Hero [9c 8d]
Dealt to 14afdcc2 
14afdcc2: raises $0.05 to $0.1
d5f877da: folds
db4ed83: folds
74eac4c: folds
a8683bb2: folds
Hero: folds
Uncalled bet ($0.05) returned to 14afdcc2
*** SHOWDOWN ***
14afdcc2 collected $0.12 from pot
*** SUMMARY ***
Total pot $0.12 | Rake $0 | Jackpot $0 | Bingo $0 | Fortune $0
Seat 1: d5f877da folded before Flop (didn't bet)
Seat 2: db4ed83 folded before Flop (didn't bet)
Seat 3: 74eac4c (button) folded before Flop (didn't bet)
Seat 4: a8683bb2 (small blind) folded before Flop
Seat 5: Hero (big blind) folded before Flop
Seat 6: 14afdcc2 collected ($0.12)


Poker Hand #HD1178319520: Hold'em No Limit  ($0.02/$0.05) - 2023/03/27 17:47:14
Table 'NLHBlue87' 6-max Seat #2 is the button
Seat 1: d5f877da ($5.41 in chips)
Seat 2: db4ed83 ($5.05 in chips)
Seat 3: 74eac4c ($7.69 in chips)
Seat 4: a8683bb2 ($8.63 in chips)
Seat 5: Hero ($5.07 in chips)
Seat 6: 14afdcc2 ($3.62 in chips)
74eac4c: posts small blind $0.02
a8683bb2: posts big blind $0.05
*** HOLE CARDS ***
Dealt to d5f877da 
Dealt to db4ed83 
Dealt to 74eac4c 
Dealt to a8683bb2 
Dealt to Hero [8d Ad]
Dealt to 14afdcc2 
Hero: raises $0.07 to $0.12
14afdcc2: folds
d5f877da: folds
db4ed83: folds
74eac4c: folds
a8683bb2: folds
Uncalled bet ($0.07) returned to Hero
*** SHOWDOWN ***
Hero collected $0.12 from pot
*** SUMMARY ***
Total pot $0.12 | Rake $0 | Jackpot $0 | Bingo $0 | Fortune $0
Seat 1: d5f877da folded before Flop (didn't bet)
Seat 2: db4ed83 (button) folded before Flop (didn't bet)
Seat 3: 74eac4c (small blind) folded before Flop
Seat 4: a8683bb2 (big blind) folded before Flop
Seat 5: Hero collected ($0.12)
Seat 6: 14afdcc2 folded before Flop (didn't bet)


Poker Hand #HD1178319457: Hold'em No Limit  ($0.02/$0.05) - 2023/03/27 17:46:55
Table 'NLHBlue87' 6-max Seat #1 is the button
Seat 1: d5f877da ($5.41 in chips)
Seat 2: db4ed83 ($5 in chips)
Seat 3: 74eac4c ($7.74 in chips)
Seat 4: a8683bb2 ($8.63 in chips)
Seat 5: Hero ($5.07 in chips)
Seat 6: 14afdcc2 ($3.62 in chips)
db4ed83: posts small blind $0.02
74eac4c: posts big blind $0.05
*** HOLE CARDS ***
Dealt to d5f877da 
Dealt to db4ed83 
Dealt to 74eac4c 
Dealt to a8683bb2 
Dealt to Hero [5d 9d]
Dealt to 14afdcc2 
a8683bb2: folds
Hero: folds
14afdcc2: folds
d5f877da: folds
db4ed83: raises $0.1 to $0.15
74eac4c: folds
Uncalled bet ($0.1) returned to db4ed83
*** SHOWDOWN ***
db4ed83 collected $0.1 from pot
*** SUMMARY ***
Total pot $0.1 | Rake $0 | Jackpot $0 | Bingo $0 | Fortune $0
Seat 1: d5f877da (button) folded before Flop (didn't bet)
Seat 2: db4ed83 (small blind) collected ($0.1)
Seat 3: 74eac4c (big blind) folded before Flop
Seat 4: a8683bb2 folded before Flop (didn't bet)
Seat 5: Hero folded before Flop (didn't bet)
Seat 6: 14afdcc2 folded before Flop (didn't bet)


Poker Hand #HD1178319358: Hold'em No Limit  ($0.02/$0.05) - 2023/03/27 17:46:22
Table 'NLHBlue87' 6-max Seat #6 is the button
Seat 1: d5f877da ($5.43 in chips)
Seat 2: db4ed83 ($5 in chips)
Seat 4: a8683bb2 ($8.63 in chips)
Seat 5: Hero ($5.07 in chips)
Seat 6: 14afdcc2 ($3.51 in chips)
d5f877da: posts small blind $0.02
db4ed83: posts big blind $0.05
*** HOLE CARDS ***
Dealt to d5f877da 
Dealt to db4ed83 
Dealt to a8683bb2 
Dealt to Hero [3h 2s]
Dealt to 14afdcc2 
a8683bb2: folds
Hero: folds
14afdcc2: raises $0.05 to $0.1
d5f877da: folds
db4ed83: calls $0.05
*** FLOP *** [8c 5h 4s]
db4ed83: checks
14afdcc2: checks
*** TURN *** [8c 5h 4s] [6s]
db4ed83: checks
14afdcc2: bets $0.17
db4ed83: folds
Uncalled bet ($0.17) returned to 14afdcc2
*** SHOWDOWN ***
14afdcc2 collected $0.21 from pot
*** SUMMARY ***
Total pot $0.22 | Rake $0.01 | Jackpot $0 | Bingo $0 | Fortune $0
Board [8c 5h 4s 6s]
Seat 1: d5f877da (small blind) folded before Flop
Seat 2: db4ed83 (big blind) folded on the Turn
Seat 4: a8683bb2 folded before Flop (didn't bet)
Seat 5: Hero folded before Flop (didn't bet)
Seat 6: 14afdcc2 (button) won ($0.21)


Poker Hand #HD1178319298: Hold'em No Limit  ($0.02/$0.05) - 2023/03/27 17:46:00
Table 'NLHBlue87' 6-max Seat #5 is the button
Seat 1: d5f877da ($5.48 in chips)
Seat 2: db4ed83 ($5 in chips)
Seat 4: a8683bb2 ($8.63 in chips)
Seat 5: Hero ($5 in chips)
Seat 6: 14afdcc2 ($3.53 in chips)
14afdcc2: posts small blind $0.02
d5f877da: posts big blind $0.05
*** HOLE CARDS ***
Dealt to d5f877da 
Dealt to db4ed83 
Dealt to a8683bb2 
Dealt to Hero [Ad Qs]
Dealt to 14afdcc2 
db4ed83: folds
a8683bb2: folds
Hero: raises $0.07 to $0.12
14afdcc2: folds
d5f877da: folds
Uncalled bet ($0.07) returned to Hero
*** SHOWDOWN ***
Hero collected $0.12 from pot
*** SUMMARY ***
Total pot $0.12 | Rake $0 | Jackpot $0 | Bingo $0 | Fortune $0
Seat 1: d5f877da (big blind) folded before Flop
Seat 2: db4ed83 folded before Flop (didn't bet)
Seat 4: a8683bb2 folded before Flop (didn't bet)
Seat 5: Hero (button) collected ($0.12)
Seat 6: 14afdcc2 (small blind) folded before Flop


Poker Hand #HD1178319206: Hold'em No Limit  ($0.02/$0.05) - 2023/03/27 17:45:28
Table 'NLHBlue87' 6-max Seat #4 is the button
Seat 1: d5f877da ($5.48 in chips)
Seat 2: db4ed83 ($5 in chips)
Seat 4: a8683bb2 ($8.47 in chips)
Seat 5: Hero ($5 in chips)
Seat 6: 14afdcc2 ($3.68 in chips)
Hero: posts small blind $0.02
14afdcc2: posts big blind $0.05
*** HOLE CARDS ***
Dealt to d5f877da 
Dealt to db4ed83 
Dealt to a8683bb2 
Dealt to Hero [7h Qc]
Dealt to 14afdcc2 
d5f877da: folds
db4ed83: folds
a8683bb2: raises $0.05 to $0.1
Hero: folds
14afdcc2: calls $0.05
*** FLOP *** [Ac 5d Qs]
14afdcc2: checks
a8683bb2: bets $0.05
14afdcc2: calls $0.05
*** TURN *** [Ac 5d Qs] [6s]
14afdcc2: checks
a8683bb2: checks
*** RIVER *** [Ac 5d Qs 6s] [Ts]
14afdcc2: checks
a8683bb2: checks
14afdcc2: shows [Kc Td] (Pair of Tens)
a8683bb2: shows [8s Qd] (Pair of Queens)
*** SHOWDOWN ***
a8683bb2 collected $0.31 from pot
*** SUMMARY ***
Total pot $0.32 | Rake $0.01 | Jackpot $0 | Bingo $0 | Fortune $0
Board [Ac 5d Qs 6s Ts]
Seat 1: d5f877da folded before Flop (didn't bet)
Seat 2: db4ed83 folded before Flop (didn't bet)
Seat 4: a8683bb2 (button) showed [8s Qd] and won ($0.31) with Pair of Queens
Seat 5: Hero (small blind) folded before Flop
Seat 6: 14afdcc2 (big blind) showed [Kc Td] and lost with Pair of Tens


Poker Hand #HD1178319141: Hold'em No Limit  ($0.02/$0.05) - 2023/03/27 17:45:02
Table 'NLHBlue87' 6-max Seat #2 is the button
Seat 1: d5f877da ($5.48 in chips)
Seat 2: db4ed83 ($5 in chips)
Seat 4: a8683bb2 ($8.49 in chips)
Seat 5: Hero ($5 in chips)
Seat 6: 14afdcc2 ($3.61 in chips)
a8683bb2: posts small blind $0.02
Hero: posts big blind $0.05
*** HOLE CARDS ***
Dealt to d5f877da 
Dealt to db4ed83 
Dealt to a8683bb2 
Dealt to Hero [2c Ah]
Dealt to 14afdcc2 
14afdcc2: raises $0.15 to $0.2
d5f877da: folds
db4ed83: folds
a8683bb2: folds
Hero: folds
Uncalled bet ($0.15) returned to 14afdcc2
*** SHOWDOWN ***
14afdcc2 collected $0.12 from pot
*** SUMMARY ***
Total pot $0.12 | Rake $0 | Jackpot $0 | Bingo $0 | Fortune $0
Seat 1: d5f877da folded before Flop (didn't bet)
Seat 2: db4ed83 (button) folded before Flop (didn't bet)
Seat 4: a8683bb2 (small blind) folded before Flop
Seat 5: Hero (big blind) folded before Flop
Seat 6: 14afdcc2 collected ($0.12)


Poker Hand #HD1178319029: Hold'em No Limit  ($0.02/$0.05) - 2023/03/27 17:44:22
Table 'NLHBlue87' 6-max Seat #1 is the button
Seat 1: d5f877da ($5.48 in chips)
Seat 2: db4ed83 ($5 in chips)
Seat 4: a8683bb2 ($8.74 in chips)
Seat 5: Hero ($5 in chips)
Seat 6: 14afdcc2 ($3.36 in chips)
db4ed83: posts small blind $0.02
a8683bb2: posts big blind $0.05
*** HOLE CARDS ***
Dealt to d5f877da 
Dealt to db4ed83 
Dealt to a8683bb2 
Dealt to Hero [Jd 7c]
Dealt to 14afdcc2 
Hero: folds
14afdcc2: raises $0.05 to $0.1
d5f877da: folds
db4ed83: folds
a8683bb2: calls $0.05
*** FLOP *** [Jh 3s 4h]
a8683bb2: checks
14afdcc2: checks
*** TURN *** [Jh 3s 4h] [7s]
a8683bb2: bets $0.15
14afdcc2: calls $0.15
*** RIVER *** [Jh 3s 4h 7s] [Js]
a8683bb2: checks
14afdcc2: checks
a8683bb2: shows [8d Ts] (Pair of Jacks)
14afdcc2: shows [As 2d] (Pair of Jacks)
*** SHOWDOWN ***
14afdcc2 collected $0.5 from pot
*** SUMMARY ***
Total pot $0.52 | Rake $0.02 | Jackpot $0 | Bingo $0 | Fortune $0
Board [Jh 3s 4h 7s Js]
Seat 1: d5f877da (button) folded before Flop (didn't bet)
Seat 2: db4ed83 (small blind) folded before Flop
Seat 4: a8683bb2 (big blind) showed [8d Ts] and lost with Pair of Jacks
Seat 5: Hero folded before Flop (didn't bet)
Seat 6: 14afdcc2 showed [As 2d] and won ($0.5) with Pair of Jacks


Poker Hand #HD1178318809: Hold'em No Limit  ($0.02/$0.05) - 2023/03/27 17:42:56
Table 'NLHBlue87' 6-max Seat #6 is the button
Seat 1: d5f877da ($5.5 in chips)
Seat 2: db4ed83 ($5.04 in chips)
Seat 4: a8683bb2 ($7.43 in chips)
Seat 5: Hero ($5 in chips)
Seat 6: 14afdcc2 ($3.7 in chips)
d5f877da: posts small blind $0.02
db4ed83: posts big blind $0.05
*** HOLE CARDS ***
Dealt to d5f877da 
Dealt to db4ed83 
Dealt to a8683bb2 
Dealt to Hero [3h 7d]
Dealt to 14afdcc2 
a8683bb2: raises $0.08 to $0.13
Hero: folds
14afdcc2: calls $0.13
d5f877da: folds
db4ed83: calls $0.08
*** FLOP *** [4h 9d 5c]
db4ed83: checks
a8683bb2: checks
14afdcc2: bets $0.21
db4ed83: calls $0.21
a8683bb2: calls $0.21
*** TURN *** [4h 9d 5c] [9s]
db4ed83: checks
a8683bb2: checks
14afdcc2: checks
*** RIVER *** [4h 9d 5c 9s] [8c]
db4ed83: checks
a8683bb2: bets $0.78
14afdcc2: folds
db4ed83: calls $0.78
a8683bb2: shows [Tc 9c] (Three Nines)
db4ed83: shows [Kd 5d] (Pair of Nines and Pair of Fives)
*** SHOWDOWN ***
a8683bb2 collected $2.43 from pot
*** SUMMARY ***
Total pot $2.6 | Rake $0.12 | Jackpot $0.05 | Bingo $0 | Fortune $0
Board [4h 9d 5c 9s 8c]
Seat 1: d5f877da (small blind) folded before Flop
Seat 2: db4ed83 (big blind) showed [Kd 5d] and lost with Pair of Nines and Pair of Fives
Seat 4: a8683bb2 showed [Tc 9c] and won ($2.43) with Three Nines
Seat 5: Hero folded before Flop (didn't bet)
Seat 6: 14afdcc2 (button) folded on the River


Poker Hand #HD1178318714: Hold'em No Limit  ($0.02/$0.05) - 2023/03/27 17:42:18
Table 'NLHBlue87' 6-max Seat #5 is the button
Seat 1: d5f877da ($5.55 in chips)
Seat 4: a8683bb2 ($7.16 in chips)
Seat 5: Hero ($5 in chips)
Seat 6: 14afdcc2 ($3.94 in chips)
14afdcc2: posts small blind $0.02
d5f877da: posts big blind $0.05
*** HOLE CARDS ***
Dealt to d5f877da 
Dealt to a8683bb2 
Dealt to Hero [As 7d]
Dealt to 14afdcc2 
a8683bb2: raises $0.08 to $0.13
Hero: folds
14afdcc2: calls $0.11
d5f877da: folds
*** FLOP *** [Ah 5c 8c]
14afdcc2: checks
a8683bb2: bets $0.11
14afdcc2: calls $0.11
*** TURN *** [Ah 5c 8c] [Qs]
14afdcc2: checks
a8683bb2: checks
*** RIVER *** [Ah 5c 8c Qs] [7h]
14afdcc2: checks
a8683bb2: bets $0.18
14afdcc2: folds
Uncalled bet ($0.18) returned to a8683bb2
*** SHOWDOWN ***
a8683bb2 collected $0.51 from pot
*** SUMMARY ***
Total pot $0.53 | Rake $0.02 | Jackpot $0 | Bingo $0 | Fortune $0
Board [Ah 5c 8c Qs 7h]
Seat 1: d5f877da (big blind) folded before Flop
Seat 4: a8683bb2 won ($0.51)
Seat 5: Hero (button) folded before Flop (didn't bet)
Seat 6: 14afdcc2 (small blind) folded on the River


Poker Hand #HD1178318636: Hold'em No Limit  ($0.02/$0.05) - 2023/03/27 17:41:49
Table 'NLHBlue87' 6-max Seat #4 is the button
Seat 1: d5f877da ($5.55 in chips)
Seat 4: a8683bb2 ($7.34 in chips)
Seat 5: Hero ($5 in chips)
Seat 6: 14afdcc2 ($3.75 in chips)
Hero: posts small blind $0.02
14afdcc2: posts big blind $0.05
*** HOLE CARDS ***
Dealt to d5f877da 
Dealt to a8683bb2 
Dealt to Hero [2d 3h]
Dealt to 14afdcc2 
d5f877da: folds
a8683bb2: raises $0.08 to $0.13
Hero: folds
14afdcc2: calls $0.08
*** FLOP *** [8c Qs 2c]
14afdcc2: checks
a8683bb2: bets $0.05
14afdcc2: calls $0.05
*** TURN *** [8c Qs 2c] [Jh]
14afdcc2: bets $0.13
a8683bb2: folds
Uncalled bet ($0.13) returned to 14afdcc2
*** SHOWDOWN ***
14afdcc2 collected $0.37 from pot
*** SUMMARY ***
Total pot $0.38 | Rake $0.01 | Jackpot $0 | Bingo $0 | Fortune $0
Board [8c Qs 2c Jh]
Seat 1: d5f877da folded before Flop (didn't bet)
Seat 4: a8683bb2 (button) folded on the Turn
Seat 5: Hero (small blind) folded before Flop
Seat 6: 14afdcc2 (big blind) won ($0.37)


Poker Hand #HD1178318503: Hold'em No Limit  ($0.02/$0.05) - 2023/03/27 17:41:03
Table 'NLHBlue87' 6-max Seat #1 is the button
Seat 1: d5f877da ($5.6 in chips)
Seat 4: a8683bb2 ($7.36 in chips)
Seat 5: Hero ($5 in chips)
Seat 6: 14afdcc2 ($3.63 in chips)
a8683bb2: posts small blind $0.02
Hero: posts big blind $0.05
*** HOLE CARDS ***
Dealt to d5f877da 
Dealt to a8683bb2 
Dealt to Hero [7c 4c]
Dealt to 14afdcc2 
14afdcc2: calls $0.05
d5f877da: calls $0.05
a8683bb2: folds
Hero: checks
*** FLOP *** [Kh 6s Qh]
Hero: checks
14afdcc2: checks
d5f877da: checks
*** TURN *** [Kh 6s Qh] [Ad]
Hero: checks
14afdcc2: bets $0.17
d5f877da: folds
Hero: folds
Uncalled bet ($0.17) returned to 14afdcc2
*** SHOWDOWN ***
14afdcc2 collected $0.17 from pot
*** SUMMARY ***
Total pot $0.17 | Rake $0 | Jackpot $0 | Bingo $0 | Fortune $0
Board [Kh 6s Qh Ad]
Seat 1: d5f877da (button) folded on the Turn
Seat 4: a8683bb2 (small blind) folded before Flop
Seat 5: Hero (big blind) folded on the Turn
Seat 6: 14afdcc2 won ($0.17)


Poker Hand #HD1178318360: Hold'em No Limit  ($0.02/$0.05) - 2023/03/27 17:40:08
Table 'NLHBlue87' 6-max Seat #6 is the button
Seat 1: d5f877da ($5.62 in chips)
Seat 4: a8683bb2 ($7.77 in chips)
Seat 5: Hero ($5 in chips)
Seat 6: 14afdcc2 ($3.24 in chips)
d5f877da: posts small blind $0.02
a8683bb2: posts big blind $0.05
*** HOLE CARDS ***
Dealt to d5f877da 
Dealt to a8683bb2 
Dealt to Hero [4c Qd]
Dealt to 14afdcc2 
Hero: folds
14afdcc2: raises $0.05 to $0.1
d5f877da: folds
a8683bb2: calls $0.05
*** FLOP *** [Ad Js 9d]
a8683bb2: checks
14afdcc2: checks
*** TURN *** [Ad Js 9d] [Tc]
a8683bb2: bets $0.31
14afdcc2: raises $0.49 to $0.8
a8683bb2: folds
Uncalled bet ($0.49) returned to 14afdcc2
*** SHOWDOWN ***
14afdcc2 collected $0.8 from pot
*** SUMMARY ***
Total pot $0.84 | Rake $0.04 | Jackpot $0 | Bingo $0 | Fortune $0
Board [Ad Js 9d Tc]
Seat 1: d5f877da (small blind) folded before Flop
Seat 4: a8683bb2 (big blind) folded on the Turn
Seat 5: Hero folded before Flop (didn't bet)
Seat 6: 14afdcc2 (button) won ($0.8)


Poker Hand #HD1178318326: Hold'em No Limit  ($0.02/$0.05) - 2023/03/27 17:39:57
Table 'NLHBlue87' 6-max Seat #5 is the button
Seat 1: d5f877da ($5.67 in chips)
Seat 4: a8683bb2 ($7.7 in chips)
Seat 5: Hero ($5 in chips)
Seat 6: 14afdcc2 ($3.26 in chips)
14afdcc2: posts small blind $0.02
d5f877da: posts big blind $0.05
*** HOLE CARDS ***
Dealt to d5f877da 
Dealt to a8683bb2 
Dealt to Hero [8c 4s]
Dealt to 14afdcc2 
a8683bb2: raises $0.05 to $0.1
Hero: folds
14afdcc2: folds
d5f877da: folds
Uncalled bet ($0.05) returned to a8683bb2
*** SHOWDOWN ***
a8683bb2 collected $0.12 from pot
*** SUMMARY ***
Total pot $0.12 | Rake $0 | Jackpot $0 | Bingo $0 | Fortune $0
Seat 1: d5f877da (big blind) folded before Flop
Seat 4: a8683bb2 collected ($0.12)
Seat 5: Hero (button) folded before Flop (didn't bet)
Seat 6: 14afdcc2 (small blind) folded before Flop


Poker Hand #HD1178318205: Hold'em No Limit  ($0.02/$0.05) - 2023/03/27 17:39:16
Table 'NLHBlue87' 6-max Seat #4 is the button
Seat 1: d5f877da ($5.51 in chips)
Seat 4: a8683bb2 ($7.7 in chips)
Seat 5: Hero ($5.02 in chips)
Seat 6: 14afdcc2 ($3.41 in chips)
Hero: posts small blind $0.02
14afdcc2: posts big blind $0.05
*** HOLE CARDS ***
Dealt to d5f877da 
Dealt to a8683bb2 
Dealt to Hero [2s 5c]
Dealt to 14afdcc2 
d5f877da: raises $0.1 to $0.15
a8683bb2: folds
Hero: folds
14afdcc2: calls $0.1
*** FLOP *** [7h 9h Kh]
14afdcc2: checks
d5f877da: checks
*** TURN *** [7h 9h Kh] [2d]
14afdcc2: checks
d5f877da: bets $0.16
14afdcc2: folds
Uncalled bet ($0.16) returned to d5f877da
*** SHOWDOWN ***
d5f877da collected $0.31 from pot
*** SUMMARY ***
Total pot $0.32 | Rake $0.01 | Jackpot $0 | Bingo $0 | Fortune $0
Board [7h 9h Kh 2d]
Seat 1: d5f877da won ($0.31)
Seat 4: a8683bb2 (button) folded before Flop (didn't bet)
Seat 5: Hero (small blind) folded before Flop
Seat 6: 14afdcc2 (big blind) folded on the Turn


Poker Hand #HD1178318177: Hold'em No Limit  ($0.02/$0.05) - 2023/03/27 17:39:06
Table 'NLHBlue87' 6-max Seat #1 is the button
Seat 1: d5f877da ($5.51 in chips)
Seat 4: a8683bb2 ($7.72 in chips)
Seat 5: Hero ($5 in chips)
Seat 6: 14afdcc2 ($3.41 in chips)
a8683bb2: posts small blind $0.02
Hero: posts big blind $0.05
*** HOLE CARDS ***
Dealt to d5f877da 
Dealt to a8683bb2 
Dealt to Hero [8s 5h]
Dealt to 14afdcc2 
14afdcc2: folds
d5f877da: folds
a8683bb2: folds
Uncalled bet ($0.03) returned to Hero
*** SHOWDOWN ***
Hero collected $0.04 from pot
*** SUMMARY ***
Total pot $0.04 | Rake $0 | Jackpot $0 | Bingo $0 | Fortune $0
Seat 1: d5f877da (button) folded before Flop (didn't bet)
Seat 4: a8683bb2 (small blind) folded before Flop
Seat 5: Hero (big blind) collected ($0.04)
Seat 6: 14afdcc2 folded before Flop (didn't bet)


Poker Hand #HD1178318156: Hold'em No Limit  ($0.02/$0.05) - 2023/03/27 17:38:58
Table 'NLHBlue87' 6-max Seat #6 is the button
Seat 1: d5f877da ($5.53 in chips)
Seat 4: a8683bb2 ($7.7 in chips)
Seat 5: Hero ($5 in chips)
Seat 6: 14afdcc2 ($3.41 in chips)
d5f877da: posts small blind $0.02
a8683bb2: posts big blind $0.05
*** HOLE CARDS ***
Dealt to d5f877da 
Dealt to a8683bb2 
Dealt to Hero [2d 8d]
Dealt to 14afdcc2 
Hero: folds
14afdcc2: folds
d5f877da: folds
Uncalled bet ($0.03) returned to a8683bb2
*** SHOWDOWN ***
a8683bb2 collected $0.04 from pot
*** SUMMARY ***
Total pot $0.04 | Rake $0 | Jackpot $0 | Bingo $0 | Fortune $0
Seat 1: d5f877da (small blind) folded before Flop
Seat 4: a8683bb2 (big blind) collected ($0.04)
Seat 5: Hero folded before Flop (didn't bet)
Seat 6: 14afdcc2 (button) folded before Flop (didn't bet)


Poker Hand #HD1178318046: Hold'em No Limit  ($0.02/$0.05) - 2023/03/27 17:38:22
Table 'NLHBlue87' 6-max Seat #5 is the button
Seat 1: d5f877da ($5.58 in chips)
Seat 4: a8683bb2 ($7.83 in chips)
Seat 5: Hero ($5 in chips)
Seat 6: 14afdcc2 ($3.24 in chips)
14afdcc2: posts small blind $0.02
d5f877da: posts big blind $0.05
*** HOLE CARDS ***
Dealt to d5f877da 
Dealt to a8683bb2 
Dealt to Hero [Jh 9s]
Dealt to 14afdcc2 
a8683bb2: raises $0.08 to $0.13
Hero: folds
14afdcc2: raises $0.62 to $0.75
d5f877da: folds
a8683bb2: folds
Uncalled bet ($0.62) returned to 14afdcc2
*** SHOWDOWN ***
14afdcc2 collected $0.3 from pot
*** SUMMARY ***
Total pot $0.31 | Rake $0.01 | Jackpot $0 | Bingo $0 | Fortune $0
Seat 1: d5f877da (big blind) folded before Flop
Seat 4: a8683bb2 folded before Flop
Seat 5: Hero (button) folded before Flop (didn't bet)
Seat 6: 14afdcc2 (small blind) collected ($0.3)


Poker Hand #HD1178318019: Hold'em No Limit  ($0.02/$0.05) - 2023/03/27 17:38:14
Table 'NLHBlue87' 6-max Seat #4 is the button
Seat 1: d5f877da ($5.58 in chips)
Seat 4: a8683bb2 ($7.83 in chips)
Seat 5: Hero ($5.02 in chips)
Seat 6: 14afdcc2 ($3.22 in chips)
Hero: posts small blind $0.02
14afdcc2: posts big blind $0.05
*** HOLE CARDS ***
Dealt to d5f877da 
Dealt to a8683bb2 
Dealt to Hero [Ts 7h]
Dealt to 14afdcc2 
d5f877da: folds
a8683bb2: folds
Hero: folds
Uncalled bet ($0.03) returned to 14afdcc2
*** SHOWDOWN ***
14afdcc2 collected $0.04 from pot
*** SUMMARY ***
Total pot $0.04 | Rake $0 | Jackpot $0 | Bingo $0 | Fortune $0
Seat 1: d5f877da folded before Flop (didn't bet)
Seat 4: a8683bb2 (button) folded before Flop (didn't bet)
Seat 5: Hero (small blind) folded before Flop
Seat 6: 14afdcc2 (big blind) collected ($0.04)


Poker Hand #HD1178317996: Hold'em No Limit  ($0.02/$0.05) - 2023/03/27 17:38:03
Table 'NLHBlue87' 6-max Seat #1 is the button
Seat 1: d5f877da ($5.58 in chips)
Seat 4: a8683bb2 ($7.85 in chips)
Seat 5: Hero ($5 in chips)
Seat 6: 14afdcc2 ($3.22 in chips)
a8683bb2: posts small blind $0.02
Hero: posts big blind $0.05
*** HOLE CARDS ***
Dealt to d5f877da 
Dealt to a8683bb2 
Dealt to Hero [Ah 3h]
Dealt to 14afdcc2 
14afdcc2: folds
d5f877da: folds
a8683bb2: folds
Uncalled bet ($0.03) returned to Hero
*** SHOWDOWN ***
Hero collected $0.04 from pot
*** SUMMARY ***
Total pot $0.04 | Rake $0 | Jackpot $0 | Bingo $0 | Fortune $0
Seat 1: d5f877da (button) folded before Flop (didn't bet)
Seat 4: a8683bb2 (small blind) folded before Flop
Seat 5: Hero (big blind) collected ($0.04)
Seat 6: 14afdcc2 folded before Flop (didn't bet)


Poker Hand #HD1178317964: Hold'em No Limit  ($0.02/$0.05) - 2023/03/27 17:37:50
Table 'NLHBlue87' 6-max Seat #6 is the button
Seat 1: d5f877da ($5.6 in chips)
Seat 4: a8683bb2 ($7.83 in chips)
Seat 5: Hero ($5 in chips)
Seat 6: 14afdcc2 ($3.22 in chips)
d5f877da: posts small blind $0.02
a8683bb2: posts big blind $0.05
*** HOLE CARDS ***
Dealt to d5f877da 
Dealt to a8683bb2 
Dealt to Hero [Qd 8s]
Dealt to 14afdcc2 
Hero: folds
14afdcc2: folds
d5f877da: folds
Uncalled bet ($0.03) returned to a8683bb2
*** SHOWDOWN ***
a8683bb2 collected $0.04 from pot
*** SUMMARY ***
Total pot $0.04 | Rake $0 | Jackpot $0 | Bingo $0 | Fortune $0
Seat 1: d5f877da (small blind) folded before Flop
Seat 4: a8683bb2 (big blind) collected ($0.04)
Seat 5: Hero folded before Flop (didn't bet)
Seat 6: 14afdcc2 (button) folded before Flop (didn't bet)


Poker Hand #HD1178317891: Hold'em No Limit  ($0.02/$0.05) - 2023/03/27 17:37:25
Table 'NLHBlue87' 6-max Seat #5 is the button
Seat 1: d5f877da ($5.55 in chips)
Seat 4: a8683bb2 ($7.83 in chips)
Seat 5: Hero ($5 in chips)
Seat 6: 14afdcc2 ($3.27 in chips)
14afdcc2: posts small blind $0.02
d5f877da: posts big blind $0.05
*** HOLE CARDS ***
Dealt to d5f877da 
Dealt to a8683bb2 
Dealt to Hero [Js 2c]
Dealt to 14afdcc2 
a8683bb2: folds
Hero: folds
14afdcc2: calls $0.03
d5f877da: checks
*** FLOP *** [Th 6c 7h]
14afdcc2: checks
d5f877da: bets $0.08
14afdcc2: folds
Uncalled bet ($0.08) returned to d5f877da
*** SHOWDOWN ***
d5f877da collected $0.1 from pot
*** SUMMARY ***
Total pot $0.1 | Rake $0 | Jackpot $0 | Bingo $0 | Fortune $0
Board [Th 6c 7h]
Seat 1: d5f877da (big blind) won ($0.1)
Seat 4: a8683bb2 folded before Flop (didn't bet)
Seat 5: Hero (button) folded before Flop (didn't bet)
Seat 6: 14afdcc2 (small blind) folded on the Flop


Poker Hand #HD1178317809: Hold'em No Limit  ($0.02/$0.05) - 2023/03/27 17:36:53
Table 'NLHBlue87' 6-max Seat #4 is the button
Seat 1: d5f877da ($5.55 in chips)
Seat 2: db4ed83 ($5.04 in chips)
Seat 4: a8683bb2 ($7.83 in chips)
Seat 5: Hero ($5 in chips)
Seat 6: 14afdcc2 ($3.01 in chips)
Hero: posts small blind $0.02
14afdcc2: posts big blind $0.05
*** HOLE CARDS ***
Dealt to d5f877da 
Dealt to db4ed83 
Dealt to a8683bb2 
Dealt to Hero [Ah 4h]
Dealt to 14afdcc2 
d5f877da: folds
db4ed83: folds
a8683bb2: folds
Hero: raises $0.09 to $0.14
14afdcc2: calls $0.09
*** FLOP *** [8s 9d 7h]
Hero: bets $0.14
14afdcc2: calls $0.14
*** TURN *** [8s 9d 7h] [7c]
Hero: checks
14afdcc2: bets $0.42
Hero: folds
Uncalled bet ($0.42) returned to 14afdcc2
*** SHOWDOWN ***
14afdcc2 collected $0.54 from pot
*** SUMMARY ***
Total pot $0.56 | Rake $0.02 | Jackpot $0 | Bingo $0 | Fortune $0
Board [8s 9d 7h 7c]
Seat 1: d5f877da folded before Flop (didn't bet)
Seat 2: db4ed83 folded before Flop (didn't bet)
Seat 4: a8683bb2 (button) folded before Flop (didn't bet)
Seat 5: Hero (small blind) folded on the Turn
Seat 6: 14afdcc2 (big blind) won ($0.54)


Poker Hand #HD1178317707: Hold'em No Limit  ($0.02/$0.05) - 2023/03/27 17:36:15
Table 'NLHBlue87' 6-max Seat #2 is the button
Seat 1: d5f877da ($5.55 in chips)
Seat 2: db4ed83 ($5.04 in chips)
Seat 4: a8683bb2 ($7.69 in chips)
Seat 5: Hero ($5 in chips)
Seat 6: 14afdcc2 ($3.01 in chips)
a8683bb2: posts small blind $0.02
Hero: posts big blind $0.05
*** HOLE CARDS ***
Dealt to d5f877da 
Dealt to db4ed83 
Dealt to a8683bb2 
Dealt to Hero [Ts Kc]
Dealt to 14afdcc2 
14afdcc2: folds
d5f877da: folds
db4ed83: folds
a8683bb2: raises $0.1 to $0.15
Hero: calls $0.1
*** FLOP *** [Js 8s 3d]
a8683bb2: checks
Hero: checks
*** TURN *** [Js 8s 3d] [9d]
a8683bb2: checks
Hero: checks
*** RIVER *** [Js 8s 3d 9d] [8c]
a8683bb2: checks
Hero: checks
a8683bb2: shows [5s Ah] (Pair of Eights)
Hero: shows [Ts Kc] (Pair of Eights)
*** SHOWDOWN ***
a8683bb2 collected $0.29 from pot
*** SUMMARY ***
Total pot $0.3 | Rake $0.01 | Jackpot $0 | Bingo $0 | Fortune $0
Board [Js 8s 3d 9d 8c]
Seat 1: d5f877da folded before Flop (didn't bet)
Seat 2: db4ed83 (button) folded before Flop (didn't bet)
Seat 4: a8683bb2 (small blind) showed [5s Ah] and won ($0.29) with Pair of Eights
Seat 5: Hero (big blind) showed [Ts Kc] and lost with Pair of Eights
Seat 6: 14afdcc2 folded before Flop (didn't bet)


Poker Hand #HD1178317606: Hold'em No Limit  ($0.02/$0.05) - 2023/03/27 17:35:40
Table 'NLHBlue87' 6-max Seat #1 is the button
Seat 1: d5f877da ($5.55 in chips)
Seat 2: db4ed83 ($5.06 in chips)
Seat 4: a8683bb2 ($7.74 in chips)
Seat 5: Hero ($5 in chips)
Seat 6: 14afdcc2 ($2.94 in chips)
db4ed83: posts small blind $0.02
a8683bb2: posts big blind $0.05
*** HOLE CARDS ***
Dealt to d5f877da 
Dealt to db4ed83 
Dealt to a8683bb2 
Dealt to Hero [9s 3c]
Dealt to 14afdcc2 
Hero: folds
14afdcc2: raises $0.05 to $0.1
d5f877da: folds
db4ed83: folds
a8683bb2: folds
Uncalled bet ($0.05) returned to 14afdcc2
*** SHOWDOWN ***
14afdcc2 collected $0.12 from pot
*** SUMMARY ***
Total pot $0.12 | Rake $0 | Jackpot $0 | Bingo $0 | Fortune $0
Seat 1: d5f877da (button) folded before Flop (didn't bet)
Seat 2: db4ed83 (small blind) folded before Flop
Seat 4: a8683bb2 (big blind) folded before Flop
Seat 5: Hero folded before Flop (didn't bet)
Seat 6: 14afdcc2 collected ($0.12)


Poker Hand #HD1178317561: Hold'em No Limit  ($0.02/$0.05) - 2023/03/27 17:35:24
Table 'NLHBlue87' 6-max Seat #6 is the button
Seat 1: d5f877da ($5.57 in chips)
Seat 2: db4ed83 ($5.11 in chips)
Seat 3: 74eac4c ($7.74 in chips)
Seat 4: a8683bb2 ($7.67 in chips)
Seat 5: Hero ($5 in chips)
Seat 6: 14afdcc2 ($2.94 in chips)
d5f877da: posts small blind $0.02
db4ed83: posts big blind $0.05
*** HOLE CARDS ***
Dealt to d5f877da 
Dealt to db4ed83 
Dealt to 74eac4c 
Dealt to a8683bb2 
Dealt to Hero [9c 2s]
Dealt to 14afdcc2 
74eac4c: folds
a8683bb2: raises $0.08 to $0.13
Hero: folds
14afdcc2: folds
d5f877da: folds
db4ed83: folds
Uncalled bet ($0.08) returned to a8683bb2
*** SHOWDOWN ***
a8683bb2 collected $0.12 from pot
*** SUMMARY ***
Total pot $0.12 | Rake $0 | Jackpot $0 | Bingo $0 | Fortune $0
Seat 1: d5f877da (small blind) folded before Flop
Seat 2: db4ed83 (big blind) folded before Flop
Seat 3: 74eac4c folded before Flop (didn't bet)
Seat 4: a8683bb2 collected ($0.12)
Seat 5: Hero folded before Flop (didn't bet)
Seat 6: 14afdcc2 (button) folded before Flop (didn't bet)


Poker Hand #HD1178317376: Hold'em No Limit  ($0.02/$0.05) - 2023/03/27 17:34:08
Table 'NLHBlue87' 6-max Seat #5 is the button
Seat 1: d5f877da ($5.62 in chips)
Seat 2: db4ed83 ($5.11 in chips)
Seat 3: 74eac4c ($7.74 in chips)
Seat 4: a8683bb2 ($7.4 in chips)
Seat 5: Hero ($5 in chips)
Seat 6: 14afdcc2 ($3.18 in chips)
14afdcc2: posts small blind $0.02
d5f877da: posts big blind $0.05
*** HOLE CARDS ***
Dealt to d5f877da 
Dealt to db4ed83 
Dealt to 74eac4c 
Dealt to a8683bb2 
Dealt to Hero [Tc 4d]
Dealt to 14afdcc2 
db4ed83: folds
74eac4c: folds
a8683bb2: raises $0.08 to $0.13
Hero: folds
14afdcc2: calls $0.11
d5f877da: folds
*** FLOP *** [2d Jc 9s]
14afdcc2: checks
a8683bb2: bets $0.11
14afdcc2: calls $0.11
*** TURN *** [2d Jc 9s] [Jd]
14afdcc2: checks
a8683bb2: bets $0.18
14afdcc2: folds
Uncalled bet ($0.18) returned to a8683bb2
*** SHOWDOWN ***
a8683bb2 collected $0.51 from pot
*** SUMMARY ***
Total pot $0.53 | Rake $0.02 | Jackpot $0 | Bingo $0 | Fortune $0
Board [2d Jc 9s Jd]
Seat 1: d5f877da (big blind) folded before Flop
Seat 2: db4ed83 folded before Flop (didn't bet)
Seat 3: 74eac4c folded before Flop (didn't bet)
Seat 4: a8683bb2 won ($0.51)
Seat 5: Hero (button) folded before Flop (didn't bet)
Seat 6: 14afdcc2 (small blind) folded on the Turn


Poker Hand #HD1178317278: Hold'em No Limit  ($0.02/$0.05) - 2023/03/27 17:33:32
Table 'NLHBlue87' 6-max Seat #4 is the button
Seat 1: d5f877da ($5.62 in chips)
Seat 2: db4ed83 ($5.11 in chips)
Seat 3: 74eac4c ($7.67 in chips)
Seat 4: a8683bb2 ($7.4 in chips)
Seat 5: Hero ($5 in chips)
Seat 6: 14afdcc2 ($3.23 in chips)
Hero: posts small blind $0.02
14afdcc2: posts big blind $0.05
*** HOLE CARDS ***
Dealt to d5f877da 
Dealt to db4ed83 
Dealt to 74eac4c 
Dealt to a8683bb2 
Dealt to Hero [4h 3d]
Dealt to 14afdcc2 
d5f877da: folds
db4ed83: folds
74eac4c: raises $0.08 to $0.13
a8683bb2: folds
Hero: folds
14afdcc2: folds
Uncalled bet ($0.08) returned to 74eac4c
*** SHOWDOWN ***
74eac4c collected $0.12 from pot
*** SUMMARY ***
Total pot $0.12 | Rake $0 | Jackpot $0 | Bingo $0 | Fortune $0
Seat 1: d5f877da folded before Flop (didn't bet)
Seat 2: db4ed83 folded before Flop (didn't bet)
Seat 3: 74eac4c collected ($0.12)
Seat 4: a8683bb2 (button) folded before Flop (didn't bet)
Seat 5: Hero (small blind) folded before Flop
Seat 6: 14afdcc2 (big blind) folded before Flop


Poker Hand #HD1178317150: Hold'em No Limit  ($0.02/$0.05) - 2023/03/27 17:32:45
Table 'NLHBlue87' 6-max Seat #3 is the button
Seat 1: d5f877da ($5.62 in chips)
Seat 2: db4ed83 ($5.11 in chips)
Seat 3: 74eac4c ($7.67 in chips)
Seat 4: a8683bb2 ($7 in chips)
Seat 5: Hero ($5 in chips)
Seat 6: 14afdcc2 ($3.23 in chips)
a8683bb2: posts small blind $0.02
Hero: posts big blind $0.05
*** HOLE CARDS ***
Dealt to d5f877da 
Dealt to db4ed83 
Dealt to 74eac4c 
Dealt to a8683bb2 
Dealt to Hero [Qc Ad]
Dealt to 14afdcc2 
14afdcc2: folds
d5f877da: folds
db4ed83: folds
74eac4c: folds
a8683bb2: raises $0.1 to $0.15
Hero: raises $0.29 to $0.44
a8683bb2: raises $6.56 to $7 and is all-in
Hero: folds
Uncalled bet ($6.56) returned to a8683bb2
*** SHOWDOWN ***
a8683bb2 collected $0.84 from pot
*** SUMMARY ***
Total pot $0.88 | Rake $0.04 | Jackpot $0 | Bingo $0 | Fortune $0
Seat 1: d5f877da folded before Flop (didn't bet)
Seat 2: db4ed83 folded before Flop (didn't bet)
Seat 3: 74eac4c (button) folded before Flop (didn't bet)
Seat 4: a8683bb2 (small blind) collected ($0.84)
Seat 5: Hero (big blind) folded before Flop
Seat 6: 14afdcc2 folded before Flop (didn't bet)


