Poker Hand #HD1163152315: Hold'em No Limit  ($0.02/$0.05) - 2023/03/16 20:03:35
Table 'NLHBlue97' 6-max Seat #4 is the button
Seat 1: 3b64dc16 ($3.51 in chips)
Seat 2: Hero ($6.22 in chips)
Seat 3: d5821cf5 ($5.2 in chips)
Seat 4: 48cee877 ($5.83 in chips)
Seat 5: 2d221bd2 ($5.31 in chips)
Seat 6: a20fa97f ($5.06 in chips)
2d221bd2: posts small blind $0.02
a20fa97f: posts big blind $0.05
*** HOLE CARDS ***
Dealt to 3b64dc16 
Dealt to Hero [Ah Jh]
Dealt to d5821cf5 
Dealt to 48cee877 
Dealt to 2d221bd2 
Dealt to a20fa97f 
3b64dc16: folds
Hero: raises $0.07 to $0.12
d5821cf5: folds
48cee877: folds
2d221bd2: raises $0.48 to $0.6
a20fa97f: folds
Hero: calls $0.48
*** FLOP *** [7s 4s 2d]
2d221bd2: bets $0.68
Hero: folds
Uncalled bet ($0.68) returned to 2d221bd2
*** SHOWDOWN ***
2d221bd2 collected $1.19 from pot
*** SUMMARY ***
Total pot $1.25 | Rake $0.06 | Jackpot $0 | Bingo $0 | Fortune $0
Board [7s 4s 2d]
Seat 1: 3b64dc16 folded before Flop (didn't bet)
Seat 2: Hero folded on the Flop
Seat 3: d5821cf5 folded before Flop (didn't bet)
Seat 4: 48cee877 (button) folded before Flop (didn't bet)
Seat 5: 2d221bd2 (small blind) won ($1.19)
Seat 6: a20fa97f (big blind) folded before Flop


Poker Hand #HD1163152279: Hold'em No Limit  ($0.02/$0.05) - 2023/03/16 20:03:22
Table 'NLHBlue97' 6-max Seat #3 is the button
Seat 1: 3b64dc16 ($3.51 in chips)
Seat 2: Hero ($6.22 in chips)
Seat 3: d5821cf5 ($5.13 in chips)
Seat 4: 48cee877 ($5.85 in chips)
Seat 5: 2d221bd2 ($5.36 in chips)
Seat 6: a20fa97f ($5.06 in chips)
48cee877: posts small blind $0.02
2d221bd2: posts big blind $0.05
*** HOLE CARDS ***
Dealt to 3b64dc16 
Dealt to Hero [2d 4h]
Dealt to d5821cf5 
Dealt to 48cee877 
Dealt to 2d221bd2 
Dealt to a20fa97f 
a20fa97f: folds
3b64dc16: folds
Hero: folds
d5821cf5: raises $0.08 to $0.13
48cee877: folds
2d221bd2: folds
Uncalled bet ($0.08) returned to d5821cf5
*** SHOWDOWN ***
d5821cf5 collected $0.12 from pot
*** SUMMARY ***
Total pot $0.12 | Rake $0 | Jackpot $0 | Bingo $0 | Fortune $0
Seat 1: 3b64dc16 folded before Flop (didn't bet)
Seat 2: Hero folded before Flop (didn't bet)
Seat 3: d5821cf5 (button) collected ($0.12)
Seat 4: 48cee877 (small blind) folded before Flop
Seat 5: 2d221bd2 (big blind) folded before Flop
Seat 6: a20fa97f folded before Flop (didn't bet)


Poker Hand #HD1163152206: Hold'em No Limit  ($0.02/$0.05) - 2023/03/16 20:02:54
Table 'NLHBlue97' 6-max Seat #2 is the button
Seat 1: 3b64dc16 ($3.51 in chips)
Seat 2: Hero ($6.34 in chips)
Seat 3: d5821cf5 ($4.97 in chips)
Seat 4: 48cee877 ($5.9 in chips)
Seat 5: 2d221bd2 ($5.36 in chips)
Seat 6: a20fa97f ($5.06 in chips)
d5821cf5: posts small blind $0.02
48cee877: posts big blind $0.05
*** HOLE CARDS ***
Dealt to 3b64dc16 
Dealt to Hero [9d Qc]
Dealt to d5821cf5 
Dealt to 48cee877 
Dealt to 2d221bd2 
Dealt to a20fa97f 
2d221bd2: folds
a20fa97f: folds
3b64dc16: folds
Hero: raises $0.07 to $0.12
d5821cf5: raises $0.37 to $0.49
48cee877: folds
Hero: folds
Uncalled bet ($0.37) returned to d5821cf5
*** SHOWDOWN ***
d5821cf5 collected $0.28 from pot
*** SUMMARY ***
Total pot $0.29 | Rake $0.01 | Jackpot $0 | Bingo $0 | Fortune $0
Seat 1: 3b64dc16 folded before Flop (didn't bet)
Seat 2: Hero (button) folded before Flop
Seat 3: d5821cf5 (small blind) collected ($0.28)
Seat 4: 48cee877 (big blind) folded before Flop
Seat 5: 2d221bd2 folded before Flop (didn't bet)
Seat 6: a20fa97f folded before Flop (didn't bet)


Poker Hand #HD1163152101: Hold'em No Limit  ($0.02/$0.05) - 2023/03/16 20:02:16
Table 'NLHBlue97' 6-max Seat #1 is the button
Seat 1: 3b64dc16 ($3.51 in chips)
Seat 2: Hero ($6.36 in chips)
Seat 3: d5821cf5 ($5.12 in chips)
Seat 4: 48cee877 ($5.74 in chips)
Seat 5: 2d221bd2 ($5.36 in chips)
Seat 6: a20fa97f ($5.06 in chips)
Hero: posts small blind $0.02
d5821cf5: posts big blind $0.05
*** HOLE CARDS ***
Dealt to 3b64dc16 
Dealt to Hero [5d 7s]
Dealt to d5821cf5 
Dealt to 48cee877 
Dealt to 2d221bd2 
Dealt to a20fa97f 
48cee877: raises $0.1 to $0.15
2d221bd2: folds
a20fa97f: folds
3b64dc16: folds
Hero: folds
d5821cf5: calls $0.1
*** FLOP *** [8d 3c 9h]
d5821cf5: checks
48cee877: checks
*** TURN *** [8d 3c 9h] [Ah]
d5821cf5: checks
48cee877: bets $0.22
d5821cf5: folds
Uncalled bet ($0.22) returned to 48cee877
*** SHOWDOWN ***
48cee877 collected $0.31 from pot
*** SUMMARY ***
Total pot $0.32 | Rake $0.01 | Jackpot $0 | Bingo $0 | Fortune $0
Board [8d 3c 9h Ah]
Seat 1: 3b64dc16 (button) folded before Flop (didn't bet)
Seat 2: Hero (small blind) folded before Flop
Seat 3: d5821cf5 (big blind) folded on the Turn
Seat 4: 48cee877 won ($0.31)
Seat 5: 2d221bd2 folded before Flop (didn't bet)
Seat 6: a20fa97f folded before Flop (didn't bet)


Poker Hand #HD1163152057: Hold'em No Limit  ($0.02/$0.05) - 2023/03/16 20:02:02
Table 'NLHBlue97' 6-max Seat #6 is the button
Seat 1: 3b64dc16 ($3.53 in chips)
Seat 2: Hero ($6.34 in chips)
Seat 3: d5821cf5 ($5.12 in chips)
Seat 4: 48cee877 ($5.74 in chips)
Seat 5: 2d221bd2 ($5.36 in chips)
Seat 6: a20fa97f ($5.06 in chips)
3b64dc16: posts small blind $0.02
Hero: posts big blind $0.05
*** HOLE CARDS ***
Dealt to 3b64dc16 
Dealt to Hero [5h Tc]
Dealt to d5821cf5 
Dealt to 48cee877 
Dealt to 2d221bd2 
Dealt to a20fa97f 
d5821cf5: folds
48cee877: folds
2d221bd2: folds
a20fa97f: folds
3b64dc16: folds
Uncalled bet ($0.03) returned to Hero
*** SHOWDOWN ***
Hero collected $0.04 from pot
*** SUMMARY ***
Total pot $0.04 | Rake $0 | Jackpot $0 | Bingo $0 | Fortune $0
Seat 1: 3b64dc16 (small blind) folded before Flop
Seat 2: Hero (big blind) collected ($0.04)
Seat 3: d5821cf5 folded before Flop (didn't bet)
Seat 4: 48cee877 folded before Flop (didn't bet)
Seat 5: 2d221bd2 folded before Flop (didn't bet)
Seat 6: a20fa97f (button) folded before Flop (didn't bet)


Poker Hand #HD1163151990: Hold'em No Limit  ($0.02/$0.05) - 2023/03/16 20:01:41
Table 'NLHBlue97' 6-max Seat #5 is the button
Seat 1: 3b64dc16 ($3.58 in chips)
Seat 2: Hero ($6.27 in chips)
Seat 3: d5821cf5 ($5.12 in chips)
Seat 4: 48cee877 ($5.74 in chips)
Seat 5: 2d221bd2 ($5.36 in chips)
Seat 6: a20fa97f ($5.08 in chips)
a20fa97f: posts small blind $0.02
3b64dc16: posts big blind $0.05
*** HOLE CARDS ***
Dealt to 3b64dc16 
Dealt to Hero [7h 7s]
Dealt to d5821cf5 
Dealt to 48cee877 
Dealt to 2d221bd2 
Dealt to a20fa97f 
Hero: raises $0.07 to $0.12
d5821cf5: folds
48cee877: folds
2d221bd2: folds
a20fa97f: folds
3b64dc16: folds
Uncalled bet ($0.07) returned to Hero
*** SHOWDOWN ***
Hero collected $0.12 from pot
*** SUMMARY ***
Total pot $0.12 | Rake $0 | Jackpot $0 | Bingo $0 | Fortune $0
Seat 1: 3b64dc16 (big blind) folded before Flop
Seat 2: Hero collected ($0.12)
Seat 3: d5821cf5 folded before Flop (didn't bet)
Seat 4: 48cee877 folded before Flop (didn't bet)
Seat 5: 2d221bd2 (button) folded before Flop (didn't bet)
Seat 6: a20fa97f (small blind) folded before Flop


Poker Hand #HD1163151893: Hold'em No Limit  ($0.02/$0.05) - 2023/03/16 20:01:08
Table 'NLHBlue97' 6-max Seat #4 is the button
Seat 1: 3b64dc16 ($3.88 in chips)
Seat 2: Hero ($5.93 in chips)
Seat 3: d5821cf5 ($5.12 in chips)
Seat 4: 48cee877 ($5.74 in chips)
Seat 5: 2d221bd2 ($5.38 in chips)
Seat 6: a20fa97f ($5.13 in chips)
2d221bd2: posts small blind $0.02
a20fa97f: posts big blind $0.05
*** HOLE CARDS ***
Dealt to 3b64dc16 
Dealt to Hero [Ah Qd]
Dealt to d5821cf5 
Dealt to 48cee877 
Dealt to 2d221bd2 
Dealt to a20fa97f 
3b64dc16: raises $0.05 to $0.1
Hero: raises $0.2 to $0.3
d5821cf5: folds
48cee877: folds
2d221bd2: folds
a20fa97f: folds
3b64dc16: calls $0.2
*** FLOP *** [Qs Ac 2c]
3b64dc16: checks
Hero: bets $0.51
3b64dc16: folds
Uncalled bet ($0.51) returned to Hero
*** SHOWDOWN ***
Hero collected $0.64 from pot
*** SUMMARY ***
Total pot $0.67 | Rake $0.03 | Jackpot $0 | Bingo $0 | Fortune $0
Board [Qs Ac 2c]
Seat 1: 3b64dc16 folded on the Flop
Seat 2: Hero won ($0.64)
Seat 3: d5821cf5 folded before Flop (didn't bet)
Seat 4: 48cee877 (button) folded before Flop (didn't bet)
Seat 5: 2d221bd2 (small blind) folded before Flop
Seat 6: a20fa97f (big blind) folded before Flop


Poker Hand #HD1163151825: Hold'em No Limit  ($0.02/$0.05) - 2023/03/16 20:00:47
Table 'NLHBlue97' 6-max Seat #3 is the button
Seat 1: 3b64dc16 ($3.88 in chips)
Seat 2: Hero ($5.93 in chips)
Seat 3: d5821cf5 ($5.12 in chips)
Seat 4: 48cee877 ($5.69 in chips)
Seat 5: 2d221bd2 ($5.43 in chips)
Seat 6: a20fa97f ($5.13 in chips)
48cee877: posts small blind $0.02
2d221bd2: posts big blind $0.05
*** HOLE CARDS ***
Dealt to 3b64dc16 
Dealt to Hero [Jh 6h]
Dealt to d5821cf5 
Dealt to 48cee877 
Dealt to 2d221bd2 
Dealt to a20fa97f 
a20fa97f: folds
3b64dc16: folds
Hero: folds
d5821cf5: folds
48cee877: raises $0.1 to $0.15
2d221bd2: folds
Uncalled bet ($0.1) returned to 48cee877
*** SHOWDOWN ***
48cee877 collected $0.1 from pot
*** SUMMARY ***
Total pot $0.1 | Rake $0 | Jackpot $0 | Bingo $0 | Fortune $0
Seat 1: 3b64dc16 folded before Flop (didn't bet)
Seat 2: Hero folded before Flop (didn't bet)
Seat 3: d5821cf5 (button) folded before Flop (didn't bet)
Seat 4: 48cee877 (small blind) collected ($0.1)
Seat 5: 2d221bd2 (big blind) folded before Flop
Seat 6: a20fa97f folded before Flop (didn't bet)


Poker Hand #HD1163151759: Hold'em No Limit  ($0.02/$0.05) - 2023/03/16 20:00:20
Table 'NLHBlue97' 6-max Seat #2 is the button
Seat 1: 3b64dc16 ($3.88 in chips)
Seat 2: Hero ($5.77 in chips)
Seat 3: d5821cf5 ($5.14 in chips)
Seat 4: 48cee877 ($5.74 in chips)
Seat 5: 2d221bd2 ($5.43 in chips)
Seat 6: a20fa97f ($5.23 in chips)
d5821cf5: posts small blind $0.02
48cee877: posts big blind $0.05
*** HOLE CARDS ***
Dealt to 3b64dc16 
Dealt to Hero [As 9s]
Dealt to d5821cf5 
Dealt to 48cee877 
Dealt to 2d221bd2 
Dealt to a20fa97f 
2d221bd2: folds
a20fa97f: raises $0.05 to $0.1
3b64dc16: folds
Hero: raises $0.24 to $0.34
d5821cf5: folds
48cee877: folds
a20fa97f: folds
Uncalled bet ($0.24) returned to Hero
*** SHOWDOWN ***
Hero collected $0.26 from pot
*** SUMMARY ***
Total pot $0.27 | Rake $0.01 | Jackpot $0 | Bingo $0 | Fortune $0
Seat 1: 3b64dc16 folded before Flop (didn't bet)
Seat 2: Hero (button) collected ($0.26)
Seat 3: d5821cf5 (small blind) folded before Flop
Seat 4: 48cee877 (big blind) folded before Flop
Seat 5: 2d221bd2 folded before Flop (didn't bet)
Seat 6: a20fa97f folded before Flop


Poker Hand #HD1163151711: Hold'em No Limit  ($0.02/$0.05) - 2023/03/16 20:00:02
Table 'NLHBlue97' 6-max Seat #1 is the button
Seat 1: 3b64dc16 ($3.88 in chips)
Seat 2: Hero ($5.79 in chips)
Seat 3: d5821cf5 ($5.19 in chips)
Seat 4: 48cee877 ($5.67 in chips)
Seat 5: 2d221bd2 ($5.43 in chips)
Seat 6: a20fa97f ($5.23 in chips)
Hero: posts small blind $0.02
d5821cf5: posts big blind $0.05
*** HOLE CARDS ***
Dealt to 3b64dc16 
Dealt to Hero [8h 3h]
Dealt to d5821cf5 
Dealt to 48cee877 
Dealt to 2d221bd2 
Dealt to a20fa97f 
48cee877: raises $0.1 to $0.15
2d221bd2: folds
a20fa97f: folds
3b64dc16: folds
Hero: folds
d5821cf5: folds
Uncalled bet ($0.1) returned to 48cee877
*** SHOWDOWN ***
48cee877 collected $0.12 from pot
*** SUMMARY ***
Total pot $0.12 | Rake $0 | Jackpot $0 | Bingo $0 | Fortune $0
Seat 1: 3b64dc16 (button) folded before Flop (didn't bet)
Seat 2: Hero (small blind) folded before Flop
Seat 3: d5821cf5 (big blind) folded before Flop
Seat 4: 48cee877 collected ($0.12)
Seat 5: 2d221bd2 folded before Flop (didn't bet)
Seat 6: a20fa97f folded before Flop (didn't bet)


Poker Hand #HD1163151606: Hold'em No Limit  ($0.02/$0.05) - 2023/03/16 19:59:26
Table 'NLHBlue97' 6-max Seat #6 is the button
Seat 1: 3b64dc16 ($3.9 in chips)
Seat 2: Hero ($5.84 in chips)
Seat 3: d5821cf5 ($5 in chips)
Seat 4: 48cee877 ($5.67 in chips)
Seat 5: 2d221bd2 ($5.43 in chips)
Seat 6: a20fa97f ($5.36 in chips)
3b64dc16: posts small blind $0.02
Hero: posts big blind $0.05
*** HOLE CARDS ***
Dealt to 3b64dc16 
Dealt to Hero [4h 2s]
Dealt to d5821cf5 
Dealt to 48cee877 
Dealt to 2d221bd2 
Dealt to a20fa97f 
d5821cf5: raises $0.08 to $0.13
48cee877: folds
2d221bd2: folds
a20fa97f: calls $0.13
3b64dc16: folds
Hero: folds
*** FLOP *** [Js 7s 3s]
d5821cf5: bets $0.11
a20fa97f: folds
Uncalled bet ($0.11) returned to d5821cf5
*** SHOWDOWN ***
d5821cf5 collected $0.32 from pot
*** SUMMARY ***
Total pot $0.33 | Rake $0.01 | Jackpot $0 | Bingo $0 | Fortune $0
Board [Js 7s 3s]
Seat 1: 3b64dc16 (small blind) folded before Flop
Seat 2: Hero (big blind) folded before Flop
Seat 3: d5821cf5 won ($0.32)
Seat 4: 48cee877 folded before Flop (didn't bet)
Seat 5: 2d221bd2 folded before Flop (didn't bet)
Seat 6: a20fa97f (button) folded on the Flop


Poker Hand #HD1163151551: Hold'em No Limit  ($0.02/$0.05) - 2023/03/16 19:59:09
Table 'NLHBlue97' 6-max Seat #5 is the button
Seat 1: 3b64dc16 ($3.88 in chips)
Seat 2: Hero ($5.84 in chips)
Seat 3: d5821cf5 ($5 in chips)
Seat 4: 48cee877 ($5.67 in chips)
Seat 5: 2d221bd2 ($5.43 in chips)
Seat 6: a20fa97f ($5.38 in chips)
a20fa97f: posts small blind $0.02
3b64dc16: posts big blind $0.05
*** HOLE CARDS ***
Dealt to 3b64dc16 
Dealt to Hero [4s 6c]
Dealt to d5821cf5 
Dealt to 48cee877 
Dealt to 2d221bd2 
Dealt to a20fa97f 
Hero: folds
d5821cf5: folds
48cee877: folds
2d221bd2: folds
a20fa97f: folds
Uncalled bet ($0.03) returned to 3b64dc16
*** SHOWDOWN ***
3b64dc16 collected $0.04 from pot
*** SUMMARY ***
Total pot $0.04 | Rake $0 | Jackpot $0 | Bingo $0 | Fortune $0
Seat 1: 3b64dc16 (big blind) collected ($0.04)
Seat 2: Hero folded before Flop (didn't bet)
Seat 3: d5821cf5 folded before Flop (didn't bet)
Seat 4: 48cee877 folded before Flop (didn't bet)
Seat 5: 2d221bd2 (button) folded before Flop (didn't bet)
Seat 6: a20fa97f (small blind) folded before Flop


Poker Hand #HD1163151506: Hold'em No Limit  ($0.02/$0.05) - 2023/03/16 19:58:56
Table 'NLHBlue97' 6-max Seat #4 is the button
Seat 1: 3b64dc16 ($3.81 in chips)
Seat 2: Hero ($5.84 in chips)
Seat 3: d5821cf5 ($5 in chips)
Seat 4: 48cee877 ($5.67 in chips)
Seat 5: 2d221bd2 ($5.45 in chips)
Seat 6: a20fa97f ($5.43 in chips)
2d221bd2: posts small blind $0.02
a20fa97f: posts big blind $0.05
*** HOLE CARDS ***
Dealt to 3b64dc16 
Dealt to Hero [3s 8s]
Dealt to d5821cf5 
Dealt to 48cee877 
Dealt to 2d221bd2 
Dealt to a20fa97f 
3b64dc16: raises $0.05 to $0.1
Hero: folds
d5821cf5: folds
48cee877: folds
2d221bd2: folds
a20fa97f: folds
Uncalled bet ($0.05) returned to 3b64dc16
*** SHOWDOWN ***
3b64dc16 collected $0.12 from pot
*** SUMMARY ***
Total pot $0.12 | Rake $0 | Jackpot $0 | Bingo $0 | Fortune $0
Seat 1: 3b64dc16 collected ($0.12)
Seat 2: Hero folded before Flop (didn't bet)
Seat 3: d5821cf5 folded before Flop (didn't bet)
Seat 4: 48cee877 (button) folded before Flop (didn't bet)
Seat 5: 2d221bd2 (small blind) folded before Flop
Seat 6: a20fa97f (big blind) folded before Flop


Poker Hand #HD1163151364: Hold'em No Limit  ($0.02/$0.05) - 2023/03/16 19:58:07
Table 'NLHBlue97' 6-max Seat #3 is the button
Seat 1: 3b64dc16 ($4.13 in chips)
Seat 2: Hero ($5.48 in chips)
Seat 3: d5821cf5 ($5 in chips)
Seat 4: 48cee877 ($5.69 in chips)
Seat 5: 2d221bd2 ($5.5 in chips)
Seat 6: a20fa97f ($5.43 in chips)
48cee877: posts small blind $0.02
2d221bd2: posts big blind $0.05
*** HOLE CARDS ***
Dealt to 3b64dc16 
Dealt to Hero [Qh Ac]
Dealt to d5821cf5 
Dealt to 48cee877 
Dealt to 2d221bd2 
Dealt to a20fa97f 
a20fa97f: folds
3b64dc16: raises $0.05 to $0.1
Hero: raises $0.22 to $0.32
d5821cf5: folds
48cee877: folds
2d221bd2: folds
3b64dc16: calls $0.22
*** FLOP *** [6h 8c Td]
3b64dc16: checks
Hero: checks
*** TURN *** [6h 8c Td] [7d]
3b64dc16: checks
Hero: checks
*** RIVER *** [6h 8c Td 7d] [Qs]
3b64dc16: checks
Hero: checks
3b64dc16: shows [Jc Ks] (King-High)
Hero: shows [Qh Ac] (Pair of Queens)
*** SHOWDOWN ***
Hero collected $0.68 from pot
*** SUMMARY ***
Total pot $0.71 | Rake $0.03 | Jackpot $0 | Bingo $0 | Fortune $0
Board [6h 8c Td 7d Qs]
Seat 1: 3b64dc16 showed [Jc Ks] and lost with King-High
Seat 2: Hero showed [Qh Ac] and won ($0.68) with Pair of Queens
Seat 3: d5821cf5 (button) folded before Flop (didn't bet)
Seat 4: 48cee877 (small blind) folded before Flop
Seat 5: 2d221bd2 (big blind) folded before Flop
Seat 6: a20fa97f folded before Flop (didn't bet)


Poker Hand #HD1163151308: Hold'em No Limit  ($0.02/$0.05) - 2023/03/16 19:57:48
Table 'NLHBlue97' 6-max Seat #2 is the button
Seat 1: 3b64dc16 ($4.13 in chips)
Seat 2: Hero ($5.48 in chips)
Seat 3: d5821cf5 ($5.02 in chips)
Seat 4: 48cee877 ($5.74 in chips)
Seat 5: 2d221bd2 ($5.43 in chips)
Seat 6: a20fa97f ($5.43 in chips)
d5821cf5: posts small blind $0.02
48cee877: posts big blind $0.05
*** HOLE CARDS ***
Dealt to 3b64dc16 
Dealt to Hero [Td 8s]
Dealt to d5821cf5 
Dealt to 48cee877 
Dealt to 2d221bd2 
Dealt to a20fa97f 
2d221bd2: raises $0.08 to $0.13
a20fa97f: folds
3b64dc16: folds
Hero: folds
d5821cf5: folds
48cee877: folds
Uncalled bet ($0.08) returned to 2d221bd2
*** SHOWDOWN ***
2d221bd2 collected $0.12 from pot
*** SUMMARY ***
Total pot $0.12 | Rake $0 | Jackpot $0 | Bingo $0 | Fortune $0
Seat 1: 3b64dc16 folded before Flop (didn't bet)
Seat 2: Hero (button) folded before Flop (didn't bet)
Seat 3: d5821cf5 (small blind) folded before Flop
Seat 4: 48cee877 (big blind) folded before Flop
Seat 5: 2d221bd2 collected ($0.12)
Seat 6: a20fa97f folded before Flop (didn't bet)


Poker Hand #HD1163151286: Hold'em No Limit  ($0.02/$0.05) - 2023/03/16 19:57:41
Table 'NLHBlue97' 6-max Seat #1 is the button
Seat 1: 3b64dc16 ($4.13 in chips)
Seat 2: Hero ($5.5 in chips)
Seat 3: d5821cf5 ($5 in chips)
Seat 4: 48cee877 ($5.74 in chips)
Seat 5: 2d221bd2 ($5.43 in chips)
Seat 6: a20fa97f ($5.43 in chips)
Hero: posts small blind $0.02
d5821cf5: posts big blind $0.05
*** HOLE CARDS ***
Dealt to 3b64dc16 
Dealt to Hero [9h 2d]
Dealt to d5821cf5 
Dealt to 48cee877 
Dealt to 2d221bd2 
Dealt to a20fa97f 
48cee877: folds
2d221bd2: folds
a20fa97f: folds
3b64dc16: folds
Hero: folds
Uncalled bet ($0.03) returned to d5821cf5
*** SHOWDOWN ***
d5821cf5 collected $0.04 from pot
*** SUMMARY ***
Total pot $0.04 | Rake $0 | Jackpot $0 | Bingo $0 | Fortune $0
Seat 1: 3b64dc16 (button) folded before Flop (didn't bet)
Seat 2: Hero (small blind) folded before Flop
Seat 3: d5821cf5 (big blind) collected ($0.04)
Seat 4: 48cee877 folded before Flop (didn't bet)
Seat 5: 2d221bd2 folded before Flop (didn't bet)
Seat 6: a20fa97f folded before Flop (didn't bet)


Poker Hand #HD1163151204: Hold'em No Limit  ($0.02/$0.05) - 2023/03/16 19:57:12
Table 'NLHBlue97' 6-max Seat #6 is the button
Seat 1: 3b64dc16 ($4.23 in chips)
Seat 2: Hero ($5.6 in chips)
Seat 4: 48cee877 ($5.74 in chips)
Seat 5: 2d221bd2 ($5.43 in chips)
Seat 6: a20fa97f ($5.24 in chips)
3b64dc16: posts small blind $0.02
Hero: posts big blind $0.05
*** HOLE CARDS ***
Dealt to 3b64dc16 
Dealt to Hero [4h Ac]
Dealt to 48cee877 
Dealt to 2d221bd2 
Dealt to a20fa97f 
48cee877: folds
2d221bd2: folds
a20fa97f: raises $0.05 to $0.1
3b64dc16: calls $0.08
Hero: calls $0.05
*** FLOP *** [Tc 9s 2d]
3b64dc16: checks
Hero: checks
a20fa97f: bets $0.1
3b64dc16: folds
Hero: folds
Uncalled bet ($0.1) returned to a20fa97f
*** SHOWDOWN ***
a20fa97f collected $0.29 from pot
*** SUMMARY ***
Total pot $0.3 | Rake $0.01 | Jackpot $0 | Bingo $0 | Fortune $0
Board [Tc 9s 2d]
Seat 1: 3b64dc16 (small blind) folded on the Flop
Seat 2: Hero (big blind) folded on the Flop
Seat 4: 48cee877 folded before Flop (didn't bet)
Seat 5: 2d221bd2 folded before Flop (didn't bet)
Seat 6: a20fa97f (button) won ($0.29)


Poker Hand #HD1163150997: Hold'em No Limit  ($0.02/$0.05) - 2023/03/16 19:55:53
Table 'NLHBlue97' 6-max Seat #5 is the button
Seat 1: 3b64dc16 ($4.28 in chips)
Seat 2: Hero ($5.6 in chips)
Seat 4: 48cee877 ($5 in chips)
Seat 5: 2d221bd2 ($6.23 in chips)
Seat 6: a20fa97f ($5.26 in chips)
a20fa97f: posts small blind $0.02
3b64dc16: posts big blind $0.05
*** HOLE CARDS ***
Dealt to 3b64dc16 
Dealt to Hero [7c 8h]
Dealt to 48cee877 
Dealt to 2d221bd2 
Dealt to a20fa97f 
Hero: folds
48cee877: raises $0.1 to $0.15
2d221bd2: raises $0.31 to $0.46
a20fa97f: folds
3b64dc16: folds
48cee877: calls $0.31
*** FLOP *** [Ks Qh 6h]
48cee877: checks
2d221bd2: bets $0.34
48cee877: raises $1.26 to $1.6
2d221bd2: folds
Uncalled bet ($1.26) returned to 48cee877
*** SHOWDOWN ***
48cee877 collected $1.54 from pot
*** SUMMARY ***
Total pot $1.67 | Rake $0.08 | Jackpot $0.05 | Bingo $0 | Fortune $0
Board [Ks Qh 6h]
Seat 1: 3b64dc16 (big blind) folded before Flop
Seat 2: Hero folded before Flop (didn't bet)
Seat 4: 48cee877 won ($1.54)
Seat 5: 2d221bd2 (button) folded on the Flop
Seat 6: a20fa97f (small blind) folded before Flop


Poker Hand #HD1163150863: Hold'em No Limit  ($0.02/$0.05) - 2023/03/16 19:55:04
Table 'NLHBlue97' 6-max Seat #4 is the button
Seat 1: 3b64dc16 ($4.28 in chips)
Seat 2: Hero ($5.6 in chips)
Seat 4: 48cee877 ($5.19 in chips)
Seat 5: 2d221bd2 ($5.96 in chips)
Seat 6: a20fa97f ($5.31 in chips)
2d221bd2: posts small blind $0.02
a20fa97f: posts big blind $0.05
*** HOLE CARDS ***
Dealt to 3b64dc16 
Dealt to Hero [2c Tc]
Dealt to 48cee877 
Dealt to 2d221bd2 
Dealt to a20fa97f 
3b64dc16: folds
Hero: folds
48cee877: raises $0.08 to $0.13
2d221bd2: calls $0.11
a20fa97f: folds
*** FLOP *** [Ac 8s Js]
2d221bd2: checks
48cee877: checks
*** TURN *** [Ac 8s Js] [5d]
2d221bd2: bets $0.11
48cee877: calls $0.11
*** RIVER *** [Ac 8s Js 5d] [7h]
2d221bd2: bets $0.28
48cee877: folds
Uncalled bet ($0.28) returned to 2d221bd2
*** SHOWDOWN ***
2d221bd2 collected $0.51 from pot
*** SUMMARY ***
Total pot $0.53 | Rake $0.02 | Jackpot $0 | Bingo $0 | Fortune $0
Board [Ac 8s Js 5d 7h]
Seat 1: 3b64dc16 folded before Flop (didn't bet)
Seat 2: Hero folded before Flop (didn't bet)
Seat 4: 48cee877 (button) folded on the River
Seat 5: 2d221bd2 (small blind) won ($0.51)
Seat 6: a20fa97f (big blind) folded before Flop


Poker Hand #HD1163150766: Hold'em No Limit  ($0.02/$0.05) - 2023/03/16 19:54:29
Table 'NLHBlue97' 6-max Seat #2 is the button
Seat 1: 3b64dc16 ($4.38 in chips)
Seat 2: Hero ($5.44 in chips)
Seat 4: 48cee877 ($5.21 in chips)
Seat 5: 2d221bd2 ($6.01 in chips)
Seat 6: a20fa97f ($5.31 in chips)
48cee877: posts small blind $0.02
2d221bd2: posts big blind $0.05
*** HOLE CARDS ***
Dealt to 3b64dc16 
Dealt to Hero [Qc 9c]
Dealt to 48cee877 
Dealt to 2d221bd2 
Dealt to a20fa97f 
a20fa97f: folds
3b64dc16: raises $0.05 to $0.1
Hero: raises $0.22 to $0.32
48cee877: folds
2d221bd2: folds
3b64dc16: folds
Uncalled bet ($0.22) returned to Hero
*** SHOWDOWN ***
Hero collected $0.26 from pot
*** SUMMARY ***
Total pot $0.27 | Rake $0.01 | Jackpot $0 | Bingo $0 | Fortune $0
Seat 1: 3b64dc16 folded before Flop
Seat 2: Hero (button) collected ($0.26)
Seat 4: 48cee877 (small blind) folded before Flop
Seat 5: 2d221bd2 (big blind) folded before Flop
Seat 6: a20fa97f folded before Flop (didn't bet)


Poker Hand #HD1163150636: Hold'em No Limit  ($0.02/$0.05) - 2023/03/16 19:53:37
Table 'NLHBlue97' 6-max Seat #1 is the button
Seat 1: 3b64dc16 ($3.66 in chips)
Seat 2: Hero ($5.46 in chips)
Seat 3: 9732b32a ($7.34 in chips)
Seat 4: 48cee877 ($5.21 in chips)
Seat 5: 2d221bd2 ($6.01 in chips)
Seat 6: a20fa97f ($5.31 in chips)
Hero: posts small blind $0.02
9732b32a: posts big blind $0.05
*** HOLE CARDS ***
Dealt to 3b64dc16 
Dealt to Hero [Kc 3c]
Dealt to 9732b32a 
Dealt to 48cee877 
Dealt to 2d221bd2 
Dealt to a20fa97f 
48cee877: folds
2d221bd2: folds
a20fa97f: folds
3b64dc16: raises $0.05 to $0.1
Hero: folds
9732b32a: raises $0.4 to $0.5
3b64dc16: calls $0.4
*** FLOP *** [Ac 4c Th]
9732b32a: bets $0.35
3b64dc16: calls $0.35
*** TURN *** [Ac 4c Th] [Ts]
9732b32a: checks
3b64dc16: bets $0.86
9732b32a: folds
Uncalled bet ($0.86) returned to 3b64dc16
*** SHOWDOWN ***
3b64dc16 collected $1.57 from pot
*** SUMMARY ***
Total pot $1.72 | Rake $0.1 | Jackpot $0.05 | Bingo $0 | Fortune $0
Board [Ac 4c Th Ts]
Seat 1: 3b64dc16 (button) won ($1.57)
Seat 2: Hero (small blind) folded before Flop
Seat 3: 9732b32a (big blind) folded on the Turn
Seat 4: 48cee877 folded before Flop (didn't bet)
Seat 5: 2d221bd2 folded before Flop (didn't bet)
Seat 6: a20fa97f folded before Flop (didn't bet)


Poker Hand #HD1163150480: Hold'em No Limit  ($0.02/$0.05) - 2023/03/16 19:52:40
Table 'NLHBlue97' 6-max Seat #6 is the button
Seat 1: 3b64dc16 ($3.68 in chips)
Seat 2: Hero ($5.51 in chips)
Seat 3: 9732b32a ($7.34 in chips)
Seat 4: 48cee877 ($5 in chips)
Seat 5: 2d221bd2 ($6.01 in chips)
Seat 6: a20fa97f ($5.46 in chips)
3b64dc16: posts small blind $0.02
Hero: posts big blind $0.05
*** HOLE CARDS ***
Dealt to 3b64dc16 
Dealt to Hero [8h 5d]
Dealt to 9732b32a 
Dealt to 48cee877 
Dealt to 2d221bd2 
Dealt to a20fa97f 
9732b32a: folds
48cee877: raises $0.1 to $0.15
2d221bd2: folds
a20fa97f: calls $0.15
3b64dc16: folds
Hero: folds
*** FLOP *** [Kh 3s 2c]
48cee877: checks
a20fa97f: checks
*** TURN *** [Kh 3s 2c] [6s]
48cee877: checks
a20fa97f: checks
*** RIVER *** [Kh 3s 2c 6s] [4s]
48cee877: checks
a20fa97f: checks
48cee877: shows [Jh As] (Ace-High)
a20fa97f: shows [7d 8d] (King-High)
*** SHOWDOWN ***
48cee877 collected $0.36 from pot
*** SUMMARY ***
Total pot $0.37 | Rake $0.01 | Jackpot $0 | Bingo $0 | Fortune $0
Board [Kh 3s 2c 6s 4s]
Seat 1: 3b64dc16 (small blind) folded before Flop
Seat 2: Hero (big blind) folded before Flop
Seat 3: 9732b32a folded before Flop (didn't bet)
Seat 4: 48cee877 showed [Jh As] and won ($0.36) with Ace-High
Seat 5: 2d221bd2 folded before Flop (didn't bet)
Seat 6: a20fa97f (button) showed [7d 8d] and lost with King-High


Poker Hand #HD1163150447: Hold'em No Limit  ($0.02/$0.05) - 2023/03/16 19:52:28
Table 'NLHBlue97' 6-max Seat #5 is the button
Seat 1: 3b64dc16 ($3.66 in chips)
Seat 2: Hero ($5.51 in chips)
Seat 3: 9732b32a ($7.34 in chips)
Seat 4: 48cee877 ($5 in chips)
Seat 5: 2d221bd2 ($6.01 in chips)
Seat 6: a20fa97f ($5.48 in chips)
a20fa97f: posts small blind $0.02
3b64dc16: posts big blind $0.05
*** HOLE CARDS ***
Dealt to 3b64dc16 
Dealt to Hero [2h 3s]
Dealt to 9732b32a 
Dealt to 48cee877 
Dealt to 2d221bd2 
Dealt to a20fa97f 
Hero: folds
9732b32a: folds
48cee877: folds
2d221bd2: folds
a20fa97f: folds
Uncalled bet ($0.03) returned to 3b64dc16
*** SHOWDOWN ***
3b64dc16 collected $0.04 from pot
*** SUMMARY ***
Total pot $0.04 | Rake $0 | Jackpot $0 | Bingo $0 | Fortune $0
Seat 1: 3b64dc16 (big blind) collected ($0.04)
Seat 2: Hero folded before Flop (didn't bet)
Seat 3: 9732b32a folded before Flop (didn't bet)
Seat 4: 48cee877 folded before Flop (didn't bet)
Seat 5: 2d221bd2 (button) folded before Flop (didn't bet)
Seat 6: a20fa97f (small blind) folded before Flop


Poker Hand #HD1163150350: Hold'em No Limit  ($0.02/$0.05) - 2023/03/16 19:51:49
Table 'NLHBlue97' 6-max Seat #4 is the button
Seat 1: 3b64dc16 ($3.66 in chips)
Seat 2: Hero ($5.51 in chips)
Seat 3: 9732b32a ($7.34 in chips)
Seat 4: 48cee877 ($5 in chips)
Seat 5: 2d221bd2 ($6.16 in chips)
Seat 6: a20fa97f ($5.34 in chips)
2d221bd2: posts small blind $0.02
a20fa97f: posts big blind $0.05
*** HOLE CARDS ***
Dealt to 3b64dc16 
Dealt to Hero [2d 7s]
Dealt to 9732b32a 
Dealt to 48cee877 
Dealt to 2d221bd2 
Dealt to a20fa97f 
3b64dc16: folds
Hero: folds
9732b32a: folds
48cee877: folds
2d221bd2: raises $0.1 to $0.15
a20fa97f: raises $0.3 to $0.45
2d221bd2: folds
Uncalled bet ($0.3) returned to a20fa97f
*** SHOWDOWN ***
a20fa97f collected $0.29 from pot
*** SUMMARY ***
Total pot $0.3 | Rake $0.01 | Jackpot $0 | Bingo $0 | Fortune $0
Seat 1: 3b64dc16 folded before Flop (didn't bet)
Seat 2: Hero folded before Flop (didn't bet)
Seat 3: 9732b32a folded before Flop (didn't bet)
Seat 4: 48cee877 (button) folded before Flop (didn't bet)
Seat 5: 2d221bd2 (small blind) folded before Flop
Seat 6: a20fa97f (big blind) collected ($0.29)


Poker Hand #HD1163150320: Hold'em No Limit  ($0.02/$0.05) - 2023/03/16 19:51:39
Table 'NLHBlue97' 6-max Seat #3 is the button
Seat 1: 3b64dc16 ($3.66 in chips)
Seat 2: Hero ($5.51 in chips)
Seat 3: 9732b32a ($7.34 in chips)
Seat 4: 48cee877 ($5 in chips)
Seat 5: 2d221bd2 ($6.14 in chips)
Seat 6: a20fa97f ($5.34 in chips)
48cee877: posts small blind $0.02
2d221bd2: posts big blind $0.05
*** HOLE CARDS ***
Dealt to 3b64dc16 
Dealt to Hero [Kd 5c]
Dealt to 9732b32a 
Dealt to 48cee877 
Dealt to 2d221bd2 
Dealt to a20fa97f 
a20fa97f: folds
3b64dc16: folds
Hero: folds
9732b32a: folds
48cee877: folds
Uncalled bet ($0.03) returned to 2d221bd2
*** SHOWDOWN ***
2d221bd2 collected $0.04 from pot
*** SUMMARY ***
Total pot $0.04 | Rake $0 | Jackpot $0 | Bingo $0 | Fortune $0
Seat 1: 3b64dc16 folded before Flop (didn't bet)
Seat 2: Hero folded before Flop (didn't bet)
Seat 3: 9732b32a (button) folded before Flop (didn't bet)
Seat 4: 48cee877 (small blind) folded before Flop
Seat 5: 2d221bd2 (big blind) collected ($0.04)
Seat 6: a20fa97f folded before Flop (didn't bet)


Poker Hand #HD1163150283: Hold'em No Limit  ($0.02/$0.05) - 2023/03/16 19:51:27
Table 'NLHBlue97' 6-max Seat #2 is the button
Seat 1: 3b64dc16 ($3.59 in chips)
Seat 2: Hero ($5.51 in chips)
Seat 3: 9732b32a ($7.36 in chips)
Seat 4: 48cee877 ($5 in chips)
Seat 5: 2d221bd2 ($6.14 in chips)
Seat 6: a20fa97f ($5.34 in chips)
9732b32a: posts small blind $0.02
48cee877: posts big blind $0.05
*** HOLE CARDS ***
Dealt to 3b64dc16 
Dealt to Hero [9c Ks]
Dealt to 9732b32a 
Dealt to 48cee877 
Dealt to 2d221bd2 
Dealt to a20fa97f 
2d221bd2: folds
a20fa97f: folds
3b64dc16: raises $0.05 to $0.1
Hero: folds
9732b32a: folds
48cee877: folds
Uncalled bet ($0.05) returned to 3b64dc16
*** SHOWDOWN ***
3b64dc16 collected $0.12 from pot
*** SUMMARY ***
Total pot $0.12 | Rake $0 | Jackpot $0 | Bingo $0 | Fortune $0
Seat 1: 3b64dc16 collected ($0.12)
Seat 2: Hero (button) folded before Flop (didn't bet)
Seat 3: 9732b32a (small blind) folded before Flop
Seat 4: 48cee877 (big blind) folded before Flop
Seat 5: 2d221bd2 folded before Flop (didn't bet)
Seat 6: a20fa97f folded before Flop (didn't bet)


Poker Hand #HD1163150168: Hold'em No Limit  ($0.02/$0.05) - 2023/03/16 19:50:46
Table 'NLHBlue97' 6-max Seat #1 is the button
Seat 1: 3b64dc16 ($3.4 in chips)
Seat 2: Hero ($5.53 in chips)
Seat 3: 9732b32a ($7.55 in chips)
Seat 4: 48cee877 ($5 in chips)
Seat 5: 2d221bd2 ($6.14 in chips)
Seat 6: a20fa97f ($5.34 in chips)
Hero: posts small blind $0.02
9732b32a: posts big blind $0.05
*** HOLE CARDS ***
Dealt to 3b64dc16 
Dealt to Hero [5s 4d]
Dealt to 9732b32a 
Dealt to 48cee877 
Dealt to 2d221bd2 
Dealt to a20fa97f 
48cee877: folds
2d221bd2: folds
a20fa97f: folds
3b64dc16: raises $0.05 to $0.1
Hero: folds
9732b32a: calls $0.05
*** FLOP *** [Qc 4h 3c]
9732b32a: bets $0.09
3b64dc16: calls $0.09
*** TURN *** [Qc 4h 3c] [4c]
9732b32a: checks
3b64dc16: checks
*** RIVER *** [Qc 4h 3c 4c] [Qd]
9732b32a: checks
3b64dc16: checks
9732b32a: shows [6d 5h] (Pair of Queens and Pair of Fours)
3b64dc16: shows [As 3s] (Pair of Queens and Pair of Fours)
*** SHOWDOWN ***
3b64dc16 collected $0.38 from pot
*** SUMMARY ***
Total pot $0.4 | Rake $0.02 | Jackpot $0 | Bingo $0 | Fortune $0
Board [Qc 4h 3c 4c Qd]
Seat 1: 3b64dc16 (button) showed [As 3s] and won ($0.38) with Pair of Queens and Pair of Fours
Seat 2: Hero (small blind) folded before Flop
Seat 3: 9732b32a (big blind) showed [6d 5h] and lost with Pair of Queens and Pair of Fours
Seat 4: 48cee877 folded before Flop (didn't bet)
Seat 5: 2d221bd2 folded before Flop (didn't bet)
Seat 6: a20fa97f folded before Flop (didn't bet)


Poker Hand #HD1163150108: Hold'em No Limit  ($0.02/$0.05) - 2023/03/16 19:50:26
Table 'NLHBlue97' 6-max Seat #6 is the button
Seat 1: 3b64dc16 ($3.42 in chips)
Seat 2: Hero ($5.58 in chips)
Seat 3: 9732b32a ($7.67 in chips)
Seat 4: 48cee877 ($5 in chips)
Seat 5: 2d221bd2 ($5.96 in chips)
Seat 6: a20fa97f ($5.34 in chips)
3b64dc16: posts small blind $0.02
Hero: posts big blind $0.05
*** HOLE CARDS ***
Dealt to 3b64dc16 
Dealt to Hero [2h Qd]
Dealt to 9732b32a 
Dealt to 48cee877 
Dealt to 2d221bd2 
Dealt to a20fa97f 
9732b32a: raises $0.07 to $0.12
48cee877: folds
2d221bd2: raises $0.26 to $0.38
a20fa97f: folds
3b64dc16: folds
Hero: folds
9732b32a: folds
Uncalled bet ($0.26) returned to 2d221bd2
*** SHOWDOWN ***
2d221bd2 collected $0.3 from pot
*** SUMMARY ***
Total pot $0.31 | Rake $0.01 | Jackpot $0 | Bingo $0 | Fortune $0
Seat 1: 3b64dc16 (small blind) folded before Flop
Seat 2: Hero (big blind) folded before Flop
Seat 3: 9732b32a folded before Flop
Seat 4: 48cee877 folded before Flop (didn't bet)
Seat 5: 2d221bd2 collected ($0.3)
Seat 6: a20fa97f (button) folded before Flop (didn't bet)


Poker Hand #HD1163150034: Hold'em No Limit  ($0.02/$0.05) - 2023/03/16 19:50:00
Table 'NLHBlue97' 6-max Seat #5 is the button
Seat 1: 3b64dc16 ($3.47 in chips)
Seat 2: Hero ($5.58 in chips)
Seat 3: 9732b32a ($7.6 in chips)
Seat 4: 48cee877 ($5 in chips)
Seat 5: 2d221bd2 ($5.96 in chips)
Seat 6: a20fa97f ($5.36 in chips)
a20fa97f: posts small blind $0.02
3b64dc16: posts big blind $0.05
*** HOLE CARDS ***
Dealt to 3b64dc16 
Dealt to Hero [2c Ks]
Dealt to 9732b32a 
Dealt to 48cee877 
Dealt to 2d221bd2 
Dealt to a20fa97f 
Hero: folds
9732b32a: raises $0.07 to $0.12
48cee877: folds
2d221bd2: folds
a20fa97f: folds
3b64dc16: folds
Uncalled bet ($0.07) returned to 9732b32a
*** SHOWDOWN ***
9732b32a collected $0.12 from pot
*** SUMMARY ***
Total pot $0.12 | Rake $0 | Jackpot $0 | Bingo $0 | Fortune $0
Seat 1: 3b64dc16 (big blind) folded before Flop
Seat 2: Hero folded before Flop (didn't bet)
Seat 3: 9732b32a collected ($0.12)
Seat 4: 48cee877 folded before Flop (didn't bet)
Seat 5: 2d221bd2 (button) folded before Flop (didn't bet)
Seat 6: a20fa97f (small blind) folded before Flop


Poker Hand #HD1163150000: Hold'em No Limit  ($0.02/$0.05) - 2023/03/16 19:49:47
Table 'NLHBlue97' 6-max Seat #4 is the button
Seat 1: 3b64dc16 ($3.4 in chips)
Seat 2: Hero ($5.58 in chips)
Seat 3: 9732b32a ($7.6 in chips)
Seat 4: 48cee877 ($5 in chips)
Seat 5: 2d221bd2 ($5.98 in chips)
Seat 6: a20fa97f ($5.41 in chips)
2d221bd2: posts small blind $0.02
a20fa97f: posts big blind $0.05
*** HOLE CARDS ***
Dealt to 3b64dc16 
Dealt to Hero [Qd Js]
Dealt to 9732b32a 
Dealt to 48cee877 
Dealt to 2d221bd2 
Dealt to a20fa97f 
3b64dc16: raises $0.05 to $0.1
Hero: folds
9732b32a: folds
48cee877: folds
2d221bd2: folds
a20fa97f: folds
Uncalled bet ($0.05) returned to 3b64dc16
*** SHOWDOWN ***
3b64dc16 collected $0.12 from pot
*** SUMMARY ***
Total pot $0.12 | Rake $0 | Jackpot $0 | Bingo $0 | Fortune $0
Seat 1: 3b64dc16 collected ($0.12)
Seat 2: Hero folded before Flop (didn't bet)
Seat 3: 9732b32a folded before Flop (didn't bet)
Seat 4: 48cee877 (button) folded before Flop (didn't bet)
Seat 5: 2d221bd2 (small blind) folded before Flop
Seat 6: a20fa97f (big blind) folded before Flop


Poker Hand #HD1163149885: Hold'em No Limit  ($0.02/$0.05) - 2023/03/16 19:49:05
Table 'NLHBlue97' 6-max Seat #3 is the button
Seat 1: 3b64dc16 ($3.5 in chips)
Seat 2: Hero ($5.58 in chips)
Seat 3: 9732b32a ($7.6 in chips)
Seat 4: 48cee877 ($5 in chips)
Seat 5: 2d221bd2 ($5.87 in chips)
Seat 6: a20fa97f ($5.41 in chips)
48cee877: posts small blind $0.02
2d221bd2: posts big blind $0.05
*** HOLE CARDS ***
Dealt to 3b64dc16 
Dealt to Hero [As 7c]
Dealt to 9732b32a 
Dealt to 48cee877 
Dealt to 2d221bd2 
Dealt to a20fa97f 
a20fa97f: folds
3b64dc16: raises $0.05 to $0.1
Hero: folds
9732b32a: folds
48cee877: folds
2d221bd2: calls $0.05
*** FLOP *** [5h 5c 8d]
2d221bd2: checks
3b64dc16: checks
*** TURN *** [5h 5c 8d] [6h]
2d221bd2: checks
3b64dc16: checks
*** RIVER *** [5h 5c 8d 6h] [Qs]
2d221bd2: checks
3b64dc16: checks
2d221bd2: shows [Ac 4c] (Pair of Fives)
3b64dc16: shows [Th Kh] (Pair of Fives)
*** SHOWDOWN ***
2d221bd2 collected $0.21 from pot
*** SUMMARY ***
Total pot $0.22 | Rake $0.01 | Jackpot $0 | Bingo $0 | Fortune $0
Board [5h 5c 8d 6h Qs]
Seat 1: 3b64dc16 showed [Th Kh] and lost with Pair of Fives
Seat 2: Hero folded before Flop (didn't bet)
Seat 3: 9732b32a (button) folded before Flop (didn't bet)
Seat 4: 48cee877 (small blind) folded before Flop
Seat 5: 2d221bd2 (big blind) showed [Ac 4c] and won ($0.21) with Pair of Fives
Seat 6: a20fa97f folded before Flop (didn't bet)


Poker Hand #HD1163149805: Hold'em No Limit  ($0.02/$0.05) - 2023/03/16 19:48:33
Table 'NLHBlue97' 6-max Seat #2 is the button
Seat 1: 3b64dc16 ($3.5 in chips)
Seat 2: Hero ($5.58 in chips)
Seat 3: 9732b32a ($8 in chips)
Seat 4: 48cee877 ($5 in chips)
Seat 5: 2d221bd2 ($5.87 in chips)
Seat 6: a20fa97f ($5 in chips)
9732b32a: posts small blind $0.02
48cee877: posts big blind $0.05
*** HOLE CARDS ***
Dealt to 3b64dc16 
Dealt to Hero [6h 9c]
Dealt to 9732b32a 
Dealt to 48cee877 
Dealt to 2d221bd2 
Dealt to a20fa97f 
2d221bd2: folds
a20fa97f: raises $0.05 to $0.1
3b64dc16: folds
Hero: folds
9732b32a: raises $0.3 to $0.4
48cee877: folds
a20fa97f: raises $4.6 to $5 and is all-in
9732b32a: folds
Uncalled bet ($4.6) returned to a20fa97f
*** SHOWDOWN ***
a20fa97f collected $0.81 from pot
*** SUMMARY ***
Total pot $0.85 | Rake $0.04 | Jackpot $0 | Bingo $0 | Fortune $0
Seat 1: 3b64dc16 folded before Flop (didn't bet)
Seat 2: Hero (button) folded before Flop (didn't bet)
Seat 3: 9732b32a (small blind) folded before Flop
Seat 4: 48cee877 (big blind) folded before Flop
Seat 5: 2d221bd2 folded before Flop (didn't bet)
Seat 6: a20fa97f collected ($0.81)


Poker Hand #HD1163149770: Hold'em No Limit  ($0.02/$0.05) - 2023/03/16 19:48:21
Table 'NLHBlue97' 6-max Seat #1 is the button
Seat 1: 3b64dc16 ($3.5 in chips)
Seat 2: Hero ($5.6 in chips)
Seat 3: 9732b32a ($8.05 in chips)
Seat 5: 2d221bd2 ($5.8 in chips)
Seat 6: a20fa97f ($5 in chips)
Hero: posts small blind $0.02
9732b32a: posts big blind $0.05
*** HOLE CARDS ***
Dealt to 3b64dc16 
Dealt to Hero [4h 5d]
Dealt to 9732b32a 
Dealt to 2d221bd2 
Dealt to a20fa97f 
2d221bd2: raises $0.08 to $0.13
a20fa97f: folds
3b64dc16: folds
Hero: folds
9732b32a: folds
Uncalled bet ($0.08) returned to 2d221bd2
*** SHOWDOWN ***
2d221bd2 collected $0.12 from pot
*** SUMMARY ***
Total pot $0.12 | Rake $0 | Jackpot $0 | Bingo $0 | Fortune $0
Seat 1: 3b64dc16 (button) folded before Flop (didn't bet)
Seat 2: Hero (small blind) folded before Flop
Seat 3: 9732b32a (big blind) folded before Flop
Seat 5: 2d221bd2 collected ($0.12)
Seat 6: a20fa97f folded before Flop (didn't bet)


Poker Hand #HD1163149743: Hold'em No Limit  ($0.02/$0.05) - 2023/03/16 19:48:13
Table 'NLHBlue97' 6-max Seat #6 is the button
Seat 1: 3b64dc16 ($3.52 in chips)
Seat 2: Hero ($5.58 in chips)
Seat 3: 9732b32a ($8.05 in chips)
Seat 5: 2d221bd2 ($5.8 in chips)
Seat 6: a20fa97f ($5 in chips)
3b64dc16: posts small blind $0.02
Hero: posts big blind $0.05
*** HOLE CARDS ***
Dealt to 3b64dc16 
Dealt to Hero [5c 4h]
Dealt to 9732b32a 
Dealt to 2d221bd2 
Dealt to a20fa97f 
9732b32a: folds
2d221bd2: folds
a20fa97f: folds
3b64dc16: folds
Uncalled bet ($0.03) returned to Hero
*** SHOWDOWN ***
Hero collected $0.04 from pot
*** SUMMARY ***
Total pot $0.04 | Rake $0 | Jackpot $0 | Bingo $0 | Fortune $0
Seat 1: 3b64dc16 (small blind) folded before Flop
Seat 2: Hero (big blind) collected ($0.04)
Seat 3: 9732b32a folded before Flop (didn't bet)
Seat 5: 2d221bd2 folded before Flop (didn't bet)
Seat 6: a20fa97f (button) folded before Flop (didn't bet)


Poker Hand #HD1163149640: Hold'em No Limit  ($0.02/$0.05) - 2023/03/16 19:47:34
Table 'NLHBlue97' 6-max Seat #5 is the button
Seat 1: 3b64dc16 ($3.38 in chips)
Seat 2: Hero ($5.58 in chips)
Seat 3: 9732b32a ($8.05 in chips)
Seat 5: 2d221bd2 ($5.8 in chips)
Seat 6: a20fa97f ($5 in chips)
a20fa97f: posts small blind $0.02
3b64dc16: posts big blind $0.05
*** HOLE CARDS ***
Dealt to 3b64dc16 
Dealt to Hero [6d Kh]
Dealt to 9732b32a 
Dealt to 2d221bd2 
Dealt to a20fa97f 
Hero: folds
9732b32a: folds
2d221bd2: folds
a20fa97f: raises $0.05 to $0.1
3b64dc16: raises $0.05 to $0.15
a20fa97f: calls $0.05
*** FLOP *** [Kd 3s 6c]
a20fa97f: checks
3b64dc16: checks
*** TURN *** [Kd 3s 6c] [3c]
a20fa97f: checks
3b64dc16: checks
*** RIVER *** [Kd 3s 6c 3c] [7s]
a20fa97f: checks
3b64dc16: checks
a20fa97f: shows [Js Ts] (Pair of Treys)
3b64dc16: shows [8d Ah] (Pair of Treys)
*** SHOWDOWN ***
3b64dc16 collected $0.29 from pot
*** SUMMARY ***
Total pot $0.3 | Rake $0.01 | Jackpot $0 | Bingo $0 | Fortune $0
Board [Kd 3s 6c 3c 7s]
Seat 1: 3b64dc16 (big blind) showed [8d Ah] and won ($0.29) with Pair of Treys
Seat 2: Hero folded before Flop (didn't bet)
Seat 3: 9732b32a folded before Flop (didn't bet)
Seat 5: 2d221bd2 (button) folded before Flop (didn't bet)
Seat 6: a20fa97f (small blind) showed [Js Ts] and lost with Pair of Treys


Poker Hand #HD1163149596: Hold'em No Limit  ($0.02/$0.05) - 2023/03/16 19:47:20
Table 'NLHBlue97' 6-max Seat #3 is the button
Seat 1: 3b64dc16 ($3.38 in chips)
Seat 2: Hero ($5.58 in chips)
Seat 3: 9732b32a ($8.05 in chips)
Seat 5: 2d221bd2 ($5.75 in chips)
Seat 6: a20fa97f ($5 in chips)
2d221bd2: posts small blind $0.02
a20fa97f: posts big blind $0.05
*** HOLE CARDS ***
Dealt to 3b64dc16 
Dealt to Hero [9s 3s]
Dealt to 9732b32a 
Dealt to 2d221bd2 
Dealt to a20fa97f 
3b64dc16: folds
Hero: folds
9732b32a: folds
2d221bd2: raises $0.1 to $0.15
a20fa97f: folds
Uncalled bet ($0.1) returned to 2d221bd2
*** SHOWDOWN ***
2d221bd2 collected $0.1 from pot
*** SUMMARY ***
Total pot $0.1 | Rake $0 | Jackpot $0 | Bingo $0 | Fortune $0
Seat 1: 3b64dc16 folded before Flop (didn't bet)
Seat 2: Hero folded before Flop (didn't bet)
Seat 3: 9732b32a (button) folded before Flop (didn't bet)
Seat 5: 2d221bd2 (small blind) collected ($0.1)
Seat 6: a20fa97f (big blind) folded before Flop


Poker Hand #HD1163149561: Hold'em No Limit  ($0.02/$0.05) - 2023/03/16 19:47:08
Table 'NLHBlue97' 6-max Seat #2 is the button
Seat 1: 3b64dc16 ($3.38 in chips)
Seat 2: Hero ($5.51 in chips)
Seat 3: 9732b32a ($8.07 in chips)
Seat 5: 2d221bd2 ($5.8 in chips)
Seat 6: a20fa97f ($5 in chips)
9732b32a: posts small blind $0.02
2d221bd2: posts big blind $0.05
*** HOLE CARDS ***
Dealt to 3b64dc16 
Dealt to Hero [Kh 9h]
Dealt to 9732b32a 
Dealt to 2d221bd2 
Dealt to a20fa97f 
a20fa97f: folds
3b64dc16: folds
Hero: raises $0.07 to $0.12
9732b32a: folds
2d221bd2: folds
Uncalled bet ($0.07) returned to Hero
*** SHOWDOWN ***
Hero collected $0.12 from pot
*** SUMMARY ***
Total pot $0.12 | Rake $0 | Jackpot $0 | Bingo $0 | Fortune $0
Seat 1: 3b64dc16 folded before Flop (didn't bet)
Seat 2: Hero (button) collected ($0.12)
Seat 3: 9732b32a (small blind) folded before Flop
Seat 5: 2d221bd2 (big blind) folded before Flop
Seat 6: a20fa97f folded before Flop (didn't bet)


Poker Hand #HD1163149540: Hold'em No Limit  ($0.02/$0.05) - 2023/03/16 19:47:01
Table 'NLHBlue97' 6-max Seat #1 is the button
Seat 1: 3b64dc16 ($3.38 in chips)
Seat 2: Hero ($5.53 in chips)
Seat 3: 9732b32a ($8.05 in chips)
Seat 5: 2d221bd2 ($5.8 in chips)
Seat 6: a20fa97f ($5 in chips)
Hero: posts small blind $0.02
9732b32a: posts big blind $0.05
*** HOLE CARDS ***
Dealt to 3b64dc16 
Dealt to Hero [2d 3c]
Dealt to 9732b32a 
Dealt to 2d221bd2 
Dealt to a20fa97f 
2d221bd2: folds
a20fa97f: folds
3b64dc16: folds
Hero: folds
Uncalled bet ($0.03) returned to 9732b32a
*** SHOWDOWN ***
9732b32a collected $0.04 from pot
*** SUMMARY ***
Total pot $0.04 | Rake $0 | Jackpot $0 | Bingo $0 | Fortune $0
Seat 1: 3b64dc16 (button) folded before Flop (didn't bet)
Seat 2: Hero (small blind) folded before Flop
Seat 3: 9732b32a (big blind) collected ($0.04)
Seat 5: 2d221bd2 folded before Flop (didn't bet)
Seat 6: a20fa97f folded before Flop (didn't bet)


Poker Hand #HD1163149387: Hold'em No Limit  ($0.02/$0.05) - 2023/03/16 19:46:03
Table 'NLHBlue97' 6-max Seat #6 is the button
Seat 1: 3b64dc16 ($3.4 in chips)
Seat 2: Hero ($5.58 in chips)
Seat 3: 9732b32a ($8.05 in chips)
Seat 5: 2d221bd2 ($5.07 in chips)
Seat 6: a20fa97f ($5.02 in chips)
3b64dc16: posts small blind $0.02
Hero: posts big blind $0.05
*** HOLE CARDS ***
Dealt to 3b64dc16 
Dealt to Hero [Js 2c]
Dealt to 9732b32a 
Dealt to 2d221bd2 
Dealt to a20fa97f 
9732b32a: folds
2d221bd2: raises $0.08 to $0.13
a20fa97f: raises $0.33 to $0.46
3b64dc16: folds
Hero: folds
2d221bd2: calls $0.33
*** FLOP *** [Jh 3c Kc]
2d221bd2: checks
a20fa97f: bets $0.33
2d221bd2: calls $0.33
*** TURN *** [Jh 3c Kc] [8h]
2d221bd2: checks
a20fa97f: checks
*** RIVER *** [Jh 3c Kc 8h] [9d]
2d221bd2: bets $2.38
a20fa97f: folds
Uncalled bet ($2.38) returned to 2d221bd2
*** SHOWDOWN ***
2d221bd2 collected $1.52 from pot
*** SUMMARY ***
Total pot $1.65 | Rake $0.08 | Jackpot $0.05 | Bingo $0 | Fortune $0
Board [Jh 3c Kc 8h 9d]
Seat 1: 3b64dc16 (small blind) folded before Flop
Seat 2: Hero (big blind) folded before Flop
Seat 3: 9732b32a folded before Flop (didn't bet)
Seat 5: 2d221bd2 won ($1.52)
Seat 6: a20fa97f (button) folded on the River


Poker Hand #HD1163149321: Hold'em No Limit  ($0.02/$0.05) - 2023/03/16 19:45:41
Table 'NLHBlue97' 6-max Seat #5 is the button
Seat 1: 3b64dc16 ($3.45 in chips)
Seat 2: Hero ($5.58 in chips)
Seat 3: 9732b32a ($8.05 in chips)
Seat 5: 2d221bd2 ($5 in chips)
Seat 6: a20fa97f ($5 in chips)
a20fa97f: posts small blind $0.02
3b64dc16: posts big blind $0.05
*** HOLE CARDS ***
Dealt to 3b64dc16 
Dealt to Hero [6s Ad]
Dealt to 9732b32a 
Dealt to 2d221bd2 
Dealt to a20fa97f 
Hero: folds
9732b32a: folds
2d221bd2: raises $0.08 to $0.13
a20fa97f: folds
3b64dc16: folds
Uncalled bet ($0.08) returned to 2d221bd2
*** SHOWDOWN ***
2d221bd2 collected $0.12 from pot
*** SUMMARY ***
Total pot $0.12 | Rake $0 | Jackpot $0 | Bingo $0 | Fortune $0
Seat 1: 3b64dc16 (big blind) folded before Flop
Seat 2: Hero folded before Flop (didn't bet)
Seat 3: 9732b32a folded before Flop (didn't bet)
Seat 5: 2d221bd2 (button) collected ($0.12)
Seat 6: a20fa97f (small blind) folded before Flop


Poker Hand #HD1163149273: Hold'em No Limit  ($0.02/$0.05) - 2023/03/16 19:45:25
Table 'NLHBlue97' 6-max Seat #3 is the button
Seat 1: 3b64dc16 ($3.38 in chips)
Seat 2: Hero ($5.58 in chips)
Seat 3: 9732b32a ($8.05 in chips)
Seat 5: 2d221bd2 ($5 in chips)
Seat 6: a20fa97f ($5.04 in chips)
2d221bd2: posts small blind $0.02
a20fa97f: posts big blind $0.05
*** HOLE CARDS ***
Dealt to 3b64dc16 
Dealt to Hero [7h 5d]
Dealt to 9732b32a 
Dealt to 2d221bd2 
Dealt to a20fa97f 
3b64dc16: raises $0.05 to $0.1
Hero: folds
9732b32a: folds
2d221bd2: folds
a20fa97f: folds
Uncalled bet ($0.05) returned to 3b64dc16
*** SHOWDOWN ***
3b64dc16 collected $0.12 from pot
*** SUMMARY ***
Total pot $0.12 | Rake $0 | Jackpot $0 | Bingo $0 | Fortune $0
Seat 1: 3b64dc16 collected ($0.12)
Seat 2: Hero folded before Flop (didn't bet)
Seat 3: 9732b32a (button) folded before Flop (didn't bet)
Seat 5: 2d221bd2 (small blind) folded before Flop
Seat 6: a20fa97f (big blind) folded before Flop


Poker Hand #HD1163149235: Hold'em No Limit  ($0.02/$0.05) - 2023/03/16 19:45:11
Table 'NLHBlue97' 6-max Seat #2 is the button
Seat 1: 3b64dc16 ($3.38 in chips)
Seat 2: Hero ($5.51 in chips)
Seat 3: 9732b32a ($8.07 in chips)
Seat 5: 2d221bd2 ($5 in chips)
Seat 6: a20fa97f ($5.04 in chips)
9732b32a: posts small blind $0.02
2d221bd2: posts big blind $0.05
*** HOLE CARDS ***
Dealt to 3b64dc16 
Dealt to Hero [9h Ks]
Dealt to 9732b32a 
Dealt to 2d221bd2 
Dealt to a20fa97f 
a20fa97f: folds
3b64dc16: folds
Hero: raises $0.07 to $0.12
9732b32a: folds
2d221bd2: folds
Uncalled bet ($0.07) returned to Hero
*** SHOWDOWN ***
Hero collected $0.12 from pot
*** SUMMARY ***
Total pot $0.12 | Rake $0 | Jackpot $0 | Bingo $0 | Fortune $0
Seat 1: 3b64dc16 folded before Flop (didn't bet)
Seat 2: Hero (button) collected ($0.12)
Seat 3: 9732b32a (small blind) folded before Flop
Seat 5: 2d221bd2 (big blind) folded before Flop
Seat 6: a20fa97f folded before Flop (didn't bet)


Poker Hand #HD1163149048: Hold'em No Limit  ($0.02/$0.05) - 2023/03/16 19:44:04
Table 'NLHBlue97' 6-max Seat #1 is the button
Seat 1: 3b64dc16 ($4.47 in chips)
Seat 2: Hero ($5.53 in chips)
Seat 3: 9732b32a ($7.13 in chips)
Seat 6: a20fa97f ($5.04 in chips)
Hero: posts small blind $0.02
9732b32a: posts big blind $0.05
*** HOLE CARDS ***
Dealt to 3b64dc16 
Dealt to Hero [4h Jh]
Dealt to 9732b32a 
Dealt to a20fa97f 
a20fa97f: folds
3b64dc16: raises $0.05 to $0.1
Hero: folds
9732b32a: calls $0.05
*** FLOP *** [9c 6c 3h]
9732b32a: checks
3b64dc16: bets $0.2
9732b32a: calls $0.2
*** TURN *** [9c 6c 3h] [6d]
9732b32a: checks
3b64dc16: bets $0.3
9732b32a: raises $0.49 to $0.79
3b64dc16: calls $0.49
*** RIVER *** [9c 6c 3h 6d] [Kd]
9732b32a: bets $6.04 and is all-in
3b64dc16: folds
Uncalled bet ($6.04) returned to 9732b32a
*** SHOWDOWN ***
9732b32a collected $2.03 from pot
*** SUMMARY ***
Total pot $2.2 | Rake $0.12 | Jackpot $0.05 | Bingo $0 | Fortune $0
Board [9c 6c 3h 6d Kd]
Seat 1: 3b64dc16 (button) folded on the River
Seat 2: Hero (small blind) folded before Flop
Seat 3: 9732b32a (big blind) won ($2.03)
Seat 6: a20fa97f folded before Flop (didn't bet)


Poker Hand #HD1163149009: Hold'em No Limit  ($0.02/$0.05) - 2023/03/16 19:43:52
Table 'NLHBlue97' 6-max Seat #6 is the button
Seat 1: 3b64dc16 ($4.49 in chips)
Seat 2: Hero ($5.58 in chips)
Seat 3: 9732b32a ($7.06 in chips)
Seat 6: a20fa97f ($5.04 in chips)
3b64dc16: posts small blind $0.02
Hero: posts big blind $0.05
*** HOLE CARDS ***
Dealt to 3b64dc16 
Dealt to Hero [Tc 2c]
Dealt to 9732b32a 
Dealt to a20fa97f 
9732b32a: raises $0.07 to $0.12
a20fa97f: folds
3b64dc16: folds
Hero: folds
Uncalled bet ($0.07) returned to 9732b32a
*** SHOWDOWN ***
9732b32a collected $0.12 from pot
*** SUMMARY ***
Total pot $0.12 | Rake $0 | Jackpot $0 | Bingo $0 | Fortune $0
Seat 1: 3b64dc16 (small blind) folded before Flop
Seat 2: Hero (big blind) folded before Flop
Seat 3: 9732b32a collected ($0.12)
Seat 6: a20fa97f (button) folded before Flop (didn't bet)


Poker Hand #HD1163148979: Hold'em No Limit  ($0.02/$0.05) - 2023/03/16 19:43:43
Table 'NLHBlue97' 6-max Seat #3 is the button
Seat 1: 3b64dc16 ($4.54 in chips)
Seat 2: Hero ($5.58 in chips)
Seat 3: 9732b32a ($6.99 in chips)
Seat 6: a20fa97f ($5.06 in chips)
a20fa97f: posts small blind $0.02
3b64dc16: posts big blind $0.05
*** HOLE CARDS ***
Dealt to 3b64dc16 
Dealt to Hero [7c 2h]
Dealt to 9732b32a 
Dealt to a20fa97f 
Hero: folds
9732b32a: raises $0.07 to $0.12
a20fa97f: folds
3b64dc16: folds
Uncalled bet ($0.07) returned to 9732b32a
*** SHOWDOWN ***
9732b32a collected $0.12 from pot
*** SUMMARY ***
Total pot $0.12 | Rake $0 | Jackpot $0 | Bingo $0 | Fortune $0
Seat 1: 3b64dc16 (big blind) folded before Flop
Seat 2: Hero folded before Flop (didn't bet)
Seat 3: 9732b32a (button) collected ($0.12)
Seat 6: a20fa97f (small blind) folded before Flop


Poker Hand #HD1163148956: Hold'em No Limit  ($0.02/$0.05) - 2023/03/16 19:43:32
Table 'NLHBlue97' 6-max Seat #2 is the button
Seat 1: 3b64dc16 ($4.54 in chips)
Seat 2: Hero ($5.58 in chips)
Seat 3: 9732b32a ($7.01 in chips)
Seat 6: a20fa97f ($5.04 in chips)
9732b32a: posts small blind $0.02
a20fa97f: posts big blind $0.05
*** HOLE CARDS ***
Dealt to 3b64dc16 
Dealt to Hero [7d 9h]
Dealt to 9732b32a 
Dealt to a20fa97f 
3b64dc16: folds
Hero: folds
9732b32a: folds
Uncalled bet ($0.03) returned to a20fa97f
*** SHOWDOWN ***
a20fa97f collected $0.04 from pot
*** SUMMARY ***
Total pot $0.04 | Rake $0 | Jackpot $0 | Bingo $0 | Fortune $0
Seat 1: 3b64dc16 folded before Flop (didn't bet)
Seat 2: Hero (button) folded before Flop (didn't bet)
Seat 3: 9732b32a (small blind) folded before Flop
Seat 6: a20fa97f (big blind) collected ($0.04)


Poker Hand #HD1163148833: Hold'em No Limit  ($0.02/$0.05) - 2023/03/16 19:42:47
Table 'NLHBlue97' 6-max Seat #1 is the button
Seat 1: 3b64dc16 ($4.54 in chips)
Seat 2: Hero ($5.82 in chips)
Seat 3: 9732b32a ($6.79 in chips)
Seat 6: a20fa97f ($5.04 in chips)
Hero: posts small blind $0.02
9732b32a: posts big blind $0.05
*** HOLE CARDS ***
Dealt to 3b64dc16 
Dealt to Hero [Js Ts]
Dealt to 9732b32a 
Dealt to a20fa97f 
a20fa97f: folds
3b64dc16: folds
Hero: raises $0.09 to $0.14
9732b32a: calls $0.09
*** FLOP *** [5s Ah 4c]
Hero: bets $0.1
9732b32a: calls $0.1
*** TURN *** [5s Ah 4c] [6h]
Hero: checks
9732b32a: bets $0.34
Hero: folds
Uncalled bet ($0.34) returned to 9732b32a
*** SHOWDOWN ***
9732b32a collected $0.46 from pot
*** SUMMARY ***
Total pot $0.48 | Rake $0.02 | Jackpot $0 | Bingo $0 | Fortune $0
Board [5s Ah 4c 6h]
Seat 1: 3b64dc16 (button) folded before Flop (didn't bet)
Seat 2: Hero (small blind) folded on the Turn
Seat 3: 9732b32a (big blind) won ($0.46)
Seat 6: a20fa97f folded before Flop (didn't bet)


Poker Hand #HD1163148806: Hold'em No Limit  ($0.02/$0.05) - 2023/03/16 19:42:39
Table 'NLHBlue97' 6-max Seat #6 is the button
Seat 1: 3b64dc16 ($4.56 in chips)
Seat 2: Hero ($5.8 in chips)
Seat 3: 9732b32a ($6.79 in chips)
Seat 6: a20fa97f ($5.04 in chips)
3b64dc16: posts small blind $0.02
Hero: posts big blind $0.05
*** HOLE CARDS ***
Dealt to 3b64dc16 
Dealt to Hero [Ac Qd]
Dealt to 9732b32a 
Dealt to a20fa97f 
9732b32a: folds
a20fa97f: folds
3b64dc16: folds
Uncalled bet ($0.03) returned to Hero
*** SHOWDOWN ***
Hero collected $0.04 from pot
*** SUMMARY ***
Total pot $0.04 | Rake $0 | Jackpot $0 | Bingo $0 | Fortune $0
Seat 1: 3b64dc16 (small blind) folded before Flop
Seat 2: Hero (big blind) collected ($0.04)
Seat 3: 9732b32a folded before Flop (didn't bet)
Seat 6: a20fa97f (button) folded before Flop (didn't bet)


Poker Hand #HD1163148749: Hold'em No Limit  ($0.02/$0.05) - 2023/03/16 19:42:23
Table 'NLHBlue97' 6-max Seat #3 is the button
Seat 1: 3b64dc16 ($4.54 in chips)
Seat 2: Hero ($5.8 in chips)
Seat 3: 9732b32a ($6.79 in chips)
Seat 6: a20fa97f ($5.06 in chips)
a20fa97f: posts small blind $0.02
3b64dc16: posts big blind $0.05
*** HOLE CARDS ***
Dealt to 3b64dc16 
Dealt to Hero [7d 3h]
Dealt to 9732b32a 
Dealt to a20fa97f 
Hero: folds
9732b32a: folds
a20fa97f: folds
Uncalled bet ($0.03) returned to 3b64dc16
*** SHOWDOWN ***
3b64dc16 collected $0.04 from pot
*** SUMMARY ***
Total pot $0.04 | Rake $0 | Jackpot $0 | Bingo $0 | Fortune $0
Seat 1: 3b64dc16 (big blind) collected ($0.04)
Seat 2: Hero folded before Flop (didn't bet)
Seat 3: 9732b32a (button) folded before Flop (didn't bet)
Seat 6: a20fa97f (small blind) folded before Flop


Poker Hand #HD1163148724: Hold'em No Limit  ($0.02/$0.05) - 2023/03/16 19:42:14
Table 'NLHBlue97' 6-max Seat #2 is the button
Seat 1: 3b64dc16 ($4.54 in chips)
Seat 2: Hero ($5.73 in chips)
Seat 3: 9732b32a ($6.81 in chips)
Seat 6: a20fa97f ($5.11 in chips)
9732b32a: posts small blind $0.02
a20fa97f: posts big blind $0.05
*** HOLE CARDS ***
Dealt to 3b64dc16 
Dealt to Hero [As 9h]
Dealt to 9732b32a 
Dealt to a20fa97f 
3b64dc16: folds
Hero: raises $0.07 to $0.12
9732b32a: folds
a20fa97f: folds
Uncalled bet ($0.07) returned to Hero
*** SHOWDOWN ***
Hero collected $0.12 from pot
*** SUMMARY ***
Total pot $0.12 | Rake $0 | Jackpot $0 | Bingo $0 | Fortune $0
Seat 1: 3b64dc16 folded before Flop (didn't bet)
Seat 2: Hero (button) collected ($0.12)
Seat 3: 9732b32a (small blind) folded before Flop
Seat 6: a20fa97f (big blind) folded before Flop


Poker Hand #HD1163148660: Hold'em No Limit  ($0.02/$0.05) - 2023/03/16 19:41:47
Table 'NLHBlue97' 6-max Seat #1 is the button
Seat 1: 3b64dc16 ($4.43 in chips)
Seat 2: Hero ($5.75 in chips)
Seat 3: 9732b32a ($6.91 in chips)
Seat 6: a20fa97f ($5.11 in chips)
Hero: posts small blind $0.02
9732b32a: posts big blind $0.05
*** HOLE CARDS ***
Dealt to 3b64dc16 
Dealt to Hero [7s Js]
Dealt to 9732b32a 
Dealt to a20fa97f 
a20fa97f: folds
3b64dc16: raises $0.05 to $0.1
Hero: folds
9732b32a: calls $0.05
*** FLOP *** [Jh Qs Qd]
9732b32a: checks
3b64dc16: bets $0.2
9732b32a: folds
Uncalled bet ($0.2) returned to 3b64dc16
*** SHOWDOWN ***
3b64dc16 collected $0.21 from pot
*** SUMMARY ***
Total pot $0.22 | Rake $0.01 | Jackpot $0 | Bingo $0 | Fortune $0
Board [Jh Qs Qd]
Seat 1: 3b64dc16 (button) won ($0.21)
Seat 2: Hero (small blind) folded before Flop
Seat 3: 9732b32a (big blind) folded on the Flop
Seat 6: a20fa97f folded before Flop (didn't bet)


Poker Hand #HD1163148474: Hold'em No Limit  ($0.02/$0.05) - 2023/03/16 19:40:40
Table 'NLHBlue97' 6-max Seat #6 is the button
Seat 1: 3b64dc16 ($4.45 in chips)
Seat 2: Hero ($5.85 in chips)
Seat 3: 9732b32a ($6.91 in chips)
Seat 6: a20fa97f ($5 in chips)
3b64dc16: posts small blind $0.02
Hero: posts big blind $0.05
*** HOLE CARDS ***
Dealt to 3b64dc16 
Dealt to Hero [6s Js]
Dealt to 9732b32a 
Dealt to a20fa97f 
9732b32a: folds
a20fa97f: raises $0.05 to $0.1
3b64dc16: folds
Hero: calls $0.05
*** FLOP *** [4d Qd 5c]
Hero: checks
a20fa97f: checks
*** TURN *** [4d Qd 5c] [Ts]
Hero: checks
a20fa97f: checks
*** RIVER *** [4d Qd 5c Ts] [3c]
Hero: checks
a20fa97f: checks
Hero: shows [6s Js] (Queen-High)
a20fa97f: shows [As 8s] (Ace-High)
*** SHOWDOWN ***
a20fa97f collected $0.21 from pot
*** SUMMARY ***
Total pot $0.22 | Rake $0.01 | Jackpot $0 | Bingo $0 | Fortune $0
Board [4d Qd 5c Ts 3c]
Seat 1: 3b64dc16 (small blind) folded before Flop
Seat 2: Hero (big blind) showed [6s Js] and lost with Queen-High
Seat 3: 9732b32a folded before Flop (didn't bet)
Seat 6: a20fa97f (button) showed [As 8s] and won ($0.21) with Ace-High


Poker Hand #HD1163148414: Hold'em No Limit  ($0.02/$0.05) - 2023/03/16 19:40:22
Table 'NLHBlue97' 6-max Seat #3 is the button
Seat 1: 3b64dc16 ($4.5 in chips)
Seat 2: Hero ($5.78 in chips)
Seat 3: 9732b32a ($6.91 in chips)
Seat 6: a20fa97f ($5 in chips)
a20fa97f: posts small blind $0.02
3b64dc16: posts big blind $0.05
*** HOLE CARDS ***
Dealt to 3b64dc16 
Dealt to Hero [2h 2c]
Dealt to 9732b32a 
Dealt to a20fa97f 
Hero: raises $0.07 to $0.12
9732b32a: folds
a20fa97f: folds
3b64dc16: folds
Uncalled bet ($0.07) returned to Hero
*** SHOWDOWN ***
Hero collected $0.12 from pot
*** SUMMARY ***
Total pot $0.12 | Rake $0 | Jackpot $0 | Bingo $0 | Fortune $0
Seat 1: 3b64dc16 (big blind) folded before Flop
Seat 2: Hero collected ($0.12)
Seat 3: 9732b32a (button) folded before Flop (didn't bet)
Seat 6: a20fa97f (small blind) folded before Flop


Poker Hand #HD1163148305: Hold'em No Limit  ($0.02/$0.05) - 2023/03/16 19:39:50
Table 'NLHBlue97' 6-max Seat #2 is the button
Seat 1: 3b64dc16 ($4.55 in chips)
Seat 2: Hero ($5.78 in chips)
Seat 3: 9732b32a ($6.81 in chips)
Seat 6: a20fa97f ($5 in chips)
9732b32a: posts small blind $0.02
a20fa97f: posts big blind $0.05
*** HOLE CARDS ***
Dealt to 3b64dc16 
Dealt to Hero [3h Th]
Dealt to 9732b32a 
Dealt to a20fa97f 
3b64dc16: calls $0.05
Hero: folds
9732b32a: calls $0.03
a20fa97f: checks
*** FLOP *** [Kh 9c Qh]
9732b32a: checks
a20fa97f: checks
3b64dc16: checks
*** TURN *** [Kh 9c Qh] [6s]
9732b32a: bets $0.06
a20fa97f: folds
3b64dc16: folds
Uncalled bet ($0.06) returned to 9732b32a
*** SHOWDOWN ***
9732b32a collected $0.15 from pot
*** SUMMARY ***
Total pot $0.15 | Rake $0 | Jackpot $0 | Bingo $0 | Fortune $0
Board [Kh 9c Qh 6s]
Seat 1: 3b64dc16 folded on the Turn
Seat 2: Hero (button) folded before Flop (didn't bet)
Seat 3: 9732b32a (small blind) won ($0.15)
Seat 6: a20fa97f (big blind) folded on the Turn


Poker Hand #HD1163148138: Hold'em No Limit  ($0.02/$0.05) - 2023/03/16 19:38:44
Table 'NLHBlue97' 6-max Seat #1 is the button
Seat 1: 3b64dc16 ($4.55 in chips)
Seat 2: Hero ($5.97 in chips)
Seat 3: 9732b32a ($6.86 in chips)
Seat 5: eb635aac ($7.96 in chips)
Seat 6: a20fa97f ($5.03 in chips)
Hero: posts small blind $0.02
9732b32a: posts big blind $0.05
*** HOLE CARDS ***
Dealt to 3b64dc16 
Dealt to Hero [Qc Qs]
Dealt to 9732b32a 
Dealt to eb635aac 
Dealt to a20fa97f 
eb635aac: raises $0.07 to $0.12
a20fa97f: calls $0.12
3b64dc16: folds
Hero: raises $0.58 to $0.7
9732b32a: folds
eb635aac: calls $0.58
a20fa97f: folds
*** FLOP *** [7d 6c 8h]
Hero: bets $0.79
eb635aac: calls $0.79
*** TURN *** [7d 6c 8h] [3s]
Hero: bets $1.18
eb635aac: calls $1.18
*** RIVER *** [7d 6c 8h 3s] [3c]
Hero: bets $3.3 and is all-in
eb635aac: calls $3.3
Hero: shows [Qc Qs] (Pair of Queens and Pair of Treys)
eb635aac: shows [Qh Qd] (Pair of Queens and Pair of Treys)
*** SHOWDOWN ***
Hero collected $5.78 from pot
eb635aac collected $5.78 from pot
*** SUMMARY ***
Total pot $12.11 | Rake $0.5 | Jackpot $0.05 | Bingo $0 | Fortune $0
Board [7d 6c 8h 3s 3c]
Seat 1: 3b64dc16 (button) folded before Flop (didn't bet)
Seat 2: Hero (small blind) showed [Qc Qs] and won ($5.78) with Pair of Queens and Pair of Treys
Seat 3: 9732b32a (big blind) folded before Flop
Seat 5: eb635aac showed [Qh Qd] and won ($5.78) with Pair of Queens and Pair of Treys
Seat 6: a20fa97f folded before Flop


Poker Hand #HD1163148112: Hold'em No Limit  ($0.02/$0.05) - 2023/03/16 19:38:34
Table 'NLHBlue97' 6-max Seat #6 is the button
Seat 1: 3b64dc16 ($4.57 in chips)
Seat 2: Hero ($6.02 in chips)
Seat 3: 9732b32a ($6.79 in chips)
Seat 5: eb635aac ($7.96 in chips)
Seat 6: a20fa97f ($5.03 in chips)
3b64dc16: posts small blind $0.02
Hero: posts big blind $0.05
*** HOLE CARDS ***
Dealt to 3b64dc16 
Dealt to Hero [2d 3h]
Dealt to 9732b32a 
Dealt to eb635aac 
Dealt to a20fa97f 
9732b32a: raises $0.07 to $0.12
eb635aac: folds
a20fa97f: folds
3b64dc16: folds
Hero: folds
Uncalled bet ($0.07) returned to 9732b32a
*** SHOWDOWN ***
9732b32a collected $0.12 from pot
*** SUMMARY ***
Total pot $0.12 | Rake $0 | Jackpot $0 | Bingo $0 | Fortune $0
Seat 1: 3b64dc16 (small blind) folded before Flop
Seat 2: Hero (big blind) folded before Flop
Seat 3: 9732b32a collected ($0.12)
Seat 5: eb635aac folded before Flop (didn't bet)
Seat 6: a20fa97f (button) folded before Flop (didn't bet)


Poker Hand #HD1163148080: Hold'em No Limit  ($0.02/$0.05) - 2023/03/16 19:38:22
Table 'NLHBlue97' 6-max Seat #5 is the button
Seat 1: 3b64dc16 ($4.55 in chips)
Seat 2: Hero ($6.02 in chips)
Seat 3: 9732b32a ($6.79 in chips)
Seat 5: eb635aac ($7.96 in chips)
Seat 6: a20fa97f ($5.05 in chips)
a20fa97f: posts small blind $0.02
3b64dc16: posts big blind $0.05
*** HOLE CARDS ***
Dealt to 3b64dc16 
Dealt to Hero [Jh 6h]
Dealt to 9732b32a 
Dealt to eb635aac 
Dealt to a20fa97f 
Hero: folds
9732b32a: folds
eb635aac: folds
a20fa97f: folds
Uncalled bet ($0.03) returned to 3b64dc16
*** SHOWDOWN ***
3b64dc16 collected $0.04 from pot
*** SUMMARY ***
Total pot $0.04 | Rake $0 | Jackpot $0 | Bingo $0 | Fortune $0
Seat 1: 3b64dc16 (big blind) collected ($0.04)
Seat 2: Hero folded before Flop (didn't bet)
Seat 3: 9732b32a folded before Flop (didn't bet)
Seat 5: eb635aac (button) folded before Flop (didn't bet)
Seat 6: a20fa97f (small blind) folded before Flop


Poker Hand #HD1163148039: Hold'em No Limit  ($0.02/$0.05) - 2023/03/16 19:38:10
Table 'NLHBlue97' 6-max Seat #3 is the button
Seat 1: 3b64dc16 ($4.55 in chips)
Seat 2: Hero ($6.02 in chips)
Seat 3: 9732b32a ($6.79 in chips)
Seat 5: eb635aac ($7.98 in chips)
Seat 6: a20fa97f ($5.03 in chips)
eb635aac: posts small blind $0.02
a20fa97f: posts big blind $0.05
*** HOLE CARDS ***
Dealt to 3b64dc16 
Dealt to Hero [4d 6c]
Dealt to 9732b32a 
Dealt to eb635aac 
Dealt to a20fa97f 
3b64dc16: folds
Hero: folds
9732b32a: folds
eb635aac: folds
Uncalled bet ($0.03) returned to a20fa97f
*** SHOWDOWN ***
a20fa97f collected $0.04 from pot
*** SUMMARY ***
Total pot $0.04 | Rake $0 | Jackpot $0 | Bingo $0 | Fortune $0
Seat 1: 3b64dc16 folded before Flop (didn't bet)
Seat 2: Hero folded before Flop (didn't bet)
Seat 3: 9732b32a (button) folded before Flop (didn't bet)
Seat 5: eb635aac (small blind) folded before Flop
Seat 6: a20fa97f (big blind) collected ($0.04)


Poker Hand #HD1163147946: Hold'em No Limit  ($0.02/$0.05) - 2023/03/16 19:37:34
Table 'NLHBlue97' 6-max Seat #2 is the button
Seat 1: 3b64dc16 ($4.65 in chips)
Seat 2: Hero ($6.34 in chips)
Seat 3: 9732b32a ($6.36 in chips)
Seat 5: eb635aac ($8.03 in chips)
Seat 6: a20fa97f ($5.03 in chips)
9732b32a: posts small blind $0.02
eb635aac: posts big blind $0.05
*** HOLE CARDS ***
Dealt to 3b64dc16 
Dealt to Hero [6d 6h]
Dealt to 9732b32a 
Dealt to eb635aac 
Dealt to a20fa97f 
a20fa97f: folds
3b64dc16: raises $0.05 to $0.1
Hero: raises $0.22 to $0.32
9732b32a: raises $0.58 to $0.9
eb635aac: folds
3b64dc16: folds
Hero: folds
Uncalled bet ($0.58) returned to 9732b32a
*** SHOWDOWN ***
9732b32a collected $0.75 from pot
*** SUMMARY ***
Total pot $0.79 | Rake $0.04 | Jackpot $0 | Bingo $0 | Fortune $0
Seat 1: 3b64dc16 folded before Flop
Seat 2: Hero (button) folded before Flop
Seat 3: 9732b32a (small blind) collected ($0.75)
Seat 5: eb635aac (big blind) folded before Flop
Seat 6: a20fa97f folded before Flop (didn't bet)


Poker Hand #HD1163147899: Hold'em No Limit  ($0.02/$0.05) - 2023/03/16 19:37:21
Table 'NLHBlue97' 6-max Seat #1 is the button
Seat 1: 3b64dc16 ($4.65 in chips)
Seat 2: Hero ($6.36 in chips)
Seat 3: 9732b32a ($6.34 in chips)
Seat 5: eb635aac ($8.03 in chips)
Seat 6: a20fa97f ($5.03 in chips)
Hero: posts small blind $0.02
9732b32a: posts big blind $0.05
*** HOLE CARDS ***
Dealt to 3b64dc16 
Dealt to Hero [2s 9s]
Dealt to 9732b32a 
Dealt to eb635aac 
Dealt to a20fa97f 
eb635aac: folds
a20fa97f: folds
3b64dc16: folds
Hero: folds
Uncalled bet ($0.03) returned to 9732b32a
*** SHOWDOWN ***
9732b32a collected $0.04 from pot
*** SUMMARY ***
Total pot $0.04 | Rake $0 | Jackpot $0 | Bingo $0 | Fortune $0
Seat 1: 3b64dc16 (button) folded before Flop (didn't bet)
Seat 2: Hero (small blind) folded before Flop
Seat 3: 9732b32a (big blind) collected ($0.04)
Seat 5: eb635aac folded before Flop (didn't bet)
Seat 6: a20fa97f folded before Flop (didn't bet)


Poker Hand #HD1163147875: Hold'em No Limit  ($0.02/$0.05) - 2023/03/16 19:37:11
Table 'NLHBlue97' 6-max Seat #6 is the button
Seat 1: 3b64dc16 ($4.67 in chips)
Seat 2: Hero ($6.41 in chips)
Seat 3: 9732b32a ($6.27 in chips)
Seat 5: eb635aac ($8.03 in chips)
Seat 6: a20fa97f ($5.03 in chips)
3b64dc16: posts small blind $0.02
Hero: posts big blind $0.05
*** HOLE CARDS ***
Dealt to 3b64dc16 
Dealt to Hero [6c Td]
Dealt to 9732b32a 
Dealt to eb635aac 
Dealt to a20fa97f 
9732b32a: raises $0.07 to $0.12
eb635aac: folds
a20fa97f: folds
3b64dc16: folds
Hero: folds
Uncalled bet ($0.07) returned to 9732b32a
*** SHOWDOWN ***
9732b32a collected $0.12 from pot
*** SUMMARY ***
Total pot $0.12 | Rake $0 | Jackpot $0 | Bingo $0 | Fortune $0
Seat 1: 3b64dc16 (small blind) folded before Flop
Seat 2: Hero (big blind) folded before Flop
Seat 3: 9732b32a collected ($0.12)
Seat 5: eb635aac folded before Flop (didn't bet)
Seat 6: a20fa97f (button) folded before Flop (didn't bet)


Poker Hand #HD1163147804: Hold'em No Limit  ($0.02/$0.05) - 2023/03/16 19:36:50
Table 'NLHBlue97' 6-max Seat #5 is the button
Seat 1: 3b64dc16 ($4.72 in chips)
Seat 2: Hero ($6.34 in chips)
Seat 3: 9732b32a ($6.27 in chips)
Seat 5: eb635aac ($8.03 in chips)
Seat 6: a20fa97f ($5.05 in chips)
a20fa97f: posts small blind $0.02
3b64dc16: posts big blind $0.05
*** HOLE CARDS ***
Dealt to 3b64dc16 
Dealt to Hero [As Jd]
Dealt to 9732b32a 
Dealt to eb635aac 
Dealt to a20fa97f 
Hero: raises $0.07 to $0.12
9732b32a: folds
eb635aac: folds
a20fa97f: folds
3b64dc16: folds
Uncalled bet ($0.07) returned to Hero
*** SHOWDOWN ***
Hero collected $0.12 from pot
*** SUMMARY ***
Total pot $0.12 | Rake $0 | Jackpot $0 | Bingo $0 | Fortune $0
Seat 1: 3b64dc16 (big blind) folded before Flop
Seat 2: Hero collected ($0.12)
Seat 3: 9732b32a folded before Flop (didn't bet)
Seat 5: eb635aac (button) folded before Flop (didn't bet)
Seat 6: a20fa97f (small blind) folded before Flop


Poker Hand #HD1163147762: Hold'em No Limit  ($0.02/$0.05) - 2023/03/16 19:36:35
Table 'NLHBlue97' 6-max Seat #3 is the button
Seat 1: 3b64dc16 ($4.72 in chips)
Seat 2: Hero ($6.34 in chips)
Seat 3: 9732b32a ($6.2 in chips)
Seat 5: eb635aac ($8.05 in chips)
Seat 6: a20fa97f ($5 in chips)
eb635aac: posts small blind $0.02
a20fa97f: posts big blind $0.05
*** HOLE CARDS ***
Dealt to 3b64dc16 
Dealt to Hero [7h Jc]
Dealt to 9732b32a 
Dealt to eb635aac 
Dealt to a20fa97f 
3b64dc16: folds
Hero: folds
9732b32a: raises $0.07 to $0.12
eb635aac: folds
a20fa97f: folds
Uncalled bet ($0.07) returned to 9732b32a
*** SHOWDOWN ***
9732b32a collected $0.12 from pot
*** SUMMARY ***
Total pot $0.12 | Rake $0 | Jackpot $0 | Bingo $0 | Fortune $0
Seat 1: 3b64dc16 folded before Flop (didn't bet)
Seat 2: Hero folded before Flop (didn't bet)
Seat 3: 9732b32a (button) collected ($0.12)
Seat 5: eb635aac (small blind) folded before Flop
Seat 6: a20fa97f (big blind) folded before Flop


Poker Hand #HD1163147727: Hold'em No Limit  ($0.02/$0.05) - 2023/03/16 19:36:24
Table 'NLHBlue97' 6-max Seat #2 is the button
Seat 1: 3b64dc16 ($4.72 in chips)
Seat 2: Hero ($6.34 in chips)
Seat 3: 9732b32a ($6.22 in chips)
Seat 5: eb635aac ($8.03 in chips)
Seat 6: a20fa97f ($5 in chips)
9732b32a: posts small blind $0.02
eb635aac: posts big blind $0.05
*** HOLE CARDS ***
Dealt to 3b64dc16 
Dealt to Hero [2s 5s]
Dealt to 9732b32a 
Dealt to eb635aac 
Dealt to a20fa97f 
a20fa97f: folds
3b64dc16: folds
Hero: folds
9732b32a: folds
Uncalled bet ($0.03) returned to eb635aac
*** SHOWDOWN ***
eb635aac collected $0.04 from pot
*** SUMMARY ***
Total pot $0.04 | Rake $0 | Jackpot $0 | Bingo $0 | Fortune $0
Seat 1: 3b64dc16 folded before Flop (didn't bet)
Seat 2: Hero (button) folded before Flop (didn't bet)
Seat 3: 9732b32a (small blind) folded before Flop
Seat 5: eb635aac (big blind) collected ($0.04)
Seat 6: a20fa97f folded before Flop (didn't bet)


Poker Hand #HD1163147623: Hold'em No Limit  ($0.02/$0.05) - 2023/03/16 19:35:46
Table 'NLHBlue97' 6-max Seat #1 is the button
Seat 1: 3b64dc16 ($4.72 in chips)
Seat 2: Hero ($5.6 in chips)
Seat 3: 9732b32a ($6.27 in chips)
Seat 5: eb635aac ($8.03 in chips)
Seat 6: a20fa97f ($5 in chips)
Hero: posts small blind $0.02
9732b32a: posts big blind $0.05
*** HOLE CARDS ***
Dealt to 3b64dc16 
Dealt to Hero [Kh Ac]
Dealt to 9732b32a 
Dealt to eb635aac 
Dealt to a20fa97f 
eb635aac: folds
a20fa97f: raises $0.05 to $0.1
3b64dc16: folds
Hero: raises $0.38 to $0.48
9732b32a: folds
a20fa97f: calls $0.38
*** FLOP *** [6s Ah 2s]
Hero: bets $0.34
a20fa97f: calls $0.34
*** TURN *** [6s Ah 2s] [6h]
Hero: bets $0.85
a20fa97f: folds
Uncalled bet ($0.85) returned to Hero
*** SHOWDOWN ***
Hero collected $1.56 from pot
*** SUMMARY ***
Total pot $1.69 | Rake $0.08 | Jackpot $0.05 | Bingo $0 | Fortune $0
Board [6s Ah 2s 6h]
Seat 1: 3b64dc16 (button) folded before Flop (didn't bet)
Seat 2: Hero (small blind) won ($1.56)
Seat 3: 9732b32a (big blind) folded before Flop
Seat 5: eb635aac folded before Flop (didn't bet)
Seat 6: a20fa97f folded on the Turn


Poker Hand #HD1163147565: Hold'em No Limit  ($0.02/$0.05) - 2023/03/16 19:35:20
Table 'NLHBlue97' 6-max Seat #6 is the button
Seat 1: 3b64dc16 ($4.74 in chips)
Seat 2: Hero ($5.47 in chips)
Seat 3: 9732b32a ($6.39 in chips)
Seat 5: eb635aac ($8.03 in chips)
Seat 6: a20fa97f ($5 in chips)
3b64dc16: posts small blind $0.02
Hero: posts big blind $0.05
*** HOLE CARDS ***
Dealt to 3b64dc16 
Dealt to Hero [Ac 5c]
Dealt to 9732b32a 
Dealt to eb635aac 
Dealt to a20fa97f 
9732b32a: raises $0.07 to $0.12
eb635aac: folds
a20fa97f: folds
3b64dc16: folds
Hero: calls $0.07
*** FLOP *** [2d 9d 6c]
Hero: checks
9732b32a: checks
*** TURN *** [2d 9d 6c] [3h]
Hero: bets $0.14
9732b32a: folds
Uncalled bet ($0.14) returned to Hero
*** SHOWDOWN ***
Hero collected $0.25 from pot
*** SUMMARY ***
Total pot $0.26 | Rake $0.01 | Jackpot $0 | Bingo $0 | Fortune $0
Board [2d 9d 6c 3h]
Seat 1: 3b64dc16 (small blind) folded before Flop
Seat 2: Hero (big blind) won ($0.25)
Seat 3: 9732b32a folded on the Turn
Seat 5: eb635aac folded before Flop (didn't bet)
Seat 6: a20fa97f (button) folded before Flop (didn't bet)


Poker Hand #HD1163147434: Hold'em No Limit  ($0.02/$0.05) - 2023/03/16 19:34:35
Table 'NLHBlue97' 6-max Seat #5 is the button
Seat 1: 3b64dc16 ($4.79 in chips)
Seat 2: Hero ($5.59 in chips)
Seat 3: 9732b32a ($6.21 in chips)
Seat 5: eb635aac ($8.03 in chips)
Seat 6: a20fa97f ($5 in chips)
a20fa97f: posts small blind $0.02
3b64dc16: posts big blind $0.05
*** HOLE CARDS ***
Dealt to 3b64dc16 
Dealt to Hero [2s 2h]
Dealt to 9732b32a 
Dealt to eb635aac 
Dealt to a20fa97f 
Hero: raises $0.07 to $0.12
9732b32a: raises $0.24 to $0.36
eb635aac: folds
a20fa97f: folds
3b64dc16: folds
Hero: folds
Uncalled bet ($0.24) returned to 9732b32a
*** SHOWDOWN ***
9732b32a collected $0.3 from pot
*** SUMMARY ***
Total pot $0.31 | Rake $0.01 | Jackpot $0 | Bingo $0 | Fortune $0
Seat 1: 3b64dc16 (big blind) folded before Flop
Seat 2: Hero folded before Flop
Seat 3: 9732b32a collected ($0.3)
Seat 5: eb635aac (button) folded before Flop (didn't bet)
Seat 6: a20fa97f (small blind) folded before Flop


Poker Hand #HD1163147322: Hold'em No Limit  ($0.02/$0.05) - 2023/03/16 19:33:53
Table 'NLHBlue97' 6-max Seat #3 is the button
Seat 1: 3b64dc16 ($4.79 in chips)
Seat 2: Hero ($5.41 in chips)
Seat 3: 9732b32a ($6.33 in chips)
Seat 5: eb635aac ($8.05 in chips)
Seat 6: a20fa97f ($5 in chips)
eb635aac: posts small blind $0.02
a20fa97f: posts big blind $0.05
*** HOLE CARDS ***
Dealt to 3b64dc16 
Dealt to Hero [Kd Jc]
Dealt to 9732b32a 
Dealt to eb635aac 
Dealt to a20fa97f 
3b64dc16: folds
Hero: raises $0.07 to $0.12
9732b32a: calls $0.12
eb635aac: folds
a20fa97f: folds
*** FLOP *** [Jd Qd 5h]
Hero: bets $0.16
9732b32a: folds
Uncalled bet ($0.16) returned to Hero
*** SHOWDOWN ***
Hero collected $0.3 from pot
*** SUMMARY ***
Total pot $0.31 | Rake $0.01 | Jackpot $0 | Bingo $0 | Fortune $0
Board [Jd Qd 5h]
Seat 1: 3b64dc16 folded before Flop (didn't bet)
Seat 2: Hero won ($0.3)
Seat 3: 9732b32a (button) folded on the Flop
Seat 5: eb635aac (small blind) folded before Flop
Seat 6: a20fa97f (big blind) folded before Flop


Poker Hand #HD1163147289: Hold'em No Limit  ($0.02/$0.05) - 2023/03/16 19:33:40
Table 'NLHBlue97' 6-max Seat #2 is the button
Seat 1: 3b64dc16 ($4.79 in chips)
Seat 2: Hero ($5.34 in chips)
Seat 3: 9732b32a ($6.35 in chips)
Seat 5: eb635aac ($8.1 in chips)
9732b32a: posts small blind $0.02
eb635aac: posts big blind $0.05
*** HOLE CARDS ***
Dealt to 3b64dc16 
Dealt to Hero [6d 4d]
Dealt to 9732b32a 
Dealt to eb635aac 
3b64dc16: folds
Hero: raises $0.07 to $0.12
9732b32a: folds
eb635aac: folds
Uncalled bet ($0.07) returned to Hero
*** SHOWDOWN ***
Hero collected $0.12 from pot
*** SUMMARY ***
Total pot $0.12 | Rake $0 | Jackpot $0 | Bingo $0 | Fortune $0
Seat 1: 3b64dc16 folded before Flop (didn't bet)
Seat 2: Hero (button) collected ($0.12)
Seat 3: 9732b32a (small blind) folded before Flop
Seat 5: eb635aac (big blind) folded before Flop


Poker Hand #HD1163147237: Hold'em No Limit  ($0.02/$0.05) - 2023/03/16 19:33:19
Table 'NLHBlue97' 6-max Seat #1 is the button
Seat 1: 3b64dc16 ($4.79 in chips)
Seat 2: Hero ($5.36 in chips)
Seat 3: 9732b32a ($6.4 in chips)
Seat 5: eb635aac ($8.03 in chips)
Hero: posts small blind $0.02
9732b32a: posts big blind $0.05
*** HOLE CARDS ***
Dealt to 3b64dc16 
Dealt to Hero [Qc 6s]
Dealt to 9732b32a 
Dealt to eb635aac 
eb635aac: raises $0.07 to $0.12
3b64dc16: folds
Hero: folds
9732b32a: folds
Uncalled bet ($0.07) returned to eb635aac
*** SHOWDOWN ***
eb635aac collected $0.12 from pot
*** SUMMARY ***
Total pot $0.12 | Rake $0 | Jackpot $0 | Bingo $0 | Fortune $0
Seat 1: 3b64dc16 (button) folded before Flop (didn't bet)
Seat 2: Hero (small blind) folded before Flop
Seat 3: 9732b32a (big blind) folded before Flop
Seat 5: eb635aac collected ($0.12)


Poker Hand #HD1163147054: Hold'em No Limit  ($0.02/$0.05) - 2023/03/16 19:32:17
Table 'NLHBlue97' 6-max Seat #5 is the button
Seat 1: 3b64dc16 ($4.81 in chips)
Seat 2: Hero ($5.09 in chips)
Seat 3: 9732b32a ($6.4 in chips)
Seat 4: 90d16a32 ($0.27 in chips)
Seat 5: eb635aac ($8.03 in chips)
3b64dc16: posts small blind $0.02
Hero: posts big blind $0.05
*** HOLE CARDS ***
Dealt to 3b64dc16 
Dealt to Hero [Qs Ah]
Dealt to 9732b32a 
Dealt to 90d16a32 
Dealt to eb635aac 
9732b32a: folds
90d16a32: calls $0.05
eb635aac: folds
3b64dc16: folds
Hero: raises $0.18 to $0.23
90d16a32: raises $0.04 to $0.27 and is all-in
Hero: calls $0.04
90d16a32: shows [9d 7s]
Hero: shows [Qs Ah]
*** FLOP *** [As 9c Jh]
*** TURN *** [As 9c Jh] [6c]
*** RIVER *** [As 9c Jh 6c] [Jc]
*** SHOWDOWN ***
Hero collected $0.54 from pot
*** SUMMARY ***
Total pot $0.56 | Rake $0.02 | Jackpot $0 | Bingo $0 | Fortune $0
Board [As 9c Jh 6c Jc]
Seat 1: 3b64dc16 (small blind) folded before Flop
Seat 2: Hero (big blind) showed [Qs Ah] and won ($0.54) with Pair of Aces and Pair of Jacks
Seat 3: 9732b32a folded before Flop (didn't bet)
Seat 4: 90d16a32 showed [9d 7s] and lost with Pair of Jacks and Pair of Nines
Seat 5: eb635aac (button) folded before Flop (didn't bet)


Poker Hand #HD1163146979: Hold'em No Limit  ($0.02/$0.05) - 2023/03/16 19:31:53
Table 'NLHBlue97' 6-max Seat #4 is the button
Seat 1: 3b64dc16 ($4.86 in chips)
Seat 2: Hero ($5.09 in chips)
Seat 3: 9732b32a ($6.4 in chips)
Seat 4: 90d16a32 ($0.27 in chips)
Seat 5: eb635aac ($7.98 in chips)
eb635aac: posts small blind $0.02
3b64dc16: posts big blind $0.05
*** HOLE CARDS ***
Dealt to 3b64dc16 
Dealt to Hero [7d Ah]
Dealt to 9732b32a 
Dealt to 90d16a32 
Dealt to eb635aac 
Hero: folds
9732b32a: folds
90d16a32: folds
eb635aac: raises $0.1 to $0.15
3b64dc16: folds
Uncalled bet ($0.1) returned to eb635aac
*** SHOWDOWN ***
eb635aac collected $0.1 from pot
*** SUMMARY ***
Total pot $0.1 | Rake $0 | Jackpot $0 | Bingo $0 | Fortune $0
Seat 1: 3b64dc16 (big blind) folded before Flop
Seat 2: Hero folded before Flop (didn't bet)
Seat 3: 9732b32a folded before Flop (didn't bet)
Seat 4: 90d16a32 (button) folded before Flop (didn't bet)
Seat 5: eb635aac (small blind) collected ($0.1)


Poker Hand #HD1163146910: Hold'em No Limit  ($0.02/$0.05) - 2023/03/16 19:31:26
Table 'NLHBlue97' 6-max Seat #3 is the button
Seat 1: 3b64dc16 ($4.86 in chips)
Seat 2: Hero ($5.09 in chips)
Seat 3: 9732b32a ($6.33 in chips)
Seat 4: 90d16a32 ($0.29 in chips)
Seat 5: eb635aac ($8.03 in chips)
Seat 6: 273efde2 ($9.52 in chips)
90d16a32: posts small blind $0.02
eb635aac: posts big blind $0.05
*** HOLE CARDS ***
Dealt to 3b64dc16 
Dealt to Hero [3d 9h]
Dealt to 9732b32a 
Dealt to 90d16a32 
Dealt to eb635aac 
Dealt to 273efde2 
273efde2: folds
3b64dc16: folds
Hero: folds
9732b32a: raises $0.07 to $0.12
90d16a32: folds
eb635aac: folds
Uncalled bet ($0.07) returned to 9732b32a
*** SHOWDOWN ***
9732b32a collected $0.12 from pot
*** SUMMARY ***
Total pot $0.12 | Rake $0 | Jackpot $0 | Bingo $0 | Fortune $0
Seat 1: 3b64dc16 folded before Flop (didn't bet)
Seat 2: Hero folded before Flop (didn't bet)
Seat 3: 9732b32a (button) collected ($0.12)
Seat 4: 90d16a32 (small blind) folded before Flop
Seat 5: eb635aac (big blind) folded before Flop
Seat 6: 273efde2 folded before Flop (didn't bet)


Poker Hand #HD1163146843: Hold'em No Limit  ($0.02/$0.05) - 2023/03/16 19:31:04
Table 'NLHBlue97' 6-max Seat #2 is the button
Seat 1: 3b64dc16 ($4.79 in chips)
Seat 2: Hero ($5.09 in chips)
Seat 3: 9732b32a ($6.35 in chips)
Seat 4: 90d16a32 ($0.34 in chips)
Seat 5: eb635aac ($8.03 in chips)
Seat 6: 273efde2 ($9.52 in chips)
9732b32a: posts small blind $0.02
90d16a32: posts big blind $0.05
*** HOLE CARDS ***
Dealt to 3b64dc16 
Dealt to Hero [2h Qh]
Dealt to 9732b32a 
Dealt to 90d16a32 
Dealt to eb635aac 
Dealt to 273efde2 
eb635aac: folds
273efde2: folds
3b64dc16: raises $0.05 to $0.1
Hero: folds
9732b32a: folds
90d16a32: folds
Uncalled bet ($0.05) returned to 3b64dc16
*** SHOWDOWN ***
3b64dc16 collected $0.12 from pot
*** SUMMARY ***
Total pot $0.12 | Rake $0 | Jackpot $0 | Bingo $0 | Fortune $0
Seat 1: 3b64dc16 collected ($0.12)
Seat 2: Hero (button) folded before Flop (didn't bet)
Seat 3: 9732b32a (small blind) folded before Flop
Seat 4: 90d16a32 (big blind) folded before Flop
Seat 5: eb635aac folded before Flop (didn't bet)
Seat 6: 273efde2 folded before Flop (didn't bet)


Poker Hand #HD1163146796: Hold'em No Limit  ($0.02/$0.05) - 2023/03/16 19:30:42
Table 'NLHBlue97' 6-max Seat #1 is the button
Seat 1: 3b64dc16 ($4.79 in chips)
Seat 2: Hero ($5.11 in chips)
Seat 3: 9732b32a ($6.4 in chips)
Seat 4: 90d16a32 ($0.34 in chips)
Seat 5: eb635aac ($7.96 in chips)
Seat 6: 273efde2 ($9.52 in chips)
Hero: posts small blind $0.02
9732b32a: posts big blind $0.05
*** HOLE CARDS ***
Dealt to 3b64dc16 
Dealt to Hero [7h Qc]
Dealt to 9732b32a 
Dealt to 90d16a32 
Dealt to eb635aac 
Dealt to 273efde2 
90d16a32: folds
eb635aac: raises $0.07 to $0.12
273efde2: folds
3b64dc16: folds
Hero: folds
9732b32a: folds
Uncalled bet ($0.07) returned to eb635aac
*** SHOWDOWN ***
eb635aac collected $0.12 from pot
*** SUMMARY ***
Total pot $0.12 | Rake $0 | Jackpot $0 | Bingo $0 | Fortune $0
Seat 1: 3b64dc16 (button) folded before Flop (didn't bet)
Seat 2: Hero (small blind) folded before Flop
Seat 3: 9732b32a (big blind) folded before Flop
Seat 4: 90d16a32 folded before Flop (didn't bet)
Seat 5: eb635aac collected ($0.12)
Seat 6: 273efde2 folded before Flop (didn't bet)


Poker Hand #HD1163146542: Hold'em No Limit  ($0.02/$0.05) - 2023/03/16 19:29:17
Table 'NLHBlue97' 6-max Seat #6 is the button
Seat 1: 3b64dc16 ($4.81 in chips)
Seat 2: Hero ($5.16 in chips)
Seat 3: 9732b32a ($6.4 in chips)
Seat 4: 90d16a32 ($5.34 in chips)
Seat 5: eb635aac ($7.96 in chips)
Seat 6: 273efde2 ($5 in chips)
3b64dc16: posts small blind $0.02
Hero: posts big blind $0.05
*** HOLE CARDS ***
Dealt to 3b64dc16 
Dealt to Hero [7c 8d]
Dealt to 9732b32a 
Dealt to 90d16a32 
Dealt to eb635aac 
Dealt to 273efde2 
9732b32a: folds
90d16a32: raises $0.1 to $0.15
eb635aac: folds
273efde2: raises $0.28 to $0.43
3b64dc16: folds
Hero: folds
90d16a32: calls $0.28
*** FLOP *** [Js 5d 2s]
90d16a32: checks
273efde2: bets $0.7
90d16a32: raises $1.17 to $1.87
273efde2: raises $2.7 to $4.57 and is all-in
90d16a32: calls $2.7
273efde2: shows [Kh Kc] (Pair of Kings)
90d16a32: shows [3d 4d] (Jack-High)
*** TURN *** [Js 5d 2s] [Td]
*** RIVER *** [Js 5d 2s Td] [5h]
*** SHOWDOWN ***
273efde2 collected $9.52 from pot
*** SUMMARY ***
Total pot $10.07 | Rake $0.5 | Jackpot $0.05 | Bingo $0 | Fortune $0
Board [Js 5d 2s Td 5h]
Seat 1: 3b64dc16 (small blind) folded before Flop
Seat 2: Hero (big blind) folded before Flop
Seat 3: 9732b32a folded before Flop (didn't bet)
Seat 4: 90d16a32 showed [3d 4d] and lost with Pair of Fives
Seat 5: eb635aac folded before Flop (didn't bet)
Seat 6: 273efde2 (button) showed [Kh Kc] and won ($9.52) with Pair of Kings and Pair of Fives


Poker Hand #HD1163146511: Hold'em No Limit  ($0.02/$0.05) - 2023/03/16 19:29:04
Table 'NLHBlue97' 6-max Seat #5 is the button
Seat 1: 3b64dc16 ($4.86 in chips)
Seat 2: Hero ($5.09 in chips)
Seat 3: 9732b32a ($6.4 in chips)
Seat 4: 90d16a32 ($5.34 in chips)
Seat 5: eb635aac ($7.96 in chips)
Seat 6: 273efde2 ($5 in chips)
273efde2: posts small blind $0.02
3b64dc16: posts big blind $0.05
*** HOLE CARDS ***
Dealt to 3b64dc16 
Dealt to Hero [5s As]
Dealt to 9732b32a 
Dealt to 90d16a32 
Dealt to eb635aac 
Dealt to 273efde2 
Hero: raises $0.07 to $0.12
9732b32a: folds
90d16a32: folds
eb635aac: folds
273efde2: folds
3b64dc16: folds
Uncalled bet ($0.07) returned to Hero
*** SHOWDOWN ***
Hero collected $0.12 from pot
*** SUMMARY ***
Total pot $0.12 | Rake $0 | Jackpot $0 | Bingo $0 | Fortune $0
Seat 1: 3b64dc16 (big blind) folded before Flop
Seat 2: Hero collected ($0.12)
Seat 3: 9732b32a folded before Flop (didn't bet)
Seat 4: 90d16a32 folded before Flop (didn't bet)
Seat 5: eb635aac (button) folded before Flop (didn't bet)
Seat 6: 273efde2 (small blind) folded before Flop


Poker Hand #HD1163146455: Hold'em No Limit  ($0.02/$0.05) - 2023/03/16 19:28:42
Table 'NLHBlue97' 6-max Seat #4 is the button
Seat 1: 3b64dc16 ($4.86 in chips)
Seat 2: Hero ($5.02 in chips)
Seat 3: 9732b32a ($6.4 in chips)
Seat 4: 90d16a32 ($5.34 in chips)
Seat 5: eb635aac ($7.98 in chips)
Seat 6: 273efde2 ($5 in chips)
eb635aac: posts small blind $0.02
273efde2: posts big blind $0.05
*** HOLE CARDS ***
Dealt to 3b64dc16 
Dealt to Hero [Js Kh]
Dealt to 9732b32a 
Dealt to 90d16a32 
Dealt to eb635aac 
Dealt to 273efde2 
3b64dc16: folds
Hero: raises $0.07 to $0.12
9732b32a: folds
90d16a32: folds
eb635aac: folds
273efde2: folds
Uncalled bet ($0.07) returned to Hero
*** SHOWDOWN ***
Hero collected $0.12 from pot
*** SUMMARY ***
Total pot $0.12 | Rake $0 | Jackpot $0 | Bingo $0 | Fortune $0
Seat 1: 3b64dc16 folded before Flop (didn't bet)
Seat 2: Hero collected ($0.12)
Seat 3: 9732b32a folded before Flop (didn't bet)
Seat 4: 90d16a32 (button) folded before Flop (didn't bet)
Seat 5: eb635aac (small blind) folded before Flop
Seat 6: 273efde2 (big blind) folded before Flop


Poker Hand #HD1163146405: Hold'em No Limit  ($0.02/$0.05) - 2023/03/16 19:28:21
Table 'NLHBlue97' 6-max Seat #3 is the button
Seat 1: 3b64dc16 ($4.86 in chips)
Seat 2: Hero ($5.02 in chips)
Seat 3: 9732b32a ($6.4 in chips)
Seat 4: 90d16a32 ($5.29 in chips)
Seat 5: eb635aac ($8.03 in chips)
Seat 6: 273efde2 ($5 in chips)
90d16a32: posts small blind $0.02
eb635aac: posts big blind $0.05
*** HOLE CARDS ***
Dealt to 3b64dc16 
Dealt to Hero [5s 3s]
Dealt to 9732b32a 
Dealt to 90d16a32 
Dealt to eb635aac 
Dealt to 273efde2 
273efde2: folds
3b64dc16: folds
Hero: folds
9732b32a: folds
90d16a32: raises $0.1 to $0.15
eb635aac: folds
Uncalled bet ($0.1) returned to 90d16a32
*** SHOWDOWN ***
90d16a32 collected $0.1 from pot
*** SUMMARY ***
Total pot $0.1 | Rake $0 | Jackpot $0 | Bingo $0 | Fortune $0
Seat 1: 3b64dc16 folded before Flop (didn't bet)
Seat 2: Hero folded before Flop (didn't bet)
Seat 3: 9732b32a (button) folded before Flop (didn't bet)
Seat 4: 90d16a32 (small blind) collected ($0.1)
Seat 5: eb635aac (big blind) folded before Flop
Seat 6: 273efde2 folded before Flop (didn't bet)


Poker Hand #HD1163146335: Hold'em No Limit  ($0.02/$0.05) - 2023/03/16 19:27:59
Table 'NLHBlue97' 6-max Seat #2 is the button
Seat 1: 3b64dc16 ($4.86 in chips)
Seat 2: Hero ($5.14 in chips)
Seat 3: 9732b32a ($6.24 in chips)
Seat 4: 90d16a32 ($5.34 in chips)
Seat 5: eb635aac ($8.03 in chips)
Seat 6: 273efde2 ($5 in chips)
9732b32a: posts small blind $0.02
90d16a32: posts big blind $0.05
*** HOLE CARDS ***
Dealt to 3b64dc16 
Dealt to Hero [Jh Ks]
Dealt to 9732b32a 
Dealt to 90d16a32 
Dealt to eb635aac 
Dealt to 273efde2 
eb635aac: folds
273efde2: folds
3b64dc16: folds
Hero: raises $0.07 to $0.12
9732b32a: raises $0.38 to $0.5
90d16a32: folds
Hero: folds
Uncalled bet ($0.38) returned to 9732b32a
*** SHOWDOWN ***
9732b32a collected $0.28 from pot
*** SUMMARY ***
Total pot $0.29 | Rake $0.01 | Jackpot $0 | Bingo $0 | Fortune $0
Seat 1: 3b64dc16 folded before Flop (didn't bet)
Seat 2: Hero (button) folded before Flop
Seat 3: 9732b32a (small blind) collected ($0.28)
Seat 4: 90d16a32 (big blind) folded before Flop
Seat 5: eb635aac folded before Flop (didn't bet)
Seat 6: 273efde2 folded before Flop (didn't bet)


Poker Hand #HD1163146196: Hold'em No Limit  ($0.02/$0.05) - 2023/03/16 19:27:18
Table 'NLHBlue97' 6-max Seat #1 is the button
Seat 1: 3b64dc16 ($4.86 in chips)
Seat 2: Hero ($5.16 in chips)
Seat 3: 9732b32a ($5.6 in chips)
Seat 5: eb635aac ($8.03 in chips)
Seat 6: 273efde2 ($5.38 in chips)
Hero: posts small blind $0.02
9732b32a: posts big blind $0.05
*** HOLE CARDS ***
Dealt to 3b64dc16 
Dealt to Hero [4c Jh]
Dealt to 9732b32a 
Dealt to eb635aac 
Dealt to 273efde2 
eb635aac: folds
273efde2: raises $0.15 to $0.2
3b64dc16: folds
Hero: folds
9732b32a: calls $0.15
*** FLOP *** [6h 7d 3c]
9732b32a: checks
273efde2: bets $0.21
9732b32a: raises $0.29 to $0.5
273efde2: calls $0.29
*** TURN *** [6h 7d 3c] [8d]
9732b32a: bets $0.57
273efde2: folds
Uncalled bet ($0.57) returned to 9732b32a
*** SHOWDOWN ***
9732b32a collected $1.34 from pot
*** SUMMARY ***
Total pot $1.42 | Rake $0.08 | Jackpot $0 | Bingo $0 | Fortune $0
Board [6h 7d 3c 8d]
Seat 1: 3b64dc16 (button) folded before Flop (didn't bet)
Seat 2: Hero (small blind) folded before Flop
Seat 3: 9732b32a (big blind) won ($1.34)
Seat 5: eb635aac folded before Flop (didn't bet)
Seat 6: 273efde2 folded on the Turn


Poker Hand #HD1163146090: Hold'em No Limit  ($0.02/$0.05) - 2023/03/16 19:26:43
Table 'NLHBlue97' 6-max Seat #6 is the button
Seat 1: 3b64dc16 ($4.88 in chips)
Seat 2: Hero ($5.14 in chips)
Seat 3: 9732b32a ($5.6 in chips)
Seat 4: 90d16a32 ($5.34 in chips)
Seat 5: eb635aac ($8.03 in chips)
Seat 6: 273efde2 ($5.38 in chips)
3b64dc16: posts small blind $0.02
Hero: posts big blind $0.05
*** HOLE CARDS ***
Dealt to 3b64dc16 
Dealt to Hero [Kd 6s]
Dealt to 9732b32a 
Dealt to 90d16a32 
Dealt to eb635aac 
Dealt to 273efde2 
9732b32a: folds
90d16a32: folds
eb635aac: folds
273efde2: folds
3b64dc16: folds
Uncalled bet ($0.03) returned to Hero
*** SHOWDOWN ***
Hero collected $0.04 from pot
*** SUMMARY ***
Total pot $0.04 | Rake $0 | Jackpot $0 | Bingo $0 | Fortune $0
Seat 1: 3b64dc16 (small blind) folded before Flop
Seat 2: Hero (big blind) collected ($0.04)
Seat 3: 9732b32a folded before Flop (didn't bet)
Seat 4: 90d16a32 folded before Flop (didn't bet)
Seat 5: eb635aac folded before Flop (didn't bet)
Seat 6: 273efde2 (button) folded before Flop (didn't bet)


Poker Hand #HD1163145933: Hold'em No Limit  ($0.02/$0.05) - 2023/03/16 19:25:49
Table 'NLHBlue97' 6-max Seat #5 is the button
Seat 1: 3b64dc16 ($4.93 in chips)
Seat 2: Hero ($5.14 in chips)
Seat 3: 9732b32a ($5.6 in chips)
Seat 4: 90d16a32 ($5.52 in chips)
Seat 5: eb635aac ($7.8 in chips)
Seat 6: 273efde2 ($5.4 in chips)
273efde2: posts small blind $0.02
3b64dc16: posts big blind $0.05
*** HOLE CARDS ***
Dealt to 3b64dc16 
Dealt to Hero [7s Ad]
Dealt to 9732b32a 
Dealt to 90d16a32 
Dealt to eb635aac 
Dealt to 273efde2 
Hero: folds
9732b32a: folds
90d16a32: calls $0.05
eb635aac: raises $0.13 to $0.18
273efde2: folds
3b64dc16: folds
90d16a32: calls $0.13
*** FLOP *** [5d Kc Qd]
90d16a32: checks
eb635aac: bets $0.15
90d16a32: folds
Uncalled bet ($0.15) returned to eb635aac
*** SHOWDOWN ***
eb635aac collected $0.41 from pot
*** SUMMARY ***
Total pot $0.43 | Rake $0.02 | Jackpot $0 | Bingo $0 | Fortune $0
Board [5d Kc Qd]
Seat 1: 3b64dc16 (big blind) folded before Flop
Seat 2: Hero folded before Flop (didn't bet)
Seat 3: 9732b32a folded before Flop (didn't bet)
Seat 4: 90d16a32 folded on the Flop
Seat 5: eb635aac (button) won ($0.41)
Seat 6: 273efde2 (small blind) folded before Flop


Poker Hand #HD1163145809: Hold'em No Limit  ($0.02/$0.05) - 2023/03/16 19:25:09
Table 'NLHBlue97' 6-max Seat #4 is the button
Seat 1: 3b64dc16 ($4.93 in chips)
Seat 2: Hero ($5.14 in chips)
Seat 3: 9732b32a ($5.6 in chips)
Seat 4: 90d16a32 ($5.94 in chips)
Seat 5: eb635aac ($7.82 in chips)
Seat 6: 273efde2 ($5 in chips)
eb635aac: posts small blind $0.02
273efde2: posts big blind $0.05
*** HOLE CARDS ***
Dealt to 3b64dc16 
Dealt to Hero [5h 7c]
Dealt to 9732b32a 
Dealt to 90d16a32 
Dealt to eb635aac 
Dealt to 273efde2 
3b64dc16: folds
Hero: folds
9732b32a: folds
90d16a32: raises $0.05 to $0.1
eb635aac: folds
273efde2: raises $0.32 to $0.42
90d16a32: calls $0.32
*** FLOP *** [Ks 3s 8c]
273efde2: bets $0.86
90d16a32: folds
Uncalled bet ($0.86) returned to 273efde2
*** SHOWDOWN ***
273efde2 collected $0.82 from pot
*** SUMMARY ***
Total pot $0.86 | Rake $0.04 | Jackpot $0 | Bingo $0 | Fortune $0
Board [Ks 3s 8c]
Seat 1: 3b64dc16 folded before Flop (didn't bet)
Seat 2: Hero folded before Flop (didn't bet)
Seat 3: 9732b32a folded before Flop (didn't bet)
Seat 4: 90d16a32 (button) folded on the Flop
Seat 5: eb635aac (small blind) folded before Flop
Seat 6: 273efde2 (big blind) won ($0.82)


Poker Hand #HD1163145786: Hold'em No Limit  ($0.02/$0.05) - 2023/03/16 19:25:00
Table 'NLHBlue97' 6-max Seat #3 is the button
Seat 1: 3b64dc16 ($4.93 in chips)
Seat 2: Hero ($5.14 in chips)
Seat 3: 9732b32a ($5.6 in chips)
Seat 4: 90d16a32 ($5.96 in chips)
Seat 5: eb635aac ($7.8 in chips)
Seat 6: 273efde2 ($5 in chips)
90d16a32: posts small blind $0.02
eb635aac: posts big blind $0.05
*** HOLE CARDS ***
Dealt to 3b64dc16 
Dealt to Hero [Qd 5h]
Dealt to 9732b32a 
Dealt to 90d16a32 
Dealt to eb635aac 
Dealt to 273efde2 
273efde2: folds
3b64dc16: folds
Hero: folds
9732b32a: folds
90d16a32: folds
Uncalled bet ($0.03) returned to eb635aac
*** SHOWDOWN ***
eb635aac collected $0.04 from pot
*** SUMMARY ***
Total pot $0.04 | Rake $0 | Jackpot $0 | Bingo $0 | Fortune $0
Seat 1: 3b64dc16 folded before Flop (didn't bet)
Seat 2: Hero folded before Flop (didn't bet)
Seat 3: 9732b32a (button) folded before Flop (didn't bet)
Seat 4: 90d16a32 (small blind) folded before Flop
Seat 5: eb635aac (big blind) collected ($0.04)
Seat 6: 273efde2 folded before Flop (didn't bet)


Poker Hand #HD1163145690: Hold'em No Limit  ($0.02/$0.05) - 2023/03/16 19:24:28
Table 'NLHBlue97' 6-max Seat #2 is the button
Seat 1: 3b64dc16 ($4.93 in chips)
Seat 2: Hero ($5.14 in chips)
Seat 3: 9732b32a ($5.62 in chips)
Seat 4: 90d16a32 ($5.8 in chips)
Seat 5: eb635aac ($7.8 in chips)
Seat 6: 273efde2 ($5 in chips)
9732b32a: posts small blind $0.02
90d16a32: posts big blind $0.05
*** HOLE CARDS ***
Dealt to 3b64dc16 
Dealt to Hero [9c 8d]
Dealt to 9732b32a 
Dealt to 90d16a32 
Dealt to eb635aac 
Dealt to 273efde2 
eb635aac: folds
273efde2: raises $0.1 to $0.15
3b64dc16: folds
Hero: folds
9732b32a: folds
90d16a32: calls $0.1
*** FLOP *** [Ah Qd Kc]
90d16a32: bets $0.16
273efde2: folds
Uncalled bet ($0.16) returned to 90d16a32
*** SHOWDOWN ***
90d16a32 collected $0.31 from pot
*** SUMMARY ***
Total pot $0.32 | Rake $0.01 | Jackpot $0 | Bingo $0 | Fortune $0
Board [Ah Qd Kc]
Seat 1: 3b64dc16 folded before Flop (didn't bet)
Seat 2: Hero (button) folded before Flop (didn't bet)
Seat 3: 9732b32a (small blind) folded before Flop
Seat 4: 90d16a32 (big blind) won ($0.31)
Seat 5: eb635aac folded before Flop (didn't bet)
Seat 6: 273efde2 folded on the Flop


Poker Hand #HD1163075563: Hold'em No Limit  ($0.02/$0.05) - 2023/03/16 19:23:45
Table 'NLHBlue97' 6-max Seat #1 is the button
Seat 1: 3b64dc16 ($4.93 in chips)
Seat 2: Hero ($5.28 in chips)
Seat 3: 9732b32a ($5.49 in chips)
Seat 4: 90d16a32 ($5.8 in chips)
Seat 5: eb635aac ($7.8 in chips)
Seat 6: 273efde2 ($5 in chips)
Hero: posts small blind $0.02
9732b32a: posts big blind $0.05
*** HOLE CARDS ***
Dealt to 3b64dc16 
Dealt to Hero [9h Ts]
Dealt to 9732b32a 
Dealt to 90d16a32 
Dealt to eb635aac 
Dealt to 273efde2 
90d16a32: folds
eb635aac: folds
273efde2: folds
3b64dc16: folds
Hero: raises $0.09 to $0.14
9732b32a: calls $0.09
*** FLOP *** [3h Kc 7h]
Hero: checks
9732b32a: checks
*** TURN *** [3h Kc 7h] [Qd]
Hero: checks
9732b32a: bets $0.12
Hero: folds
Uncalled bet ($0.12) returned to 9732b32a
*** SHOWDOWN ***
9732b32a collected $0.27 from pot
*** SUMMARY ***
Total pot $0.28 | Rake $0.01 | Jackpot $0 | Bingo $0 | Fortune $0
Board [3h Kc 7h Qd]
Seat 1: 3b64dc16 (button) folded before Flop (didn't bet)
Seat 2: Hero (small blind) folded on the Turn
Seat 3: 9732b32a (big blind) won ($0.27)
Seat 4: 90d16a32 folded before Flop (didn't bet)
Seat 5: eb635aac folded before Flop (didn't bet)
Seat 6: 273efde2 folded before Flop (didn't bet)


Poker Hand #HD1163075524: Hold'em No Limit  ($0.02/$0.05) - 2023/03/16 19:23:29
Table 'NLHBlue97' 6-max Seat #6 is the button
Seat 1: 3b64dc16 ($4.95 in chips)
Seat 2: Hero ($5.26 in chips)
Seat 3: 9732b32a ($5.49 in chips)
Seat 4: 90d16a32 ($5.8 in chips)
Seat 5: eb635aac ($7.8 in chips)
Seat 6: 273efde2 ($5 in chips)
3b64dc16: posts small blind $0.02
Hero: posts big blind $0.05
*** HOLE CARDS ***
Dealt to 3b64dc16 
Dealt to Hero [Ah 4s]
Dealt to 9732b32a 
Dealt to 90d16a32 
Dealt to eb635aac 
Dealt to 273efde2 
9732b32a: folds
90d16a32: folds
eb635aac: folds
273efde2: folds
3b64dc16: folds
Uncalled bet ($0.03) returned to Hero
*** SHOWDOWN ***
Hero collected $0.04 from pot
*** SUMMARY ***
Total pot $0.04 | Rake $0 | Jackpot $0 | Bingo $0 | Fortune $0
Seat 1: 3b64dc16 (small blind) folded before Flop
Seat 2: Hero (big blind) collected ($0.04)
Seat 3: 9732b32a folded before Flop (didn't bet)
Seat 4: 90d16a32 folded before Flop (didn't bet)
Seat 5: eb635aac folded before Flop (didn't bet)
Seat 6: 273efde2 (button) folded before Flop (didn't bet)


Poker Hand #HD1163075423: Hold'em No Limit  ($0.02/$0.05) - 2023/03/16 19:22:51
Table 'NLHBlue97' 6-max Seat #5 is the button
Seat 1: 3b64dc16 ($5 in chips)
Seat 2: Hero ($5.26 in chips)
Seat 3: 9732b32a ($5.33 in chips)
Seat 4: 90d16a32 ($5.8 in chips)
Seat 5: eb635aac ($7.8 in chips)
Seat 6: 273efde2 ($5 in chips)
273efde2: posts small blind $0.02
3b64dc16: posts big blind $0.05
*** HOLE CARDS ***
Dealt to 3b64dc16 
Dealt to Hero [3h 8d]
Dealt to 9732b32a 
Dealt to 90d16a32 
Dealt to eb635aac 
Dealt to 273efde2 
Hero: folds
9732b32a: raises $0.07 to $0.12
90d16a32: folds
eb635aac: folds
273efde2: calls $0.1
3b64dc16: folds
*** FLOP *** [2h 2d 2c]
273efde2: checks
9732b32a: checks
*** TURN *** [2h 2d 2c] [4h]
273efde2: checks
9732b32a: bets $0.12
273efde2: folds
Uncalled bet ($0.12) returned to 9732b32a
*** SHOWDOWN ***
9732b32a collected $0.28 from pot
*** SUMMARY ***
Total pot $0.29 | Rake $0.01 | Jackpot $0 | Bingo $0 | Fortune $0
Board [2h 2d 2c 4h]
Seat 1: 3b64dc16 (big blind) folded before Flop
Seat 2: Hero folded before Flop (didn't bet)
Seat 3: 9732b32a won ($0.28)
Seat 4: 90d16a32 folded before Flop (didn't bet)
Seat 5: eb635aac (button) folded before Flop (didn't bet)
Seat 6: 273efde2 (small blind) folded on the Turn


Poker Hand #HD1163075299: Hold'em No Limit  ($0.02/$0.05) - 2023/03/16 19:22:07
Table 'NLHBlue97' 6-max Seat #4 is the button
Seat 1: 3b64dc16 ($4.93 in chips)
Seat 2: Hero ($5.26 in chips)
Seat 3: 9732b32a ($5.33 in chips)
Seat 4: 90d16a32 ($5.8 in chips)
Seat 5: eb635aac ($7.82 in chips)
Seat 6: 273efde2 ($5 in chips)
eb635aac: posts small blind $0.02
273efde2: posts big blind $0.05
*** HOLE CARDS ***
Dealt to 3b64dc16 
Dealt to Hero [9h 2h]
Dealt to 9732b32a 
Dealt to 90d16a32 
Dealt to eb635aac 
Dealt to 273efde2 
3b64dc16: calls $0.05
Hero: folds
9732b32a: folds
90d16a32: folds
eb635aac: folds
273efde2: checks
*** FLOP *** [Qc 6d Td]
273efde2: checks
3b64dc16: checks
*** TURN *** [Qc 6d Td] [7s]
273efde2: checks
3b64dc16: checks
*** RIVER *** [Qc 6d Td 7s] [Jc]
273efde2: checks
3b64dc16: checks
273efde2: shows [4c Ks] (King-High)
3b64dc16: shows [9d 9s] (Pair of Nines)
*** SHOWDOWN ***
3b64dc16 collected $0.12 from pot
*** SUMMARY ***
Total pot $0.12 | Rake $0 | Jackpot $0 | Bingo $0 | Fortune $0
Board [Qc 6d Td 7s Jc]
Seat 1: 3b64dc16 showed [9d 9s] and won ($0.12) with Pair of Nines
Seat 2: Hero folded before Flop (didn't bet)
Seat 3: 9732b32a folded before Flop (didn't bet)
Seat 4: 90d16a32 (button) folded before Flop (didn't bet)
Seat 5: eb635aac (small blind) folded before Flop
Seat 6: 273efde2 (big blind) showed [4c Ks] and lost with King-High


Poker Hand #HD1163075233: Hold'em No Limit  ($0.02/$0.05) - 2023/03/16 19:21:48
Table 'NLHBlue97' 6-max Seat #3 is the button
Seat 1: 3b64dc16 ($4.93 in chips)
Seat 2: Hero ($5.19 in chips)
Seat 3: 9732b32a ($5.33 in chips)
Seat 4: 90d16a32 ($5.82 in chips)
Seat 5: eb635aac ($7.87 in chips)
Seat 6: 273efde2 ($5 in chips)
90d16a32: posts small blind $0.02
eb635aac: posts big blind $0.05
*** HOLE CARDS ***
Dealt to 3b64dc16 
Dealt to Hero [Ac Qc]
Dealt to 9732b32a 
Dealt to 90d16a32 
Dealt to eb635aac 
Dealt to 273efde2 
273efde2: folds
3b64dc16: folds
Hero: raises $0.07 to $0.12
9732b32a: folds
90d16a32: folds
eb635aac: folds
Uncalled bet ($0.07) returned to Hero
*** SHOWDOWN ***
Hero collected $0.12 from pot
*** SUMMARY ***
Total pot $0.12 | Rake $0 | Jackpot $0 | Bingo $0 | Fortune $0
Seat 1: 3b64dc16 folded before Flop (didn't bet)
Seat 2: Hero collected ($0.12)
Seat 3: 9732b32a (button) folded before Flop (didn't bet)
Seat 4: 90d16a32 (small blind) folded before Flop
Seat 5: eb635aac (big blind) folded before Flop
Seat 6: 273efde2 folded before Flop (didn't bet)


Poker Hand #HD1163075184: Hold'em No Limit  ($0.02/$0.05) - 2023/03/16 19:21:31
Table 'NLHBlue97' 6-max Seat #2 is the button
Seat 1: 3b64dc16 ($4.93 in chips)
Seat 2: Hero ($5.19 in chips)
Seat 3: 9732b32a ($5.35 in chips)
Seat 4: 90d16a32 ($5.8 in chips)
Seat 5: eb635aac ($7.87 in chips)
Seat 6: 273efde2 ($5 in chips)
9732b32a: posts small blind $0.02
90d16a32: posts big blind $0.05
*** HOLE CARDS ***
Dealt to 3b64dc16 
Dealt to Hero [8d Qc]
Dealt to 9732b32a 
Dealt to 90d16a32 
Dealt to eb635aac 
Dealt to 273efde2 
eb635aac: folds
273efde2: folds
3b64dc16: folds
Hero: folds
9732b32a: folds
Uncalled bet ($0.03) returned to 90d16a32
*** SHOWDOWN ***
90d16a32 collected $0.04 from pot
*** SUMMARY ***
Total pot $0.04 | Rake $0 | Jackpot $0 | Bingo $0 | Fortune $0
Seat 1: 3b64dc16 folded before Flop (didn't bet)
Seat 2: Hero (button) folded before Flop (didn't bet)
Seat 3: 9732b32a (small blind) folded before Flop
Seat 4: 90d16a32 (big blind) collected ($0.04)
Seat 5: eb635aac folded before Flop (didn't bet)
Seat 6: 273efde2 folded before Flop (didn't bet)


Poker Hand #HD1163074986: Hold'em No Limit  ($0.02/$0.05) - 2023/03/16 19:20:21
Table 'NLHBlue97' 6-max Seat #1 is the button
Seat 1: 3b64dc16 ($4.93 in chips)
Seat 2: Hero ($5.21 in chips)
Seat 3: 9732b32a ($5.82 in chips)
Seat 4: 90d16a32 ($3.81 in chips)
Seat 5: eb635aac ($7.87 in chips)
Seat 6: 273efde2 ($5.78 in chips)
Hero: posts small blind $0.02
9732b32a: posts big blind $0.05
*** HOLE CARDS ***
Dealt to 3b64dc16 
Dealt to Hero [2d Qs]
Dealt to 9732b32a 
Dealt to 90d16a32 
Dealt to eb635aac 
Dealt to 273efde2 
90d16a32: calls $0.05
eb635aac: folds
273efde2: raises $0.09 to $0.14
3b64dc16: folds
Hero: folds
9732b32a: calls $0.09
90d16a32: calls $0.09
*** FLOP *** [2c 5h 8h]
9732b32a: checks
90d16a32: bets $0.33
273efde2: calls $0.33
9732b32a: calls $0.33
*** TURN *** [2c 5h 8h] [5c]
9732b32a: checks
90d16a32: bets $0.48
273efde2: calls $0.48
9732b32a: folds
*** RIVER *** [2c 5h 8h 5c] [4c]
90d16a32: bets $0.79
273efde2: calls $0.79
90d16a32: shows [Jc Js] (Pair of Jacks and Pair of Fives)
273efde2: shows [9h 9d] (Pair of Nines and Pair of Fives)
*** SHOWDOWN ***
90d16a32 collected $3.73 from pot
*** SUMMARY ***
Total pot $3.97 | Rake $0.19 | Jackpot $0.05 | Bingo $0 | Fortune $0
Board [2c 5h 8h 5c 4c]
Seat 1: 3b64dc16 (button) folded before Flop (didn't bet)
Seat 2: Hero (small blind) folded before Flop
Seat 3: 9732b32a (big blind) folded on the Turn
Seat 4: 90d16a32 showed [Jc Js] and won ($3.73) with Pair of Jacks and Pair of Fives
Seat 5: eb635aac folded before Flop (didn't bet)
Seat 6: 273efde2 showed [9h 9d] and lost with Pair of Nines and Pair of Fives


Poker Hand #HD1163074857: Hold'em No Limit  ($0.02/$0.05) - 2023/03/16 19:19:34
Table 'NLHBlue97' 6-max Seat #6 is the button
Seat 1: 3b64dc16 ($4.95 in chips)
Seat 2: Hero ($5 in chips)
Seat 3: 9732b32a ($5.82 in chips)
Seat 4: 90d16a32 ($3.81 in chips)
Seat 5: eb635aac ($8.08 in chips)
Seat 6: 273efde2 ($5.78 in chips)
3b64dc16: posts small blind $0.02
Hero: posts big blind $0.05
*** HOLE CARDS ***
Dealt to 3b64dc16 
Dealt to Hero [7s 7d]
Dealt to 9732b32a 
Dealt to 90d16a32 
Dealt to eb635aac 
Dealt to 273efde2 
9732b32a: folds
90d16a32: folds
eb635aac: raises $0.07 to $0.12
273efde2: folds
3b64dc16: folds
Hero: calls $0.07
*** FLOP *** [Qh 5s 4c]
Hero: checks
eb635aac: bets $0.09
Hero: calls $0.09
*** TURN *** [Qh 5s 4c] [8c]
Hero: checks
eb635aac: checks
*** RIVER *** [Qh 5s 4c 8c] [Qc]
Hero: checks
eb635aac: checks
Hero: shows [7s 7d] (Pair of Queens and Pair of Sevens)
eb635aac: shows [Ts Ac] (Pair of Queens)
*** SHOWDOWN ***
Hero collected $0.42 from pot
*** SUMMARY ***
Total pot $0.44 | Rake $0.02 | Jackpot $0 | Bingo $0 | Fortune $0
Board [Qh 5s 4c 8c Qc]
Seat 1: 3b64dc16 (small blind) folded before Flop
Seat 2: Hero (big blind) showed [7s 7d] and won ($0.42) with Pair of Queens and Pair of Sevens
Seat 3: 9732b32a folded before Flop (didn't bet)
Seat 4: 90d16a32 folded before Flop (didn't bet)
Seat 5: eb635aac showed [Ts Ac] and lost with Pair of Queens
Seat 6: 273efde2 (button) folded before Flop (didn't bet)


Poker Hand #HD1163074820: Hold'em No Limit  ($0.02/$0.05) - 2023/03/16 19:19:20
Table 'NLHBlue97' 6-max Seat #5 is the button
Seat 1: 3b64dc16 ($5 in chips)
Seat 2: Hero ($5 in chips)
Seat 3: 9732b32a ($5.82 in chips)
Seat 4: 90d16a32 ($3.81 in chips)
Seat 5: eb635aac ($8.01 in chips)
Seat 6: 273efde2 ($5.8 in chips)
273efde2: posts small blind $0.02
3b64dc16: posts big blind $0.05
*** HOLE CARDS ***
Dealt to 3b64dc16 
Dealt to Hero [Tc Qs]
Dealt to 9732b32a 
Dealt to 90d16a32 
Dealt to eb635aac 
Dealt to 273efde2 
Hero: folds
9732b32a: folds
90d16a32: folds
eb635aac: raises $0.07 to $0.12
273efde2: folds
3b64dc16: folds
Uncalled bet ($0.07) returned to eb635aac
*** SHOWDOWN ***
eb635aac collected $0.12 from pot
*** SUMMARY ***
Total pot $0.12 | Rake $0 | Jackpot $0 | Bingo $0 | Fortune $0
Seat 1: 3b64dc16 (big blind) folded before Flop
Seat 2: Hero folded before Flop (didn't bet)
Seat 3: 9732b32a folded before Flop (didn't bet)
Seat 4: 90d16a32 folded before Flop (didn't bet)
Seat 5: eb635aac (button) collected ($0.12)
Seat 6: 273efde2 (small blind) folded before Flop


Poker Hand #HD1163074724: Hold'em No Limit  ($0.02/$0.05) - 2023/03/16 19:18:48
Table 'NLHBlue97' 6-max Seat #4 is the button
Seat 2: Hero ($5 in chips)
Seat 3: 9732b32a ($5.75 in chips)
Seat 4: 90d16a32 ($3.81 in chips)
Seat 5: eb635aac ($8.03 in chips)
Seat 6: 273efde2 ($5.85 in chips)
eb635aac: posts small blind $0.02
273efde2: posts big blind $0.05
*** HOLE CARDS ***
Dealt to Hero [7s 3c]
Dealt to 9732b32a 
Dealt to 90d16a32 
Dealt to eb635aac 
Dealt to 273efde2 
Hero: folds
9732b32a: raises $0.07 to $0.12
90d16a32: folds
eb635aac: folds
273efde2: folds
Uncalled bet ($0.07) returned to 9732b32a
*** SHOWDOWN ***
9732b32a collected $0.12 from pot
*** SUMMARY ***
Total pot $0.12 | Rake $0 | Jackpot $0 | Bingo $0 | Fortune $0
Seat 2: Hero folded before Flop (didn't bet)
Seat 3: 9732b32a collected ($0.12)
Seat 4: 90d16a32 (button) folded before Flop (didn't bet)
Seat 5: eb635aac (small blind) folded before Flop
Seat 6: 273efde2 (big blind) folded before Flop


Poker Hand #HD1163074563: Hold'em No Limit  ($0.02/$0.05) - 2023/03/16 19:17:56
Table 'NLHBlue97' 6-max Seat #3 is the button
Seat 1: affa087a ($4.05 in chips)
Seat 2: Hero ($5 in chips)
Seat 3: 9732b32a ($5.59 in chips)
Seat 4: 90d16a32 ($3.93 in chips)
Seat 5: eb635aac ($8.08 in chips)
Seat 6: 273efde2 ($5.85 in chips)
90d16a32: posts small blind $0.02
eb635aac: posts big blind $0.05
*** HOLE CARDS ***
Dealt to affa087a 
Dealt to Hero [6h 5d]
Dealt to 9732b32a 
Dealt to 90d16a32 
Dealt to eb635aac 
Dealt to 273efde2 
273efde2: folds
affa087a: folds
Hero: folds
9732b32a: raises $0.07 to $0.12
90d16a32: calls $0.1
eb635aac: folds
*** FLOP *** [3c 7d 7c]
90d16a32: checks
9732b32a: checks
*** TURN *** [3c 7d 7c] [Jd]
90d16a32: checks
9732b32a: bets $0.12
90d16a32: folds
Uncalled bet ($0.12) returned to 9732b32a
*** SHOWDOWN ***
9732b32a collected $0.28 from pot
*** SUMMARY ***
Total pot $0.29 | Rake $0.01 | Jackpot $0 | Bingo $0 | Fortune $0
Board [3c 7d 7c Jd]
Seat 1: affa087a folded before Flop (didn't bet)
Seat 2: Hero folded before Flop (didn't bet)
Seat 3: 9732b32a (button) won ($0.28)
Seat 4: 90d16a32 (small blind) folded on the Turn
Seat 5: eb635aac (big blind) folded before Flop
Seat 6: 273efde2 folded before Flop (didn't bet)


Poker Hand #HD1163074473: Hold'em No Limit  ($0.02/$0.05) - 2023/03/16 19:17:28
Table 'NLHBlue97' 6-max Seat #2 is the button
Seat 1: affa087a ($4.05 in chips)
Seat 2: Hero ($5 in chips)
Seat 3: 9732b32a ($5.54 in chips)
Seat 4: 90d16a32 ($3.98 in chips)
Seat 5: eb635aac ($8.08 in chips)
Seat 6: 273efde2 ($5.85 in chips)
9732b32a: posts small blind $0.02
90d16a32: posts big blind $0.05
*** HOLE CARDS ***
Dealt to affa087a 
Dealt to Hero [2c Jc]
Dealt to 9732b32a 
Dealt to 90d16a32 
Dealt to eb635aac 
Dealt to 273efde2 
eb635aac: folds
273efde2: folds
affa087a: folds
Hero: folds
9732b32a: calls $0.03
90d16a32: checks
*** FLOP *** [Qd Jd 8c]
9732b32a: bets $0.05
90d16a32: folds
Uncalled bet ($0.05) returned to 9732b32a
*** SHOWDOWN ***
9732b32a collected $0.1 from pot
*** SUMMARY ***
Total pot $0.1 | Rake $0 | Jackpot $0 | Bingo $0 | Fortune $0
Board [Qd Jd 8c]
Seat 1: affa087a folded before Flop (didn't bet)
Seat 2: Hero (button) folded before Flop (didn't bet)
Seat 3: 9732b32a (small blind) won ($0.1)
Seat 4: 90d16a32 (big blind) folded on the Flop
Seat 5: eb635aac folded before Flop (didn't bet)
Seat 6: 273efde2 folded before Flop (didn't bet)


Poker Hand #HD1163074413: Hold'em No Limit  ($0.02/$0.05) - 2023/03/16 19:17:08
Table 'NLHBlue97' 6-max Seat #1 is the button
Seat 1: affa087a ($4.05 in chips)
Seat 2: Hero ($5.02 in chips)
Seat 3: 9732b32a ($5.52 in chips)
Seat 4: 90d16a32 ($3.98 in chips)
Seat 5: eb635aac ($8.08 in chips)
Seat 6: 273efde2 ($5.85 in chips)
Hero: posts small blind $0.02
9732b32a: posts big blind $0.05
*** HOLE CARDS ***
Dealt to affa087a 
Dealt to Hero [9s 6d]
Dealt to 9732b32a 
Dealt to 90d16a32 
Dealt to eb635aac 
Dealt to 273efde2 
90d16a32: folds
eb635aac: folds
273efde2: folds
affa087a: folds
Hero: folds
Uncalled bet ($0.03) returned to 9732b32a
*** SHOWDOWN ***
9732b32a collected $0.04 from pot
*** SUMMARY ***
Total pot $0.04 | Rake $0 | Jackpot $0 | Bingo $0 | Fortune $0
Seat 1: affa087a (button) folded before Flop (didn't bet)
Seat 2: Hero (small blind) folded before Flop
Seat 3: 9732b32a (big blind) collected ($0.04)
Seat 4: 90d16a32 folded before Flop (didn't bet)
Seat 5: eb635aac folded before Flop (didn't bet)
Seat 6: 273efde2 folded before Flop (didn't bet)


Poker Hand #HD1163074355: Hold'em No Limit  ($0.02/$0.05) - 2023/03/16 19:16:50
Table 'NLHBlue97' 6-max Seat #6 is the button
Seat 1: affa087a ($4.07 in chips)
Seat 2: Hero ($5 in chips)
Seat 3: 9732b32a ($5.52 in chips)
Seat 4: 90d16a32 ($3.98 in chips)
Seat 5: eb635aac ($8.08 in chips)
Seat 6: 273efde2 ($5.85 in chips)
affa087a: posts small blind $0.02
Hero: posts big blind $0.05
*** HOLE CARDS ***
Dealt to affa087a 
Dealt to Hero [3c 2s]
Dealt to 9732b32a 
Dealt to 90d16a32 
Dealt to eb635aac 
Dealt to 273efde2 
9732b32a: folds
90d16a32: folds
eb635aac: folds
273efde2: folds
affa087a: folds
Uncalled bet ($0.03) returned to Hero
*** SHOWDOWN ***
Hero collected $0.04 from pot
*** SUMMARY ***
Total pot $0.04 | Rake $0 | Jackpot $0 | Bingo $0 | Fortune $0
Seat 1: affa087a (small blind) folded before Flop
Seat 2: Hero (big blind) collected ($0.04)
Seat 3: 9732b32a folded before Flop (didn't bet)
Seat 4: 90d16a32 folded before Flop (didn't bet)
Seat 5: eb635aac folded before Flop (didn't bet)
Seat 6: 273efde2 (button) folded before Flop (didn't bet)


