Poker Hand #HD1184024670: Hold'em No Limit  ($0.02/$0.05) - 2023/03/31 21:56:19
Table 'NLHBlue20' 6-max Seat #4 is the button
Seat 3: 4b9df7dc ($11.86 in chips)
Seat 4: Hero ($7.9 in chips)
Hero: posts small blind $0.02
4b9df7dc: posts big blind $0.05
*** HOLE CARDS ***
Dealt to 4b9df7dc 
Dealt to Hero [9h 9c]
Hero: raises $0.09 to $0.14
4b9df7dc: calls $0.09
*** FLOP *** [Ad Kh 8c]
4b9df7dc: checks
Hero: bets $0.14
4b9df7dc: calls $0.14
*** TURN *** [Ad Kh 8c] [Jd]
4b9df7dc: checks
Hero: checks
*** RIVER *** [Ad Kh 8c Jd] [Kc]
4b9df7dc: bets $0.42
Hero: folds
Uncalled bet ($0.42) returned to 4b9df7dc
*** SHOWDOWN ***
4b9df7dc collected $0.54 from pot
*** SUMMARY ***
Total pot $0.56 | Rake $0.02 | Jackpot $0 | Bingo $0 | Fortune $0
Board [Ad Kh 8c Jd Kc]
Seat 3: 4b9df7dc (big blind) won ($0.54)
Seat 4: Hero (small blind) folded on the River


Poker Hand #HD1184024630: Hold'em No Limit  ($0.02/$0.05) - 2023/03/31 21:55:59
Table 'NLHBlue20' 6-max Seat #3 is the button
Seat 3: 4b9df7dc ($11.81 in chips)
Seat 4: Hero ($7.95 in chips)
4b9df7dc: posts small blind $0.02
Hero: posts big blind $0.05
*** HOLE CARDS ***
Dealt to 4b9df7dc 
Dealt to Hero [Ad 8h]
4b9df7dc: raises $0.1 to $0.15
Hero: folds
Uncalled bet ($0.1) returned to 4b9df7dc
*** SHOWDOWN ***
4b9df7dc collected $0.1 from pot
*** SUMMARY ***
Total pot $0.1 | Rake $0 | Jackpot $0 | Bingo $0 | Fortune $0
Seat 3: 4b9df7dc (small blind) collected ($0.1)
Seat 4: Hero (big blind) folded before Flop


Poker Hand #HD1184024606: Hold'em No Limit  ($0.02/$0.05) - 2023/03/31 21:55:47
Table 'NLHBlue20' 6-max Seat #4 is the button
Seat 3: 4b9df7dc ($11.86 in chips)
Seat 4: Hero ($7.88 in chips)
Seat 5: 9d40bcde ($6.18 in chips)
9d40bcde: posts small blind $0.02
4b9df7dc: posts big blind $0.05
*** HOLE CARDS ***
Dealt to 4b9df7dc 
Dealt to Hero [9d Jc]
Dealt to 9d40bcde 
Hero: raises $0.07 to $0.12
9d40bcde: folds
4b9df7dc: folds
Uncalled bet ($0.07) returned to Hero
*** SHOWDOWN ***
Hero collected $0.12 from pot
*** SUMMARY ***
Total pot $0.12 | Rake $0 | Jackpot $0 | Bingo $0 | Fortune $0
Seat 3: 4b9df7dc (big blind) folded before Flop
Seat 4: Hero (button) collected ($0.12)
Seat 5: 9d40bcde (small blind) folded before Flop


Poker Hand #HD1184024589: Hold'em No Limit  ($0.02/$0.05) - 2023/03/31 21:55:39
Table 'NLHBlue20' 6-max Seat #3 is the button
Seat 3: 4b9df7dc ($11.86 in chips)
Seat 4: Hero ($7.9 in chips)
Seat 5: 9d40bcde ($6.16 in chips)
Seat 6: e9c51030 ($7.85 in chips)
Hero: posts small blind $0.02
9d40bcde: posts big blind $0.05
*** HOLE CARDS ***
Dealt to 4b9df7dc 
Dealt to Hero [5d 7h]
Dealt to 9d40bcde 
Dealt to e9c51030 
e9c51030: folds
4b9df7dc: folds
Hero: folds
Uncalled bet ($0.03) returned to 9d40bcde
*** SHOWDOWN ***
9d40bcde collected $0.04 from pot
*** SUMMARY ***
Total pot $0.04 | Rake $0 | Jackpot $0 | Bingo $0 | Fortune $0
Seat 3: 4b9df7dc (button) folded before Flop (didn't bet)
Seat 4: Hero (small blind) folded before Flop
Seat 5: 9d40bcde (big blind) collected ($0.04)
Seat 6: e9c51030 folded before Flop (didn't bet)


Poker Hand #HD1184024388: Hold'em No Limit  ($0.02/$0.05) - 2023/03/31 21:53:53
Table 'NLHBlue20' 6-max Seat #6 is the button
Seat 2: d620e3e4 ($5.42 in chips)
Seat 3: 4b9df7dc ($6.99 in chips)
Seat 4: Hero ($7.9 in chips)
Seat 5: 9d40bcde ($6.16 in chips)
Seat 6: e9c51030 ($7.85 in chips)
d620e3e4: posts small blind $0.02
4b9df7dc: posts big blind $0.05
*** HOLE CARDS ***
Dealt to d620e3e4 
Dealt to 4b9df7dc 
Dealt to Hero [6h 3d]
Dealt to 9d40bcde 
Dealt to e9c51030 
Hero: folds
9d40bcde: folds
e9c51030: folds
d620e3e4: calls $0.03
4b9df7dc: raises $0.2 to $0.25
d620e3e4: calls $0.2
*** FLOP *** [Kc 4c Qh]
d620e3e4: checks
4b9df7dc: bets $0.17
d620e3e4: raises $0.28 to $0.45
4b9df7dc: calls $0.28
*** TURN *** [Kc 4c Qh] [8d]
d620e3e4: bets $1.05
4b9df7dc: calls $1.05
*** RIVER *** [Kc 4c Qh 8d] [Ks]
d620e3e4: bets $3.67 and is all-in
4b9df7dc: calls $3.67
d620e3e4: shows [Qd 9h] (Pair of Kings and Pair of Queens)
4b9df7dc: shows [Kd Qs] (Kings Full over Queens)
*** SHOWDOWN ***
4b9df7dc collected $10.29 from pot
*** SUMMARY ***
Total pot $10.84 | Rake $0.5 | Jackpot $0.05 | Bingo $0 | Fortune $0
Board [Kc 4c Qh 8d Ks]
Seat 2: d620e3e4 (small blind) showed [Qd 9h] and lost with Pair of Kings and Pair of Queens
Seat 3: 4b9df7dc (big blind) showed [Kd Qs] and won ($10.29) with Kings Full over Queens
Seat 4: Hero folded before Flop (didn't bet)
Seat 5: 9d40bcde folded before Flop (didn't bet)
Seat 6: e9c51030 (button) folded before Flop (didn't bet)


Poker Hand #HD1184024366: Hold'em No Limit  ($0.02/$0.05) - 2023/03/31 21:53:42
Table 'NLHBlue20' 6-max Seat #5 is the button
Seat 2: d620e3e4 ($5.47 in chips)
Seat 3: 4b9df7dc ($6.99 in chips)
Seat 4: Hero ($7.9 in chips)
Seat 5: 9d40bcde ($6.09 in chips)
Seat 6: e9c51030 ($7.87 in chips)
e9c51030: posts small blind $0.02
d620e3e4: posts big blind $0.05
*** HOLE CARDS ***
Dealt to d620e3e4 
Dealt to 4b9df7dc 
Dealt to Hero [Th 2c]
Dealt to 9d40bcde 
Dealt to e9c51030 
4b9df7dc: folds
Hero: folds
9d40bcde: raises $0.07 to $0.12
e9c51030: folds
d620e3e4: folds
Uncalled bet ($0.07) returned to 9d40bcde
*** SHOWDOWN ***
9d40bcde collected $0.12 from pot
*** SUMMARY ***
Total pot $0.12 | Rake $0 | Jackpot $0 | Bingo $0 | Fortune $0
Seat 2: d620e3e4 (big blind) folded before Flop
Seat 3: 4b9df7dc folded before Flop (didn't bet)
Seat 4: Hero folded before Flop (didn't bet)
Seat 5: 9d40bcde (button) collected ($0.12)
Seat 6: e9c51030 (small blind) folded before Flop


Poker Hand #HD1184024227: Hold'em No Limit  ($0.02/$0.05) - 2023/03/31 21:52:39
Table 'NLHBlue20' 6-max Seat #4 is the button
Seat 2: d620e3e4 ($4.82 in chips)
Seat 3: 4b9df7dc ($6.99 in chips)
Seat 4: Hero ($8.54 in chips)
Seat 5: 9d40bcde ($6.11 in chips)
Seat 6: e9c51030 ($7.92 in chips)
9d40bcde: posts small blind $0.02
e9c51030: posts big blind $0.05
*** HOLE CARDS ***
Dealt to d620e3e4 
Dealt to 4b9df7dc 
Dealt to Hero [8d Ad]
Dealt to 9d40bcde 
Dealt to e9c51030 
d620e3e4: raises $0.05 to $0.1
4b9df7dc: folds
Hero: raises $0.2 to $0.3
9d40bcde: folds
e9c51030: folds
d620e3e4: calls $0.2
*** FLOP *** [9h Th As]
d620e3e4: checks
Hero: checks
*** TURN *** [9h Th As] [6h]
d620e3e4: checks
Hero: checks
*** RIVER *** [9h Th As 6h] [7d]
d620e3e4: checks
Hero: bets $0.34
d620e3e4: raises $4.18 to $4.52 and is all-in
Hero: folds
Uncalled bet ($4.18) returned to d620e3e4
*** SHOWDOWN ***
d620e3e4 collected $1.29 from pot
*** SUMMARY ***
Total pot $1.35 | Rake $0.06 | Jackpot $0 | Bingo $0 | Fortune $0
Board [9h Th As 6h 7d]
Seat 2: d620e3e4 won ($1.29)
Seat 3: 4b9df7dc folded before Flop (didn't bet)
Seat 4: Hero (button) folded on the River
Seat 5: 9d40bcde (small blind) folded before Flop
Seat 6: e9c51030 (big blind) folded before Flop


Poker Hand #HD1184024191: Hold'em No Limit  ($0.02/$0.05) - 2023/03/31 21:52:24
Table 'NLHBlue20' 6-max Seat #3 is the button
Seat 2: d620e3e4 ($4.82 in chips)
Seat 3: 4b9df7dc ($6.99 in chips)
Seat 4: Hero ($8.56 in chips)
Seat 5: 9d40bcde ($6.09 in chips)
Seat 6: e9c51030 ($7.92 in chips)
Hero: posts small blind $0.02
9d40bcde: posts big blind $0.05
*** HOLE CARDS ***
Dealt to d620e3e4 
Dealt to 4b9df7dc 
Dealt to Hero [2c Ts]
Dealt to 9d40bcde 
Dealt to e9c51030 
e9c51030: folds
d620e3e4: folds
4b9df7dc: folds
Hero: folds
Uncalled bet ($0.03) returned to 9d40bcde
*** SHOWDOWN ***
9d40bcde collected $0.04 from pot
*** SUMMARY ***
Total pot $0.04 | Rake $0 | Jackpot $0 | Bingo $0 | Fortune $0
Seat 2: d620e3e4 folded before Flop (didn't bet)
Seat 3: 4b9df7dc (button) folded before Flop (didn't bet)
Seat 4: Hero (small blind) folded before Flop
Seat 5: 9d40bcde (big blind) collected ($0.04)
Seat 6: e9c51030 folded before Flop (didn't bet)


Poker Hand #HD1184024169: Hold'em No Limit  ($0.02/$0.05) - 2023/03/31 21:52:11
Table 'NLHBlue20' 6-max Seat #2 is the button
Seat 2: d620e3e4 ($4.75 in chips)
Seat 3: 4b9df7dc ($7.01 in chips)
Seat 4: Hero ($8.61 in chips)
Seat 5: 9d40bcde ($6.09 in chips)
Seat 6: e9c51030 ($7.92 in chips)
4b9df7dc: posts small blind $0.02
Hero: posts big blind $0.05
*** HOLE CARDS ***
Dealt to d620e3e4 
Dealt to 4b9df7dc 
Dealt to Hero [2c 8c]
Dealt to 9d40bcde 
Dealt to e9c51030 
9d40bcde: folds
e9c51030: folds
d620e3e4: raises $0.12 to $0.17
4b9df7dc: folds
Hero: folds
Uncalled bet ($0.12) returned to d620e3e4
*** SHOWDOWN ***
d620e3e4 collected $0.12 from pot
*** SUMMARY ***
Total pot $0.12 | Rake $0 | Jackpot $0 | Bingo $0 | Fortune $0
Seat 2: d620e3e4 (button) collected ($0.12)
Seat 3: 4b9df7dc (small blind) folded before Flop
Seat 4: Hero (big blind) folded before Flop
Seat 5: 9d40bcde folded before Flop (didn't bet)
Seat 6: e9c51030 folded before Flop (didn't bet)


Poker Hand #HD1184024148: Hold'em No Limit  ($0.02/$0.05) - 2023/03/31 21:52:01
Table 'NLHBlue20' 6-max Seat #6 is the button
Seat 2: d620e3e4 ($4.7 in chips)
Seat 3: 4b9df7dc ($7.06 in chips)
Seat 4: Hero ($8.61 in chips)
Seat 5: 9d40bcde ($6.09 in chips)
Seat 6: e9c51030 ($7.92 in chips)
d620e3e4: posts small blind $0.02
4b9df7dc: posts big blind $0.05
*** HOLE CARDS ***
Dealt to d620e3e4 
Dealt to 4b9df7dc 
Dealt to Hero [3d 8h]
Dealt to 9d40bcde 
Dealt to e9c51030 
Hero: folds
9d40bcde: folds
e9c51030: folds
d620e3e4: raises $0.05 to $0.1
4b9df7dc: folds
Uncalled bet ($0.05) returned to d620e3e4
*** SHOWDOWN ***
d620e3e4 collected $0.1 from pot
*** SUMMARY ***
Total pot $0.1 | Rake $0 | Jackpot $0 | Bingo $0 | Fortune $0
Seat 2: d620e3e4 (small blind) collected ($0.1)
Seat 3: 4b9df7dc (big blind) folded before Flop
Seat 4: Hero folded before Flop (didn't bet)
Seat 5: 9d40bcde folded before Flop (didn't bet)
Seat 6: e9c51030 (button) folded before Flop (didn't bet)


Poker Hand #HD1184024115: Hold'em No Limit  ($0.02/$0.05) - 2023/03/31 21:51:45
Table 'NLHBlue20' 6-max Seat #5 is the button
Seat 2: d620e3e4 ($4.75 in chips)
Seat 3: 4b9df7dc ($7.06 in chips)
Seat 4: Hero ($8.54 in chips)
Seat 5: 9d40bcde ($6.09 in chips)
Seat 6: e9c51030 ($7.94 in chips)
e9c51030: posts small blind $0.02
d620e3e4: posts big blind $0.05
*** HOLE CARDS ***
Dealt to d620e3e4 
Dealt to 4b9df7dc 
Dealt to Hero [As Ac]
Dealt to 9d40bcde 
Dealt to e9c51030 
4b9df7dc: folds
Hero: raises $0.07 to $0.12
9d40bcde: folds
e9c51030: folds
d620e3e4: folds
Uncalled bet ($0.07) returned to Hero
*** SHOWDOWN ***
Hero collected $0.12 from pot
*** SUMMARY ***
Total pot $0.12 | Rake $0 | Jackpot $0 | Bingo $0 | Fortune $0
Seat 2: d620e3e4 (big blind) folded before Flop
Seat 3: 4b9df7dc folded before Flop (didn't bet)
Seat 4: Hero collected ($0.12)
Seat 5: 9d40bcde (button) folded before Flop (didn't bet)
Seat 6: e9c51030 (small blind) folded before Flop


Poker Hand #HD1184024104: Hold'em No Limit  ($0.02/$0.05) - 2023/03/31 21:51:37
Table 'NLHBlue20' 6-max Seat #4 is the button
Seat 2: d620e3e4 ($4.75 in chips)
Seat 3: 4b9df7dc ($7.06 in chips)
Seat 4: Hero ($8.54 in chips)
Seat 5: 9d40bcde ($6.11 in chips)
Seat 6: e9c51030 ($7.92 in chips)
9d40bcde: posts small blind $0.02
e9c51030: posts big blind $0.05
*** HOLE CARDS ***
Dealt to d620e3e4 
Dealt to 4b9df7dc 
Dealt to Hero [3c 7s]
Dealt to 9d40bcde 
Dealt to e9c51030 
d620e3e4: folds
4b9df7dc: folds
Hero: folds
9d40bcde: folds
Uncalled bet ($0.03) returned to e9c51030
*** SHOWDOWN ***
e9c51030 collected $0.04 from pot
*** SUMMARY ***
Total pot $0.04 | Rake $0 | Jackpot $0 | Bingo $0 | Fortune $0
Seat 2: d620e3e4 folded before Flop (didn't bet)
Seat 3: 4b9df7dc folded before Flop (didn't bet)
Seat 4: Hero (button) folded before Flop (didn't bet)
Seat 5: 9d40bcde (small blind) folded before Flop
Seat 6: e9c51030 (big blind) collected ($0.04)


Poker Hand #HD1184024070: Hold'em No Limit  ($0.02/$0.05) - 2023/03/31 21:51:20
Table 'NLHBlue20' 6-max Seat #3 is the button
Seat 2: d620e3e4 ($4.68 in chips)
Seat 3: 4b9df7dc ($7.06 in chips)
Seat 4: Hero ($8.56 in chips)
Seat 5: 9d40bcde ($6.16 in chips)
Seat 6: e9c51030 ($7.92 in chips)
Hero: posts small blind $0.02
9d40bcde: posts big blind $0.05
*** HOLE CARDS ***
Dealt to d620e3e4 
Dealt to 4b9df7dc 
Dealt to Hero [Ad 9s]
Dealt to 9d40bcde 
Dealt to e9c51030 
e9c51030: folds
d620e3e4: raises $0.08 to $0.13
4b9df7dc: folds
Hero: folds
9d40bcde: folds
Uncalled bet ($0.08) returned to d620e3e4
*** SHOWDOWN ***
d620e3e4 collected $0.12 from pot
*** SUMMARY ***
Total pot $0.12 | Rake $0 | Jackpot $0 | Bingo $0 | Fortune $0
Seat 2: d620e3e4 collected ($0.12)
Seat 3: 4b9df7dc (button) folded before Flop (didn't bet)
Seat 4: Hero (small blind) folded before Flop
Seat 5: 9d40bcde (big blind) folded before Flop
Seat 6: e9c51030 folded before Flop (didn't bet)


Poker Hand #HD1184024046: Hold'em No Limit  ($0.02/$0.05) - 2023/03/31 21:51:10
Table 'NLHBlue20' 6-max Seat #2 is the button
Seat 2: d620e3e4 ($4.68 in chips)
Seat 3: 4b9df7dc ($7.08 in chips)
Seat 4: Hero ($8.54 in chips)
Seat 5: 9d40bcde ($6.16 in chips)
Seat 6: e9c51030 ($7.92 in chips)
4b9df7dc: posts small blind $0.02
Hero: posts big blind $0.05
*** HOLE CARDS ***
Dealt to d620e3e4 
Dealt to 4b9df7dc 
Dealt to Hero [4h 7d]
Dealt to 9d40bcde 
Dealt to e9c51030 
9d40bcde: folds
e9c51030: folds
d620e3e4: folds
4b9df7dc: folds
Uncalled bet ($0.03) returned to Hero
*** SHOWDOWN ***
Hero collected $0.04 from pot
*** SUMMARY ***
Total pot $0.04 | Rake $0 | Jackpot $0 | Bingo $0 | Fortune $0
Seat 2: d620e3e4 (button) folded before Flop (didn't bet)
Seat 3: 4b9df7dc (small blind) folded before Flop
Seat 4: Hero (big blind) collected ($0.04)
Seat 5: 9d40bcde folded before Flop (didn't bet)
Seat 6: e9c51030 folded before Flop (didn't bet)


Poker Hand #HD1184024003: Hold'em No Limit  ($0.02/$0.05) - 2023/03/31 21:50:45
Table 'NLHBlue20' 6-max Seat #6 is the button
Seat 2: d620e3e4 ($4.7 in chips)
Seat 3: 4b9df7dc ($7.2 in chips)
Seat 4: Hero ($8.41 in chips)
Seat 5: 9d40bcde ($6.16 in chips)
Seat 6: e9c51030 ($7.92 in chips)
d620e3e4: posts small blind $0.02
4b9df7dc: posts big blind $0.05
*** HOLE CARDS ***
Dealt to d620e3e4 
Dealt to 4b9df7dc 
Dealt to Hero [Qc Ac]
Dealt to 9d40bcde 
Dealt to e9c51030 
Hero: raises $0.07 to $0.12
9d40bcde: folds
e9c51030: folds
d620e3e4: folds
4b9df7dc: calls $0.07
*** FLOP *** [4s Td Ks]
4b9df7dc: checks
Hero: bets $0.2
4b9df7dc: folds
Uncalled bet ($0.2) returned to Hero
*** SHOWDOWN ***
Hero collected $0.25 from pot
*** SUMMARY ***
Total pot $0.26 | Rake $0.01 | Jackpot $0 | Bingo $0 | Fortune $0
Board [4s Td Ks]
Seat 2: d620e3e4 (small blind) folded before Flop
Seat 3: 4b9df7dc (big blind) folded on the Flop
Seat 4: Hero won ($0.25)
Seat 5: 9d40bcde folded before Flop (didn't bet)
Seat 6: e9c51030 (button) folded before Flop (didn't bet)


Poker Hand #HD1184023870: Hold'em No Limit  ($0.02/$0.05) - 2023/03/31 21:49:34
Table 'NLHBlue20' 6-max Seat #5 is the button
Seat 1: e6fac266 ($5 in chips)
Seat 2: d620e3e4 ($8.46 in chips)
Seat 3: 4b9df7dc ($7.2 in chips)
Seat 4: Hero ($5 in chips)
Seat 5: 9d40bcde ($6.16 in chips)
Seat 6: e9c51030 ($7.94 in chips)
e9c51030: posts small blind $0.02
e6fac266: posts big blind $0.05
*** HOLE CARDS ***
Dealt to e6fac266 
Dealt to d620e3e4 
Dealt to 4b9df7dc 
Dealt to Hero [Qc Jc]
Dealt to 9d40bcde 
Dealt to e9c51030 
d620e3e4: raises $0.08 to $0.13
4b9df7dc: folds
Hero: raises $0.21 to $0.34
9d40bcde: folds
e9c51030: folds
e6fac266: folds
d620e3e4: calls $0.21
*** FLOP *** [Js Kc 2s]
d620e3e4: checks
Hero: bets $0.38
d620e3e4: calls $0.38
*** TURN *** [Js Kc 2s] [8c]
d620e3e4: checks
Hero: bets $0.76
d620e3e4: calls $0.76
*** RIVER *** [Js Kc 2s 8c] [7c]
d620e3e4: checks
Hero: bets $2.28
d620e3e4: calls $2.28
Hero: shows [Qc Jc] (King High Flush)
d620e3e4: shows [9s Ks] (Pair of Kings)
*** SHOWDOWN ***
Hero collected $7.17 from pot
*** SUMMARY ***
Total pot $7.59 | Rake $0.37 | Jackpot $0.05 | Bingo $0 | Fortune $0
Board [Js Kc 2s 8c 7c]
Seat 1: e6fac266 (big blind) folded before Flop
Seat 2: d620e3e4 showed [9s Ks] and lost with Pair of Kings
Seat 3: 4b9df7dc folded before Flop (didn't bet)
Seat 4: Hero showed [Qc Jc] and won ($7.17) with King High Flush
Seat 5: 9d40bcde (button) folded before Flop (didn't bet)
Seat 6: e9c51030 (small blind) folded before Flop


Poker Hand #HD1184023715: Hold'em No Limit  ($0.02/$0.05) - 2023/03/31 21:48:18
Table 'NLHBlue20' 6-max Seat #4 is the button
Seat 1: e6fac266 ($5.48 in chips)
Seat 2: d620e3e4 ($8.46 in chips)
Seat 3: 4b9df7dc ($7.2 in chips)
Seat 4: Hero ($5 in chips)
Seat 5: 9d40bcde ($6.18 in chips)
Seat 6: e9c51030 ($5 in chips)
9d40bcde: posts small blind $0.02
e9c51030: posts big blind $0.05
*** HOLE CARDS ***
Dealt to e6fac266 
Dealt to d620e3e4 
Dealt to 4b9df7dc 
Dealt to Hero [Tc Ah]
Dealt to 9d40bcde 
Dealt to e9c51030 
e6fac266: raises $0.08 to $0.13
d620e3e4: folds
4b9df7dc: folds
Hero: folds
9d40bcde: folds
e9c51030: calls $0.08
*** FLOP *** [Kh 6d 5s]
e9c51030: checks
e6fac266: bets $0.14
e9c51030: calls $0.14
*** TURN *** [Kh 6d 5s] [8s]
e9c51030: checks
e6fac266: bets $0.42
e9c51030: calls $0.42
*** RIVER *** [Kh 6d 5s 8s] [6s]
e9c51030: checks
e6fac266: bets $2.6
e9c51030: raises $1.71 to $4.31 and is all-in
e6fac266: folds
Uncalled bet ($1.71) returned to e9c51030
*** SHOWDOWN ***
e9c51030 collected $6.23 from pot
*** SUMMARY ***
Total pot $6.6 | Rake $0.32 | Jackpot $0.05 | Bingo $0 | Fortune $0
Board [Kh 6d 5s 8s 6s]
Seat 1: e6fac266 folded on the River
Seat 2: d620e3e4 folded before Flop (didn't bet)
Seat 3: 4b9df7dc folded before Flop (didn't bet)
Seat 4: Hero (button) folded before Flop (didn't bet)
Seat 5: 9d40bcde (small blind) folded before Flop
Seat 6: e9c51030 (big blind) won ($6.23)


Poker Hand #HD1184023694: Hold'em No Limit  ($0.02/$0.05) - 2023/03/31 21:48:07
Table 'NLHBlue20' 6-max Seat #3 is the button
Seat 1: e6fac266 ($5.41 in chips)
Seat 2: d620e3e4 ($8.46 in chips)
Seat 3: 4b9df7dc ($7.2 in chips)
Seat 4: Hero ($5 in chips)
Seat 5: 9d40bcde ($6.23 in chips)
Hero: posts small blind $0.02
9d40bcde: posts big blind $0.05
*** HOLE CARDS ***
Dealt to e6fac266 
Dealt to d620e3e4 
Dealt to 4b9df7dc 
Dealt to Hero [4s 9d]
Dealt to 9d40bcde 
e6fac266: raises $0.08 to $0.13
d620e3e4: folds
4b9df7dc: folds
Hero: folds
9d40bcde: folds
Uncalled bet ($0.08) returned to e6fac266
*** SHOWDOWN ***
e6fac266 collected $0.12 from pot
*** SUMMARY ***
Total pot $0.12 | Rake $0 | Jackpot $0 | Bingo $0 | Fortune $0
Seat 1: e6fac266 collected ($0.12)
Seat 2: d620e3e4 folded before Flop (didn't bet)
Seat 3: 4b9df7dc (button) folded before Flop (didn't bet)
Seat 4: Hero (small blind) folded before Flop
Seat 5: 9d40bcde (big blind) folded before Flop


Poker Hand #HD1184023636: Hold'em No Limit  ($0.02/$0.05) - 2023/03/31 21:47:36
Table 'NLHBlue20' 6-max Seat #2 is the button
Seat 1: e6fac266 ($5.41 in chips)
Seat 2: d620e3e4 ($8.35 in chips)
Seat 3: 4b9df7dc ($7.22 in chips)
Seat 4: Hero ($5 in chips)
Seat 5: 9d40bcde ($6.23 in chips)
4b9df7dc: posts small blind $0.02
Hero: posts big blind $0.05
*** HOLE CARDS ***
Dealt to e6fac266 
Dealt to d620e3e4 
Dealt to 4b9df7dc 
Dealt to Hero [9s Td]
Dealt to 9d40bcde 
9d40bcde: folds
e6fac266: folds
d620e3e4: raises $0.05 to $0.1
4b9df7dc: folds
Hero: calls $0.05
*** FLOP *** [Ac 5s 6c]
Hero: checks
d620e3e4: checks
*** TURN *** [Ac 5s 6c] [4s]
Hero: checks
d620e3e4: checks
*** RIVER *** [Ac 5s 6c 4s] [4h]
Hero: checks
d620e3e4: checks
Hero: shows [9s Td] (Pair of Fours)
d620e3e4: shows [Jd Th] (Pair of Fours)
*** SHOWDOWN ***
d620e3e4 collected $0.21 from pot
*** SUMMARY ***
Total pot $0.22 | Rake $0.01 | Jackpot $0 | Bingo $0 | Fortune $0
Board [Ac 5s 6c 4s 4h]
Seat 1: e6fac266 folded before Flop (didn't bet)
Seat 2: d620e3e4 (button) showed [Jd Th] and won ($0.21) with Pair of Fours
Seat 3: 4b9df7dc (small blind) folded before Flop
Seat 4: Hero (big blind) showed [9s Td] and lost with Pair of Fours
Seat 5: 9d40bcde folded before Flop (didn't bet)


Poker Hand #HD1184023613: Hold'em No Limit  ($0.02/$0.05) - 2023/03/31 21:47:24
Table 'NLHBlue20' 6-max Seat #1 is the button
Seat 1: e6fac266 ($5.41 in chips)
Seat 2: d620e3e4 ($8.37 in chips)
Seat 3: 4b9df7dc ($7.2 in chips)
Seat 4: Hero ($5 in chips)
Seat 5: 9d40bcde ($6.23 in chips)
d620e3e4: posts small blind $0.02
4b9df7dc: posts big blind $0.05
*** HOLE CARDS ***
Dealt to e6fac266 
Dealt to d620e3e4 
Dealt to 4b9df7dc 
Dealt to Hero [6s 5s]
Dealt to 9d40bcde 
Hero: folds
9d40bcde: folds
e6fac266: folds
d620e3e4: folds
Uncalled bet ($0.03) returned to 4b9df7dc
*** SHOWDOWN ***
4b9df7dc collected $0.04 from pot
*** SUMMARY ***
Total pot $0.04 | Rake $0 | Jackpot $0 | Bingo $0 | Fortune $0
Seat 1: e6fac266 (button) folded before Flop (didn't bet)
Seat 2: d620e3e4 (small blind) folded before Flop
Seat 3: 4b9df7dc (big blind) collected ($0.04)
Seat 4: Hero folded before Flop (didn't bet)
Seat 5: 9d40bcde folded before Flop (didn't bet)


Poker Hand #HD1184023595: Hold'em No Limit  ($0.02/$0.05) - 2023/03/31 21:47:14
Table 'NLHBlue20' 6-max Seat #5 is the button
Seat 1: e6fac266 ($5.43 in chips)
Seat 2: d620e3e4 ($8.35 in chips)
Seat 3: 4b9df7dc ($7.2 in chips)
Seat 4: Hero ($5 in chips)
Seat 5: 9d40bcde ($6.23 in chips)
e6fac266: posts small blind $0.02
d620e3e4: posts big blind $0.05
*** HOLE CARDS ***
Dealt to e6fac266 
Dealt to d620e3e4 
Dealt to 4b9df7dc 
Dealt to Hero [Qd 5s]
Dealt to 9d40bcde 
4b9df7dc: folds
Hero: folds
9d40bcde: folds
e6fac266: folds
Uncalled bet ($0.03) returned to d620e3e4
*** SHOWDOWN ***
d620e3e4 collected $0.04 from pot
*** SUMMARY ***
Total pot $0.04 | Rake $0 | Jackpot $0 | Bingo $0 | Fortune $0
Seat 1: e6fac266 (small blind) folded before Flop
Seat 2: d620e3e4 (big blind) collected ($0.04)
Seat 3: 4b9df7dc folded before Flop (didn't bet)
Seat 4: Hero folded before Flop (didn't bet)
Seat 5: 9d40bcde (button) folded before Flop (didn't bet)


Poker Hand #HD1184023567: Hold'em No Limit  ($0.02/$0.05) - 2023/03/31 21:47:01
Table 'NLHBlue20' 6-max Seat #4 is the button
Seat 1: e6fac266 ($5.41 in chips)
Seat 2: d620e3e4 ($8.35 in chips)
Seat 3: 4b9df7dc ($7.2 in chips)
Seat 4: Hero ($5 in chips)
Seat 5: 9d40bcde ($6.25 in chips)
9d40bcde: posts small blind $0.02
e6fac266: posts big blind $0.05
*** HOLE CARDS ***
Dealt to e6fac266 
Dealt to d620e3e4 
Dealt to 4b9df7dc 
Dealt to Hero [Kh 5d]
Dealt to 9d40bcde 
d620e3e4: folds
4b9df7dc: folds
Hero: folds
9d40bcde: folds
Uncalled bet ($0.03) returned to e6fac266
*** SHOWDOWN ***
e6fac266 collected $0.04 from pot
*** SUMMARY ***
Total pot $0.04 | Rake $0 | Jackpot $0 | Bingo $0 | Fortune $0
Seat 1: e6fac266 (big blind) collected ($0.04)
Seat 2: d620e3e4 folded before Flop (didn't bet)
Seat 3: 4b9df7dc folded before Flop (didn't bet)
Seat 4: Hero (button) folded before Flop (didn't bet)
Seat 5: 9d40bcde (small blind) folded before Flop


Poker Hand #HD1184023554: Hold'em No Limit  ($0.02/$0.05) - 2023/03/31 21:46:54
Table 'NLHBlue20' 6-max Seat #3 is the button
Seat 1: e6fac266 ($5.41 in chips)
Seat 2: d620e3e4 ($8.35 in chips)
Seat 3: 4b9df7dc ($7.2 in chips)
Seat 4: Hero ($5 in chips)
Seat 5: 9d40bcde ($6.23 in chips)
Seat 6: f7202101 ($9.3 in chips)
Hero: posts small blind $0.02
9d40bcde: posts big blind $0.05
*** HOLE CARDS ***
Dealt to e6fac266 
Dealt to d620e3e4 
Dealt to 4b9df7dc 
Dealt to Hero [9d 6h]
Dealt to 9d40bcde 
Dealt to f7202101 
f7202101: folds
e6fac266: folds
d620e3e4: folds
4b9df7dc: folds
Hero: folds
Uncalled bet ($0.03) returned to 9d40bcde
*** SHOWDOWN ***
9d40bcde collected $0.04 from pot
*** SUMMARY ***
Total pot $0.04 | Rake $0 | Jackpot $0 | Bingo $0 | Fortune $0
Seat 1: e6fac266 folded before Flop (didn't bet)
Seat 2: d620e3e4 folded before Flop (didn't bet)
Seat 3: 4b9df7dc (button) folded before Flop (didn't bet)
Seat 4: Hero (small blind) folded before Flop
Seat 5: 9d40bcde (big blind) collected ($0.04)
Seat 6: f7202101 folded before Flop (didn't bet)


Poker Hand #HD1184023452: Hold'em No Limit  ($0.02/$0.05) - 2023/03/31 21:45:59
Table 'NLHBlue20' 6-max Seat #2 is the button
Seat 1: e6fac266 ($5 in chips)
Seat 2: d620e3e4 ($8.73 in chips)
Seat 3: 4b9df7dc ($7.22 in chips)
Seat 4: Hero ($5 in chips)
Seat 5: 9d40bcde ($6.23 in chips)
Seat 6: f7202101 ($9.3 in chips)
4b9df7dc: posts small blind $0.02
Hero: posts big blind $0.05
*** HOLE CARDS ***
Dealt to e6fac266 
Dealt to d620e3e4 
Dealt to 4b9df7dc 
Dealt to Hero [6c 4h]
Dealt to 9d40bcde 
Dealt to f7202101 
9d40bcde: folds
f7202101: folds
e6fac266: raises $0.08 to $0.13
d620e3e4: raises $0.25 to $0.38
4b9df7dc: folds
Hero: folds
e6fac266: calls $0.25
*** FLOP *** [Th 5s 9h]
e6fac266: checks
d620e3e4: checks
*** TURN *** [Th 5s 9h] [Qh]
e6fac266: bets $0.83
d620e3e4: folds
Uncalled bet ($0.83) returned to e6fac266
*** SHOWDOWN ***
e6fac266 collected $0.79 from pot
*** SUMMARY ***
Total pot $0.83 | Rake $0.04 | Jackpot $0 | Bingo $0 | Fortune $0
Board [Th 5s 9h Qh]
Seat 1: e6fac266 won ($0.79)
Seat 2: d620e3e4 (button) folded on the Turn
Seat 3: 4b9df7dc (small blind) folded before Flop
Seat 4: Hero (big blind) folded before Flop
Seat 5: 9d40bcde folded before Flop (didn't bet)
Seat 6: f7202101 folded before Flop (didn't bet)


Poker Hand #HD1184023362: Hold'em No Limit  ($0.02/$0.05) - 2023/03/31 21:45:16
Table 'NLHBlue20' 6-max Seat #1 is the button
Seat 1: e6fac266 ($5 in chips)
Seat 2: d620e3e4 ($8.44 in chips)
Seat 3: 4b9df7dc ($7.27 in chips)
Seat 4: Hero ($5 in chips)
Seat 5: 9d40bcde ($6.23 in chips)
Seat 6: f7202101 ($9.3 in chips)
d620e3e4: posts small blind $0.02
4b9df7dc: posts big blind $0.05
*** HOLE CARDS ***
Dealt to e6fac266 
Dealt to d620e3e4 
Dealt to 4b9df7dc 
Dealt to Hero [Kc Ah]
Dealt to 9d40bcde 
Dealt to f7202101 
Hero: raises $0.07 to $0.12
9d40bcde: folds
f7202101: folds
e6fac266: folds
d620e3e4: calls $0.1
4b9df7dc: folds
*** FLOP *** [8h 5d 9d]
d620e3e4: checks
Hero: checks
*** TURN *** [8h 5d 9d] [8d]
d620e3e4: bets $0.15
Hero: calls $0.15
*** RIVER *** [8h 5d 9d 8d] [8c]
d620e3e4: bets $0.3
Hero: folds
Uncalled bet ($0.3) returned to d620e3e4
*** SHOWDOWN ***
d620e3e4 collected $0.56 from pot
*** SUMMARY ***
Total pot $0.59 | Rake $0.03 | Jackpot $0 | Bingo $0 | Fortune $0
Board [8h 5d 9d 8d 8c]
Seat 1: e6fac266 (button) folded before Flop (didn't bet)
Seat 2: d620e3e4 (small blind) won ($0.56)
Seat 3: 4b9df7dc (big blind) folded before Flop
Seat 4: Hero folded on the River
Seat 5: 9d40bcde folded before Flop (didn't bet)
Seat 6: f7202101 folded before Flop (didn't bet)


Poker Hand #HD1184023210: Hold'em No Limit  ($0.02/$0.05) - 2023/03/31 21:44:03
Table 'NLHBlue20' 6-max Seat #6 is the button
Seat 1: e6fac266 ($5.08 in chips)
Seat 2: d620e3e4 ($8.57 in chips)
Seat 3: 4b9df7dc ($7.27 in chips)
Seat 4: Hero ($5 in chips)
Seat 5: 9d40bcde ($6.23 in chips)
Seat 6: f7202101 ($8.79 in chips)
e6fac266: posts small blind $0.02
d620e3e4: posts big blind $0.05
*** HOLE CARDS ***
Dealt to e6fac266 
Dealt to d620e3e4 
Dealt to 4b9df7dc 
Dealt to Hero [9c 8s]
Dealt to 9d40bcde 
Dealt to f7202101 
4b9df7dc: folds
Hero: folds
9d40bcde: folds
f7202101: raises $0.08 to $0.13
e6fac266: calls $0.11
d620e3e4: calls $0.08
*** FLOP *** [2h 9d 5h]
e6fac266: checks
d620e3e4: checks
f7202101: checks
*** TURN *** [2h 9d 5h] [Jh]
e6fac266: bets $0.3
d620e3e4: folds
f7202101: raises $0.5 to $0.8
e6fac266: folds
Uncalled bet ($0.5) returned to f7202101
*** SHOWDOWN ***
f7202101 collected $0.94 from pot
*** SUMMARY ***
Total pot $0.99 | Rake $0.05 | Jackpot $0 | Bingo $0 | Fortune $0
Board [2h 9d 5h Jh]
Seat 1: e6fac266 (small blind) folded on the Turn
Seat 2: d620e3e4 (big blind) folded on the Turn
Seat 3: 4b9df7dc folded before Flop (didn't bet)
Seat 4: Hero folded before Flop (didn't bet)
Seat 5: 9d40bcde folded before Flop (didn't bet)
Seat 6: f7202101 (button) won ($0.94)


Poker Hand #HD1184023111: Hold'em No Limit  ($0.02/$0.05) - 2023/03/31 21:43:18
Table 'NLHBlue20' 6-max Seat #5 is the button
Seat 1: e6fac266 ($5.23 in chips)
Seat 2: d620e3e4 ($8.41 in chips)
Seat 3: 4b9df7dc ($7.27 in chips)
Seat 4: Hero ($5 in chips)
Seat 5: 9d40bcde ($6.23 in chips)
Seat 6: f7202101 ($8.81 in chips)
f7202101: posts small blind $0.02
e6fac266: posts big blind $0.05
*** HOLE CARDS ***
Dealt to e6fac266 
Dealt to d620e3e4 
Dealt to 4b9df7dc 
Dealt to Hero [Td 7s]
Dealt to 9d40bcde 
Dealt to f7202101 
d620e3e4: raises $0.1 to $0.15
4b9df7dc: folds
Hero: folds
9d40bcde: folds
f7202101: folds
e6fac266: calls $0.1
*** FLOP *** [Qd 4s 6d]
e6fac266: checks
d620e3e4: bets $0.24
e6fac266: folds
Uncalled bet ($0.24) returned to d620e3e4
*** SHOWDOWN ***
d620e3e4 collected $0.31 from pot
*** SUMMARY ***
Total pot $0.32 | Rake $0.01 | Jackpot $0 | Bingo $0 | Fortune $0
Board [Qd 4s 6d]
Seat 1: e6fac266 (big blind) folded on the Flop
Seat 2: d620e3e4 won ($0.31)
Seat 3: 4b9df7dc folded before Flop (didn't bet)
Seat 4: Hero folded before Flop (didn't bet)
Seat 5: 9d40bcde (button) folded before Flop (didn't bet)
Seat 6: f7202101 (small blind) folded before Flop


Poker Hand #HD1184023066: Hold'em No Limit  ($0.02/$0.05) - 2023/03/31 21:42:57
Table 'NLHBlue20' 6-max Seat #4 is the button
Seat 1: e6fac266 ($5.23 in chips)
Seat 2: d620e3e4 ($8.41 in chips)
Seat 3: 4b9df7dc ($7.27 in chips)
Seat 4: Hero ($5 in chips)
Seat 5: 9d40bcde ($6.25 in chips)
Seat 6: f7202101 ($8.79 in chips)
9d40bcde: posts small blind $0.02
f7202101: posts big blind $0.05
*** HOLE CARDS ***
Dealt to e6fac266 
Dealt to d620e3e4 
Dealt to 4b9df7dc 
Dealt to Hero [8h Js]
Dealt to 9d40bcde 
Dealt to f7202101 
e6fac266: folds
d620e3e4: folds
4b9df7dc: folds
Hero: folds
9d40bcde: folds
Uncalled bet ($0.03) returned to f7202101
*** SHOWDOWN ***
f7202101 collected $0.04 from pot
*** SUMMARY ***
Total pot $0.04 | Rake $0 | Jackpot $0 | Bingo $0 | Fortune $0
Seat 1: e6fac266 folded before Flop (didn't bet)
Seat 2: d620e3e4 folded before Flop (didn't bet)
Seat 3: 4b9df7dc folded before Flop (didn't bet)
Seat 4: Hero (button) folded before Flop (didn't bet)
Seat 5: 9d40bcde (small blind) folded before Flop
Seat 6: f7202101 (big blind) collected ($0.04)


Poker Hand #HD1184022976: Hold'em No Limit  ($0.02/$0.05) - 2023/03/31 21:42:18
Table 'NLHBlue20' 6-max Seat #3 is the button
Seat 1: e6fac266 ($5.23 in chips)
Seat 2: d620e3e4 ($8.41 in chips)
Seat 3: 4b9df7dc ($7.27 in chips)
Seat 4: Hero ($5 in chips)
Seat 5: 9d40bcde ($6.12 in chips)
Seat 6: f7202101 ($8.79 in chips)
Hero: posts small blind $0.02
9d40bcde: posts big blind $0.05
*** HOLE CARDS ***
Dealt to e6fac266 
Dealt to d620e3e4 
Dealt to 4b9df7dc 
Dealt to Hero [Qc 3c]
Dealt to 9d40bcde 
Dealt to f7202101 
f7202101: folds
e6fac266: folds
d620e3e4: folds
4b9df7dc: folds
Hero: raises $0.09 to $0.14
9d40bcde: raises $0.3 to $0.44
Hero: folds
Uncalled bet ($0.3) returned to 9d40bcde
*** SHOWDOWN ***
9d40bcde collected $0.27 from pot
*** SUMMARY ***
Total pot $0.28 | Rake $0.01 | Jackpot $0 | Bingo $0 | Fortune $0
Seat 1: e6fac266 folded before Flop (didn't bet)
Seat 2: d620e3e4 folded before Flop (didn't bet)
Seat 3: 4b9df7dc (button) folded before Flop (didn't bet)
Seat 4: Hero (small blind) folded before Flop
Seat 5: 9d40bcde (big blind) collected ($0.27)
Seat 6: f7202101 folded before Flop (didn't bet)


Poker Hand #HD1184022888: Hold'em No Limit  ($0.02/$0.05) - 2023/03/31 21:41:33
Table 'NLHBlue20' 6-max Seat #2 is the button
Seat 1: e6fac266 ($5 in chips)
Seat 2: d620e3e4 ($8.52 in chips)
Seat 3: 4b9df7dc ($7.29 in chips)
Seat 4: Hero ($5 in chips)
Seat 5: 9d40bcde ($6.12 in chips)
4b9df7dc: posts small blind $0.02
Hero: posts big blind $0.05
e6fac266: posts big blind $0.05
*** HOLE CARDS ***
Dealt to e6fac266 
Dealt to d620e3e4 
Dealt to 4b9df7dc 
Dealt to Hero [2h 2c]
Dealt to 9d40bcde 
9d40bcde: folds
e6fac266: raises $0.06 to $0.11
d620e3e4: calls $0.11
4b9df7dc: folds
Hero: calls $0.06
*** FLOP *** [Qh 9s As]
Hero: checks
e6fac266: bets $0.27
d620e3e4: folds
Hero: folds
Uncalled bet ($0.27) returned to e6fac266
*** SHOWDOWN ***
e6fac266 collected $0.34 from pot
*** SUMMARY ***
Total pot $0.35 | Rake $0.01 | Jackpot $0 | Bingo $0 | Fortune $0
Board [Qh 9s As]
Seat 1: e6fac266 won ($0.34)
Seat 2: d620e3e4 (button) folded on the Flop
Seat 3: 4b9df7dc (small blind) folded before Flop
Seat 4: Hero (big blind) folded on the Flop
Seat 5: 9d40bcde folded before Flop (didn't bet)


Poker Hand #HD1184022812: Hold'em No Limit  ($0.02/$0.05) - 2023/03/31 21:41:00
Table 'NLHBlue20' 6-max Seat #6 is the button
Seat 2: d620e3e4 ($8.54 in chips)
Seat 3: 4b9df7dc ($7.34 in chips)
Seat 4: Hero ($5 in chips)
Seat 5: 9d40bcde ($5.94 in chips)
Seat 6: f7202101 ($8.79 in chips)
d620e3e4: posts small blind $0.02
4b9df7dc: posts big blind $0.05
*** HOLE CARDS ***
Dealt to d620e3e4 
Dealt to 4b9df7dc 
Dealt to Hero [Tc As]
Dealt to 9d40bcde 
Dealt to f7202101 
Hero: raises $0.07 to $0.12
9d40bcde: raises $0.2 to $0.32
f7202101: folds
d620e3e4: folds
4b9df7dc: folds
Hero: folds
Uncalled bet ($0.2) returned to 9d40bcde
*** SHOWDOWN ***
9d40bcde collected $0.3 from pot
*** SUMMARY ***
Total pot $0.31 | Rake $0.01 | Jackpot $0 | Bingo $0 | Fortune $0
Seat 2: d620e3e4 (small blind) folded before Flop
Seat 3: 4b9df7dc (big blind) folded before Flop
Seat 4: Hero folded before Flop
Seat 5: 9d40bcde collected ($0.3)
Seat 6: f7202101 (button) folded before Flop (didn't bet)


Poker Hand #HD1184022762: Hold'em No Limit  ($0.02/$0.05) - 2023/03/31 21:40:34
Table 'NLHBlue20' 6-max Seat #5 is the button
Seat 2: d620e3e4 ($8.59 in chips)
Seat 3: 4b9df7dc ($7.34 in chips)
Seat 4: Hero ($5 in chips)
Seat 5: 9d40bcde ($5.94 in chips)
Seat 6: f7202101 ($8.74 in chips)
f7202101: posts small blind $0.02
d620e3e4: posts big blind $0.05
*** HOLE CARDS ***
Dealt to d620e3e4 
Dealt to 4b9df7dc 
Dealt to Hero [3c Th]
Dealt to 9d40bcde 
Dealt to f7202101 
4b9df7dc: folds
Hero: folds
9d40bcde: folds
f7202101: raises $0.1 to $0.15
d620e3e4: folds
Uncalled bet ($0.1) returned to f7202101
*** SHOWDOWN ***
f7202101 collected $0.1 from pot
*** SUMMARY ***
Total pot $0.1 | Rake $0 | Jackpot $0 | Bingo $0 | Fortune $0
Seat 2: d620e3e4 (big blind) folded before Flop
Seat 3: 4b9df7dc folded before Flop (didn't bet)
Seat 4: Hero folded before Flop (didn't bet)
Seat 5: 9d40bcde (button) folded before Flop (didn't bet)
Seat 6: f7202101 (small blind) collected ($0.1)


Poker Hand #HD1184022688: Hold'em No Limit  ($0.02/$0.05) - 2023/03/31 21:40:00
Table 'NLHBlue20' 6-max Seat #4 is the button
Seat 1: 2c63b0f ($5.04 in chips)
Seat 2: d620e3e4 ($8.52 in chips)
Seat 3: 4b9df7dc ($7.34 in chips)
Seat 4: Hero ($5 in chips)
Seat 5: 9d40bcde ($5.96 in chips)
Seat 6: f7202101 ($8.79 in chips)
9d40bcde: posts small blind $0.02
f7202101: posts big blind $0.05
*** HOLE CARDS ***
Dealt to 2c63b0f 
Dealt to d620e3e4 
Dealt to 4b9df7dc 
Dealt to Hero [4s 3d]
Dealt to 9d40bcde 
Dealt to f7202101 
2c63b0f: folds
d620e3e4: raises $0.05 to $0.1
4b9df7dc: folds
Hero: folds
9d40bcde: folds
f7202101: folds
Uncalled bet ($0.05) returned to d620e3e4
*** SHOWDOWN ***
d620e3e4 collected $0.12 from pot
*** SUMMARY ***
Total pot $0.12 | Rake $0 | Jackpot $0 | Bingo $0 | Fortune $0
Seat 1: 2c63b0f folded before Flop (didn't bet)
Seat 2: d620e3e4 collected ($0.12)
Seat 3: 4b9df7dc folded before Flop (didn't bet)
Seat 4: Hero (button) folded before Flop (didn't bet)
Seat 5: 9d40bcde (small blind) folded before Flop
Seat 6: f7202101 (big blind) folded before Flop


Poker Hand #HD1184022630: Hold'em No Limit  ($0.02/$0.05) - 2023/03/31 21:39:31
Table 'NLHBlue20' 6-max Seat #3 is the button
Seat 1: 2c63b0f ($5.04 in chips)
Seat 2: d620e3e4 ($8.52 in chips)
Seat 3: 4b9df7dc ($7.34 in chips)
Seat 4: Hero ($5.02 in chips)
Seat 5: 9d40bcde ($6.01 in chips)
Seat 6: f7202101 ($8.72 in chips)
Hero: posts small blind $0.02
9d40bcde: posts big blind $0.05
*** HOLE CARDS ***
Dealt to 2c63b0f 
Dealt to d620e3e4 
Dealt to 4b9df7dc 
Dealt to Hero [3s Ad]
Dealt to 9d40bcde 
Dealt to f7202101 
f7202101: raises $0.1 to $0.15
2c63b0f: folds
d620e3e4: folds
4b9df7dc: folds
Hero: folds
9d40bcde: folds
Uncalled bet ($0.1) returned to f7202101
*** SHOWDOWN ***
f7202101 collected $0.12 from pot
*** SUMMARY ***
Total pot $0.12 | Rake $0 | Jackpot $0 | Bingo $0 | Fortune $0
Seat 1: 2c63b0f folded before Flop (didn't bet)
Seat 2: d620e3e4 folded before Flop (didn't bet)
Seat 3: 4b9df7dc (button) folded before Flop (didn't bet)
Seat 4: Hero (small blind) folded before Flop
Seat 5: 9d40bcde (big blind) folded before Flop
Seat 6: f7202101 collected ($0.12)


Poker Hand #HD1184022603: Hold'em No Limit  ($0.02/$0.05) - 2023/03/31 21:39:16
Table 'NLHBlue20' 6-max Seat #2 is the button
Seat 1: 2c63b0f ($5.04 in chips)
Seat 2: d620e3e4 ($8.52 in chips)
Seat 3: 4b9df7dc ($7.36 in chips)
Seat 4: Hero ($5 in chips)
Seat 5: 9d40bcde ($6.01 in chips)
Seat 6: f7202101 ($8.72 in chips)
4b9df7dc: posts small blind $0.02
Hero: posts big blind $0.05
*** HOLE CARDS ***
Dealt to 2c63b0f 
Dealt to d620e3e4 
Dealt to 4b9df7dc 
Dealt to Hero [4s Th]
Dealt to 9d40bcde 
Dealt to f7202101 
9d40bcde: folds
f7202101: folds
2c63b0f: folds
d620e3e4: folds
4b9df7dc: folds
Uncalled bet ($0.03) returned to Hero
*** SHOWDOWN ***
Hero collected $0.04 from pot
*** SUMMARY ***
Total pot $0.04 | Rake $0 | Jackpot $0 | Bingo $0 | Fortune $0
Seat 1: 2c63b0f folded before Flop (didn't bet)
Seat 2: d620e3e4 (button) folded before Flop (didn't bet)
Seat 3: 4b9df7dc (small blind) folded before Flop
Seat 4: Hero (big blind) collected ($0.04)
Seat 5: 9d40bcde folded before Flop (didn't bet)
Seat 6: f7202101 folded before Flop (didn't bet)


