Poker Hand #HD1173116889: Hold'em No Limit  ($0.02/$0.05) - 2023/03/23 21:44:50
Table 'NLHBlue122' 6-max Seat #2 is the button
Seat 1: a2736da ($6.74 in chips)
Seat 2: ff10b42b ($5.03 in chips)
Seat 3: 7254d978 ($5 in chips)
Seat 4: 16d6f5a5 ($7.4 in chips)
Seat 5: Hero ($5 in chips)
7254d978: posts small blind $0.02
16d6f5a5: posts big blind $0.05
*** HOLE CARDS ***
Dealt to a2736da 
Dealt to ff10b42b 
Dealt to 7254d978 
Dealt to 16d6f5a5 
Dealt to Hero [Jh 3d]
Hero: folds
a2736da: folds
ff10b42b: folds
7254d978: folds
Uncalled bet ($0.03) returned to 16d6f5a5
*** SHOWDOWN ***
16d6f5a5 collected $0.04 from pot
*** SUMMARY ***
Total pot $0.04 | Rake $0 | Jackpot $0 | Bingo $0 | Fortune $0
Seat 1: a2736da folded before Flop (didn't bet)
Seat 2: ff10b42b (button) folded before Flop (didn't bet)
Seat 3: 7254d978 (small blind) folded before Flop
Seat 4: 16d6f5a5 (big blind) collected ($0.04)
Seat 5: Hero folded before Flop (didn't bet)


Poker Hand #HD1173116705: Hold'em No Limit  ($0.02/$0.05) - 2023/03/23 21:43:26
Table 'NLHBlue122' 6-max Seat #1 is the button
Seat 1: a2736da ($6.74 in chips)
Seat 2: ff10b42b ($5.05 in chips)
Seat 3: 7254d978 ($5 in chips)
Seat 4: 16d6f5a5 ($5.28 in chips)
Seat 5: Hero ($5.18 in chips)
Seat 6: e42957f6 ($6.75 in chips)
ff10b42b: posts small blind $0.02
7254d978: posts big blind $0.05
*** HOLE CARDS ***
Dealt to a2736da 
Dealt to ff10b42b 
Dealt to 7254d978 
Dealt to 16d6f5a5 
Dealt to Hero [Tc Th]
Dealt to e42957f6 
16d6f5a5: raises $0.08 to $0.13
Hero: raises $0.23 to $0.36
e42957f6: folds
a2736da: folds
ff10b42b: folds
7254d978: folds
16d6f5a5: calls $0.23
*** FLOP *** [5d 5c 9h]
16d6f5a5: checks
Hero: bets $0.27
16d6f5a5: calls $0.27
*** TURN *** [5d 5c 9h] [6d]
16d6f5a5: checks
Hero: checks
*** RIVER *** [5d 5c 9h 6d] [As]
16d6f5a5: bets $1.7
Hero: calls $1.7
16d6f5a5: shows [6h 6s] (Sixes Full over Fives)
Hero: shows [Tc Th] (Pair of Tens and Pair of Fives)
*** SHOWDOWN ***
16d6f5a5 collected $4.45 from pot
*** SUMMARY ***
Total pot $4.73 | Rake $0.23 | Jackpot $0.05 | Bingo $0 | Fortune $0
Board [5d 5c 9h 6d As]
Seat 1: a2736da (button) folded before Flop (didn't bet)
Seat 2: ff10b42b (small blind) folded before Flop
Seat 3: 7254d978 (big blind) folded before Flop
Seat 4: 16d6f5a5 showed [6h 6s] and won ($4.45) with Sixes Full over Fives
Seat 5: Hero showed [Tc Th] and lost with Pair of Tens and Pair of Fives
Seat 6: e42957f6 folded before Flop (didn't bet)


Poker Hand #HD1173116615: Hold'em No Limit  ($0.02/$0.05) - 2023/03/23 21:42:47
Table 'NLHBlue122' 6-max Seat #6 is the button
Seat 1: a2736da ($6.76 in chips)
Seat 2: ff10b42b ($5 in chips)
Seat 4: 16d6f5a5 ($5.28 in chips)
Seat 5: Hero ($5.18 in chips)
Seat 6: e42957f6 ($6.68 in chips)
a2736da: posts small blind $0.02
ff10b42b: posts big blind $0.05
*** HOLE CARDS ***
Dealt to a2736da 
Dealt to ff10b42b 
Dealt to 16d6f5a5 
Dealt to Hero [Kd 8c]
Dealt to e42957f6 
16d6f5a5: folds
Hero: folds
e42957f6: raises $0.08 to $0.13
a2736da: folds
ff10b42b: folds
Uncalled bet ($0.08) returned to e42957f6
*** SHOWDOWN ***
e42957f6 collected $0.12 from pot
*** SUMMARY ***
Total pot $0.12 | Rake $0 | Jackpot $0 | Bingo $0 | Fortune $0
Seat 1: a2736da (small blind) folded before Flop
Seat 2: ff10b42b (big blind) folded before Flop
Seat 4: 16d6f5a5 folded before Flop (didn't bet)
Seat 5: Hero folded before Flop (didn't bet)
Seat 6: e42957f6 (button) collected ($0.12)


Poker Hand #HD1173116479: Hold'em No Limit  ($0.02/$0.05) - 2023/03/23 21:41:51
Table 'NLHBlue122' 6-max Seat #5 is the button
Seat 1: a2736da ($6.81 in chips)
Seat 2: ff10b42b ($5.07 in chips)
Seat 3: 1219d581 ($5.56 in chips)
Seat 4: 16d6f5a5 ($5.28 in chips)
Seat 5: Hero ($5 in chips)
Seat 6: e42957f6 ($6.7 in chips)
e42957f6: posts small blind $0.02
a2736da: posts big blind $0.05
*** HOLE CARDS ***
Dealt to a2736da 
Dealt to ff10b42b 
Dealt to 1219d581 
Dealt to 16d6f5a5 
Dealt to Hero [Ad Qh]
Dealt to e42957f6 
ff10b42b: raises $0.07 to $0.12
1219d581: folds
16d6f5a5: folds
Hero: raises $0.24 to $0.36
e42957f6: folds
a2736da: folds
ff10b42b: folds
Uncalled bet ($0.24) returned to Hero
*** SHOWDOWN ***
Hero collected $0.3 from pot
*** SUMMARY ***
Total pot $0.31 | Rake $0.01 | Jackpot $0 | Bingo $0 | Fortune $0
Seat 1: a2736da (big blind) folded before Flop
Seat 2: ff10b42b folded before Flop
Seat 3: 1219d581 folded before Flop (didn't bet)
Seat 4: 16d6f5a5 folded before Flop (didn't bet)
Seat 5: Hero (button) collected ($0.3)
Seat 6: e42957f6 (small blind) folded before Flop


Poker Hand #HD1173116385: Hold'em No Limit  ($0.02/$0.05) - 2023/03/23 21:41:10
Table 'NLHBlue122' 6-max Seat #4 is the button
Seat 1: a2736da ($6.81 in chips)
Seat 2: ff10b42b ($5.07 in chips)
Seat 3: 1219d581 ($5.49 in chips)
Seat 4: 16d6f5a5 ($5.28 in chips)
Seat 5: Hero ($5.02 in chips)
Seat 6: e42957f6 ($6.75 in chips)
Hero: posts small blind $0.02
e42957f6: posts big blind $0.05
*** HOLE CARDS ***
Dealt to a2736da 
Dealt to ff10b42b 
Dealt to 1219d581 
Dealt to 16d6f5a5 
Dealt to Hero [3s 5d]
Dealt to e42957f6 
a2736da: folds
ff10b42b: folds
1219d581: raises $0.05 to $0.1
16d6f5a5: folds
Hero: folds
e42957f6: folds
Uncalled bet ($0.05) returned to 1219d581
*** SHOWDOWN ***
1219d581 collected $0.12 from pot
*** SUMMARY ***
Total pot $0.12 | Rake $0 | Jackpot $0 | Bingo $0 | Fortune $0
Seat 1: a2736da folded before Flop (didn't bet)
Seat 2: ff10b42b folded before Flop (didn't bet)
Seat 3: 1219d581 collected ($0.12)
Seat 4: 16d6f5a5 (button) folded before Flop (didn't bet)
Seat 5: Hero (small blind) folded before Flop
Seat 6: e42957f6 (big blind) folded before Flop


Poker Hand #HD1173116351: Hold'em No Limit  ($0.02/$0.05) - 2023/03/23 21:40:55
Table 'NLHBlue122' 6-max Seat #3 is the button
Seat 1: a2736da ($6.81 in chips)
Seat 2: ff10b42b ($5.07 in chips)
Seat 3: 1219d581 ($5.49 in chips)
Seat 4: 16d6f5a5 ($5.3 in chips)
Seat 5: Hero ($5 in chips)
Seat 6: e42957f6 ($6.75 in chips)
16d6f5a5: posts small blind $0.02
Hero: posts big blind $0.05
*** HOLE CARDS ***
Dealt to a2736da 
Dealt to ff10b42b 
Dealt to 1219d581 
Dealt to 16d6f5a5 
Dealt to Hero [Qh Ad]
Dealt to e42957f6 
e42957f6: folds
a2736da: folds
ff10b42b: folds
1219d581: folds
16d6f5a5: folds
Uncalled bet ($0.03) returned to Hero
*** SHOWDOWN ***
Hero collected $0.04 from pot
*** SUMMARY ***
Total pot $0.04 | Rake $0 | Jackpot $0 | Bingo $0 | Fortune $0
Seat 1: a2736da folded before Flop (didn't bet)
Seat 2: ff10b42b folded before Flop (didn't bet)
Seat 3: 1219d581 (button) folded before Flop (didn't bet)
Seat 4: 16d6f5a5 (small blind) folded before Flop
Seat 5: Hero (big blind) collected ($0.04)
Seat 6: e42957f6 folded before Flop (didn't bet)


Poker Hand #HD1173116288: Hold'em No Limit  ($0.02/$0.05) - 2023/03/23 21:40:26
Table 'NLHBlue122' 6-max Seat #2 is the button
Seat 1: a2736da ($6.63 in chips)
Seat 2: ff10b42b ($5.07 in chips)
Seat 3: 1219d581 ($5.51 in chips)
Seat 4: 16d6f5a5 ($5.35 in chips)
Seat 5: Hero ($5.07 in chips)
Seat 6: e42957f6 ($6.75 in chips)
1219d581: posts small blind $0.02
16d6f5a5: posts big blind $0.05
*** HOLE CARDS ***
Dealt to a2736da 
Dealt to ff10b42b 
Dealt to 1219d581 
Dealt to 16d6f5a5 
Dealt to Hero [Ad Js]
Dealt to e42957f6 
Hero: raises $0.07 to $0.12
e42957f6: folds
a2736da: raises $0.31 to $0.43
ff10b42b: folds
1219d581: folds
16d6f5a5: folds
Hero: folds
Uncalled bet ($0.31) returned to a2736da
*** SHOWDOWN ***
a2736da collected $0.3 from pot
*** SUMMARY ***
Total pot $0.31 | Rake $0.01 | Jackpot $0 | Bingo $0 | Fortune $0
Seat 1: a2736da collected ($0.3)
Seat 2: ff10b42b (button) folded before Flop (didn't bet)
Seat 3: 1219d581 (small blind) folded before Flop
Seat 4: 16d6f5a5 (big blind) folded before Flop
Seat 5: Hero folded before Flop
Seat 6: e42957f6 folded before Flop (didn't bet)


Poker Hand #HD1173116226: Hold'em No Limit  ($0.02/$0.05) - 2023/03/23 21:40:02
Table 'NLHBlue122' 6-max Seat #1 is the button
Seat 1: a2736da ($6.63 in chips)
Seat 2: ff10b42b ($5.09 in chips)
Seat 3: 1219d581 ($5.56 in chips)
Seat 4: 16d6f5a5 ($5.35 in chips)
Seat 5: Hero ($5 in chips)
Seat 6: e42957f6 ($6.75 in chips)
ff10b42b: posts small blind $0.02
1219d581: posts big blind $0.05
*** HOLE CARDS ***
Dealt to a2736da 
Dealt to ff10b42b 
Dealt to 1219d581 
Dealt to 16d6f5a5 
Dealt to Hero [Jh Ac]
Dealt to e42957f6 
16d6f5a5: folds
Hero: raises $0.07 to $0.12
e42957f6: folds
a2736da: folds
ff10b42b: folds
1219d581: folds
Uncalled bet ($0.07) returned to Hero
*** SHOWDOWN ***
Hero collected $0.12 from pot
*** SUMMARY ***
Total pot $0.12 | Rake $0 | Jackpot $0 | Bingo $0 | Fortune $0
Seat 1: a2736da (button) folded before Flop (didn't bet)
Seat 2: ff10b42b (small blind) folded before Flop
Seat 3: 1219d581 (big blind) folded before Flop
Seat 4: 16d6f5a5 folded before Flop (didn't bet)
Seat 5: Hero collected ($0.12)
Seat 6: e42957f6 folded before Flop (didn't bet)


Poker Hand #HD1173116201: Hold'em No Limit  ($0.02/$0.05) - 2023/03/23 21:39:52
Table 'NLHBlue122' 6-max Seat #6 is the button
Seat 1: a2736da ($6.65 in chips)
Seat 2: ff10b42b ($5.07 in chips)
Seat 3: 1219d581 ($5.56 in chips)
Seat 4: 16d6f5a5 ($5.35 in chips)
Seat 5: Hero ($5 in chips)
Seat 6: e42957f6 ($6.75 in chips)
a2736da: posts small blind $0.02
ff10b42b: posts big blind $0.05
*** HOLE CARDS ***
Dealt to a2736da 
Dealt to ff10b42b 
Dealt to 1219d581 
Dealt to 16d6f5a5 
Dealt to Hero [Td 5c]
Dealt to e42957f6 
1219d581: folds
16d6f5a5: folds
Hero: folds
e42957f6: folds
a2736da: folds
Uncalled bet ($0.03) returned to ff10b42b
*** SHOWDOWN ***
ff10b42b collected $0.04 from pot
*** SUMMARY ***
Total pot $0.04 | Rake $0 | Jackpot $0 | Bingo $0 | Fortune $0
Seat 1: a2736da (small blind) folded before Flop
Seat 2: ff10b42b (big blind) collected ($0.04)
Seat 3: 1219d581 folded before Flop (didn't bet)
Seat 4: 16d6f5a5 folded before Flop (didn't bet)
Seat 5: Hero folded before Flop (didn't bet)
Seat 6: e42957f6 (button) folded before Flop (didn't bet)


Poker Hand #HD1173116106: Hold'em No Limit  ($0.02/$0.05) - 2023/03/23 21:39:14
Table 'NLHBlue122' 6-max Seat #5 is the button
Seat 1: a2736da ($6.7 in chips)
Seat 2: ff10b42b ($5.07 in chips)
Seat 3: 1219d581 ($5.56 in chips)
Seat 4: 16d6f5a5 ($5.28 in chips)
Seat 5: Hero ($5 in chips)
Seat 6: e42957f6 ($6.77 in chips)
e42957f6: posts small blind $0.02
a2736da: posts big blind $0.05
*** HOLE CARDS ***
Dealt to a2736da 
Dealt to ff10b42b 
Dealt to 1219d581 
Dealt to 16d6f5a5 
Dealt to Hero [Qc 3c]
Dealt to e42957f6 
ff10b42b: folds
1219d581: folds
16d6f5a5: raises $0.08 to $0.13
Hero: folds
e42957f6: folds
a2736da: folds
Uncalled bet ($0.08) returned to 16d6f5a5
*** SHOWDOWN ***
16d6f5a5 collected $0.12 from pot
*** SUMMARY ***
Total pot $0.12 | Rake $0 | Jackpot $0 | Bingo $0 | Fortune $0
Seat 1: a2736da (big blind) folded before Flop
Seat 2: ff10b42b folded before Flop (didn't bet)
Seat 3: 1219d581 folded before Flop (didn't bet)
Seat 4: 16d6f5a5 collected ($0.12)
Seat 5: Hero (button) folded before Flop (didn't bet)
Seat 6: e42957f6 (small blind) folded before Flop


Poker Hand #HD1173116003: Hold'em No Limit  ($0.02/$0.05) - 2023/03/23 21:38:33
Table 'NLHBlue122' 6-max Seat #4 is the button
Seat 1: a2736da ($6.7 in chips)
Seat 2: ff10b42b ($5.07 in chips)
Seat 3: 1219d581 ($5.66 in chips)
Seat 4: 16d6f5a5 ($5.28 in chips)
Seat 5: Hero ($5 in chips)
Seat 6: e42957f6 ($6.66 in chips)
Hero: posts small blind $0.02
e42957f6: posts big blind $0.05
*** HOLE CARDS ***
Dealt to a2736da 
Dealt to ff10b42b 
Dealt to 1219d581 
Dealt to 16d6f5a5 
Dealt to Hero [3c Qh]
Dealt to e42957f6 
a2736da: folds
ff10b42b: folds
1219d581: raises $0.05 to $0.1
16d6f5a5: folds
Hero: folds
e42957f6: calls $0.05
*** FLOP *** [8c Qc Js]
e42957f6: checks
1219d581: checks
*** TURN *** [8c Qc Js] [7s]
e42957f6: checks
1219d581: checks
*** RIVER *** [8c Qc Js 7s] [2s]
e42957f6: checks
1219d581: checks
e42957f6: shows [4c 4s] (Pair of Fours)
1219d581: shows [3s 3h] (Pair of Treys)
*** SHOWDOWN ***
e42957f6 collected $0.21 from pot
*** SUMMARY ***
Total pot $0.22 | Rake $0.01 | Jackpot $0 | Bingo $0 | Fortune $0
Board [8c Qc Js 7s 2s]
Seat 1: a2736da folded before Flop (didn't bet)
Seat 2: ff10b42b folded before Flop (didn't bet)
Seat 3: 1219d581 showed [3s 3h] and lost with Pair of Treys
Seat 4: 16d6f5a5 (button) folded before Flop (didn't bet)
Seat 5: Hero (small blind) folded before Flop
Seat 6: e42957f6 (big blind) showed [4c 4s] and won ($0.21) with Pair of Fours


Poker Hand #HD1173115939: Hold'em No Limit  ($0.02/$0.05) - 2023/03/23 21:38:08
Table 'NLHBlue122' 6-max Seat #3 is the button
Seat 1: a2736da ($6.7 in chips)
Seat 2: ff10b42b ($5.07 in chips)
Seat 3: 1219d581 ($5.66 in chips)
Seat 4: 16d6f5a5 ($5.23 in chips)
Seat 5: Hero ($5 in chips)
Seat 6: e42957f6 ($6.66 in chips)
16d6f5a5: posts small blind $0.02
Hero: posts big blind $0.05
*** HOLE CARDS ***
Dealt to a2736da 
Dealt to ff10b42b 
Dealt to 1219d581 
Dealt to 16d6f5a5 
Dealt to Hero [5s Qd]
Dealt to e42957f6 
e42957f6: folds
a2736da: folds
ff10b42b: folds
1219d581: folds
16d6f5a5: raises $0.1 to $0.15
Hero: folds
Uncalled bet ($0.1) returned to 16d6f5a5
*** SHOWDOWN ***
16d6f5a5 collected $0.1 from pot
*** SUMMARY ***
Total pot $0.1 | Rake $0 | Jackpot $0 | Bingo $0 | Fortune $0
Seat 1: a2736da folded before Flop (didn't bet)
Seat 2: ff10b42b folded before Flop (didn't bet)
Seat 3: 1219d581 (button) folded before Flop (didn't bet)
Seat 4: 16d6f5a5 (small blind) collected ($0.1)
Seat 5: Hero (big blind) folded before Flop
Seat 6: e42957f6 folded before Flop (didn't bet)


Poker Hand #HD1173115798: Hold'em No Limit  ($0.02/$0.05) - 2023/03/23 21:37:03
Table 'NLHBlue122' 6-max Seat #2 is the button
Seat 1: a2736da ($6.7 in chips)
Seat 2: ff10b42b ($5.07 in chips)
Seat 3: 1219d581 ($5.78 in chips)
Seat 4: 16d6f5a5 ($5 in chips)
Seat 5: Hero ($5.05 in chips)
Seat 6: e42957f6 ($6.66 in chips)
1219d581: posts small blind $0.02
16d6f5a5: posts big blind $0.05
*** HOLE CARDS ***
Dealt to a2736da 
Dealt to ff10b42b 
Dealt to 1219d581 
Dealt to 16d6f5a5 
Dealt to Hero [Tc Ad]
Dealt to e42957f6 
Hero: raises $0.07 to $0.12
e42957f6: folds
a2736da: folds
ff10b42b: folds
1219d581: calls $0.1
16d6f5a5: calls $0.07
*** FLOP *** [5h 9c 5c]
1219d581: checks
16d6f5a5: checks
Hero: checks
*** TURN *** [5h 9c 5c] [Qh]
1219d581: checks
16d6f5a5: checks
Hero: checks
*** RIVER *** [5h 9c 5c Qh] [9h]
1219d581: checks
16d6f5a5: bets $0.2
Hero: folds
1219d581: folds
Uncalled bet ($0.2) returned to 16d6f5a5
*** SHOWDOWN ***
16d6f5a5 collected $0.35 from pot
*** SUMMARY ***
Total pot $0.36 | Rake $0.01 | Jackpot $0 | Bingo $0 | Fortune $0
Board [5h 9c 5c Qh 9h]
Seat 1: a2736da folded before Flop (didn't bet)
Seat 2: ff10b42b (button) folded before Flop (didn't bet)
Seat 3: 1219d581 (small blind) folded on the River
Seat 4: 16d6f5a5 (big blind) won ($0.35)
Seat 5: Hero folded on the River
Seat 6: e42957f6 folded before Flop (didn't bet)


Poker Hand #HD1173115725: Hold'em No Limit  ($0.02/$0.05) - 2023/03/23 21:36:38
Table 'NLHBlue122' 6-max Seat #1 is the button
Seat 1: a2736da ($6.63 in chips)
Seat 2: ff10b42b ($5.09 in chips)
Seat 3: 1219d581 ($5.83 in chips)
Seat 5: Hero ($5.05 in chips)
Seat 6: e42957f6 ($6.66 in chips)
ff10b42b: posts small blind $0.02
1219d581: posts big blind $0.05
*** HOLE CARDS ***
Dealt to a2736da 
Dealt to ff10b42b 
Dealt to 1219d581 
Dealt to Hero [7d Ah]
Dealt to e42957f6 
Hero: folds
e42957f6: folds
a2736da: raises $0.07 to $0.12
ff10b42b: folds
1219d581: folds
Uncalled bet ($0.07) returned to a2736da
*** SHOWDOWN ***
a2736da collected $0.12 from pot
*** SUMMARY ***
Total pot $0.12 | Rake $0 | Jackpot $0 | Bingo $0 | Fortune $0
Seat 1: a2736da (button) collected ($0.12)
Seat 2: ff10b42b (small blind) folded before Flop
Seat 3: 1219d581 (big blind) folded before Flop
Seat 5: Hero folded before Flop (didn't bet)
Seat 6: e42957f6 folded before Flop (didn't bet)


Poker Hand #HD1173115701: Hold'em No Limit  ($0.02/$0.05) - 2023/03/23 21:36:27
Table 'NLHBlue122' 6-max Seat #6 is the button
Seat 1: a2736da ($6.65 in chips)
Seat 2: ff10b42b ($5.07 in chips)
Seat 3: 1219d581 ($5.83 in chips)
Seat 5: Hero ($5.05 in chips)
Seat 6: e42957f6 ($6.66 in chips)
a2736da: posts small blind $0.02
ff10b42b: posts big blind $0.05
*** HOLE CARDS ***
Dealt to a2736da 
Dealt to ff10b42b 
Dealt to 1219d581 
Dealt to Hero [6h 5s]
Dealt to e42957f6 
1219d581: folds
Hero: folds
e42957f6: folds
a2736da: folds
Uncalled bet ($0.03) returned to ff10b42b
*** SHOWDOWN ***
ff10b42b collected $0.04 from pot
*** SUMMARY ***
Total pot $0.04 | Rake $0 | Jackpot $0 | Bingo $0 | Fortune $0
Seat 1: a2736da (small blind) folded before Flop
Seat 2: ff10b42b (big blind) collected ($0.04)
Seat 3: 1219d581 folded before Flop (didn't bet)
Seat 5: Hero folded before Flop (didn't bet)
Seat 6: e42957f6 (button) folded before Flop (didn't bet)


Poker Hand #HD1173045634: Hold'em No Limit  ($0.02/$0.05) - 2023/03/23 21:36:00
Table 'NLHBlue122' 6-max Seat #5 is the button
Seat 1: a2736da ($6.7 in chips)
Seat 2: ff10b42b ($5 in chips)
Seat 3: 1219d581 ($5.83 in chips)
Seat 5: Hero ($5.05 in chips)
Seat 6: e42957f6 ($6.68 in chips)
e42957f6: posts small blind $0.02
a2736da: posts big blind $0.05
*** HOLE CARDS ***
Dealt to a2736da 
Dealt to ff10b42b 
Dealt to 1219d581 
Dealt to Hero [5c Qh]
Dealt to e42957f6 
ff10b42b: raises $0.07 to $0.12
1219d581: folds
Hero: folds
e42957f6: folds
a2736da: folds
Uncalled bet ($0.07) returned to ff10b42b
*** SHOWDOWN ***
ff10b42b collected $0.12 from pot
*** SUMMARY ***
Total pot $0.12 | Rake $0 | Jackpot $0 | Bingo $0 | Fortune $0
Seat 1: a2736da (big blind) folded before Flop
Seat 2: ff10b42b collected ($0.12)
Seat 3: 1219d581 folded before Flop (didn't bet)
Seat 5: Hero (button) folded before Flop (didn't bet)
Seat 6: e42957f6 (small blind) folded before Flop


Poker Hand #HD1173045578: Hold'em No Limit  ($0.02/$0.05) - 2023/03/23 21:35:39
Table 'NLHBlue122' 6-max Seat #3 is the button
Seat 1: a2736da ($6.63 in chips)
Seat 2: ff10b42b ($5 in chips)
Seat 3: 1219d581 ($5.83 in chips)
Seat 4: e3d165ac ($4.8 in chips)
Seat 5: Hero ($5 in chips)
Seat 6: e42957f6 ($6.68 in chips)
e3d165ac: posts small blind $0.02
Hero: posts big blind $0.05
*** HOLE CARDS ***
Dealt to a2736da 
Dealt to ff10b42b 
Dealt to 1219d581 
Dealt to e3d165ac 
Dealt to Hero [2d 4c]
Dealt to e42957f6 
e42957f6: folds
a2736da: raises $0.07 to $0.12
ff10b42b: folds
1219d581: folds
e3d165ac: folds
Hero: folds
Uncalled bet ($0.07) returned to a2736da
*** SHOWDOWN ***
a2736da collected $0.12 from pot
*** SUMMARY ***
Total pot $0.12 | Rake $0 | Jackpot $0 | Bingo $0 | Fortune $0
Seat 1: a2736da collected ($0.12)
Seat 2: ff10b42b folded before Flop (didn't bet)
Seat 3: 1219d581 (button) folded before Flop (didn't bet)
Seat 4: e3d165ac (small blind) folded before Flop
Seat 5: Hero (big blind) folded before Flop
Seat 6: e42957f6 folded before Flop (didn't bet)


Poker Hand #HD1173045540: Hold'em No Limit  ($0.02/$0.05) - 2023/03/23 21:35:21
Table 'NLHBlue122' 6-max Seat #2 is the button
Seat 1: a2736da ($6.63 in chips)
Seat 2: ff10b42b ($5 in chips)
Seat 3: 1219d581 ($5.85 in chips)
Seat 4: e3d165ac ($4.78 in chips)
Seat 5: Hero ($5 in chips)
Seat 6: e42957f6 ($6.68 in chips)
1219d581: posts small blind $0.02
e3d165ac: posts big blind $0.05
*** HOLE CARDS ***
Dealt to a2736da 
Dealt to ff10b42b 
Dealt to 1219d581 
Dealt to e3d165ac 
Dealt to Hero [Qd 3d]
Dealt to e42957f6 
Hero: folds
e42957f6: folds
a2736da: folds
ff10b42b: folds
1219d581: folds
Uncalled bet ($0.03) returned to e3d165ac
*** SHOWDOWN ***
e3d165ac collected $0.04 from pot
*** SUMMARY ***
Total pot $0.04 | Rake $0 | Jackpot $0 | Bingo $0 | Fortune $0
Seat 1: a2736da folded before Flop (didn't bet)
Seat 2: ff10b42b (button) folded before Flop (didn't bet)
Seat 3: 1219d581 (small blind) folded before Flop
Seat 4: e3d165ac (big blind) collected ($0.04)
Seat 5: Hero folded before Flop (didn't bet)
Seat 6: e42957f6 folded before Flop (didn't bet)


Poker Hand #HD1173045393: Hold'em No Limit  ($0.02/$0.05) - 2023/03/23 21:34:28
Table 'NLHBlue122' 6-max Seat #1 is the button
Seat 1: a2736da ($6.63 in chips)
Seat 2: ff10b42b ($5 in chips)
Seat 3: 1219d581 ($5.9 in chips)
Seat 4: e3d165ac ($4.78 in chips)
Seat 5: Hero ($5 in chips)
Seat 6: e42957f6 ($6.5 in chips)
ff10b42b: posts small blind $0.02
1219d581: posts big blind $0.05
*** HOLE CARDS ***
Dealt to a2736da 
Dealt to ff10b42b 
Dealt to 1219d581 
Dealt to e3d165ac 
Dealt to Hero [As 6c]
Dealt to e42957f6 
e3d165ac: folds
Hero: folds
e42957f6: raises $0.09 to $0.14
a2736da: folds
ff10b42b: calls $0.12
1219d581: folds
*** FLOP *** [8h Tc 2h]
ff10b42b: checks
e42957f6: checks
*** TURN *** [8h Tc 2h] [5d]
ff10b42b: checks
e42957f6: checks
*** RIVER *** [8h Tc 2h 5d] [2d]
ff10b42b: checks
e42957f6: checks
ff10b42b: shows [Qs Js] (Pair of Twos)
e42957f6: shows [Ac 4c] (Pair of Twos)
*** SHOWDOWN ***
e42957f6 collected $0.32 from pot
*** SUMMARY ***
Total pot $0.33 | Rake $0.01 | Jackpot $0 | Bingo $0 | Fortune $0
Board [8h Tc 2h 5d 2d]
Seat 1: a2736da (button) folded before Flop (didn't bet)
Seat 2: ff10b42b (small blind) showed [Qs Js] and lost with Pair of Twos
Seat 3: 1219d581 (big blind) folded before Flop
Seat 4: e3d165ac folded before Flop (didn't bet)
Seat 5: Hero folded before Flop (didn't bet)
Seat 6: e42957f6 showed [Ac 4c] and won ($0.32) with Pair of Twos


Poker Hand #HD1173045257: Hold'em No Limit  ($0.02/$0.05) - 2023/03/23 21:33:28
Table 'NLHBlue122' 6-max Seat #6 is the button
Seat 1: a2736da ($6.49 in chips)
Seat 2: ff10b42b ($5 in chips)
Seat 3: 1219d581 ($6 in chips)
Seat 4: e3d165ac ($4.78 in chips)
Seat 5: Hero ($5 in chips)
Seat 6: e42957f6 ($6.5 in chips)
a2736da: posts small blind $0.02
ff10b42b: posts big blind $0.05
*** HOLE CARDS ***
Dealt to a2736da 
Dealt to ff10b42b 
Dealt to 1219d581 
Dealt to e3d165ac 
Dealt to Hero [9h 5h]
Dealt to e42957f6 
1219d581: raises $0.05 to $0.1
e3d165ac: folds
Hero: folds
e42957f6: folds
a2736da: calls $0.08
ff10b42b: folds
*** FLOP *** [6c 5c 6s]
a2736da: checks
1219d581: checks
*** TURN *** [6c 5c 6s] [3s]
a2736da: checks
1219d581: checks
*** RIVER *** [6c 5c 6s 3s] [4c]
a2736da: checks
1219d581: checks
a2736da: shows [2s 2c] (Sixes-High Straight)
1219d581: shows [Kd Jd] (Pair of Sixes)
*** SHOWDOWN ***
a2736da collected $0.24 from pot
*** SUMMARY ***
Total pot $0.25 | Rake $0.01 | Jackpot $0 | Bingo $0 | Fortune $0
Board [6c 5c 6s 3s 4c]
Seat 1: a2736da (small blind) showed [2s 2c] and won ($0.24) with Sixes-High Straight
Seat 2: ff10b42b (big blind) folded before Flop
Seat 3: 1219d581 showed [Kd Jd] and lost with Pair of Sixes
Seat 4: e3d165ac folded before Flop (didn't bet)
Seat 5: Hero folded before Flop (didn't bet)
Seat 6: e42957f6 (button) folded before Flop (didn't bet)


Poker Hand #HD1173045220: Hold'em No Limit  ($0.02/$0.05) - 2023/03/23 21:33:11
Table 'NLHBlue122' 6-max Seat #5 is the button
Seat 1: a2736da ($6.54 in chips)
Seat 2: ff10b42b ($5 in chips)
Seat 3: 1219d581 ($5.93 in chips)
Seat 4: e3d165ac ($4.78 in chips)
Seat 5: Hero ($5 in chips)
Seat 6: e42957f6 ($6.52 in chips)
e42957f6: posts small blind $0.02
a2736da: posts big blind $0.05
*** HOLE CARDS ***
Dealt to a2736da 
Dealt to ff10b42b 
Dealt to 1219d581 
Dealt to e3d165ac 
Dealt to Hero [Ad 5s]
Dealt to e42957f6 
ff10b42b: folds
1219d581: raises $0.1 to $0.15
e3d165ac: folds
Hero: folds
e42957f6: folds
a2736da: folds
Uncalled bet ($0.1) returned to 1219d581
*** SHOWDOWN ***
1219d581 collected $0.12 from pot
*** SUMMARY ***
Total pot $0.12 | Rake $0 | Jackpot $0 | Bingo $0 | Fortune $0
Seat 1: a2736da (big blind) folded before Flop
Seat 2: ff10b42b folded before Flop (didn't bet)
Seat 3: 1219d581 collected ($0.12)
Seat 4: e3d165ac folded before Flop (didn't bet)
Seat 5: Hero (button) folded before Flop (didn't bet)
Seat 6: e42957f6 (small blind) folded before Flop


Poker Hand #HD1173045167: Hold'em No Limit  ($0.02/$0.05) - 2023/03/23 21:32:51
Table 'NLHBlue122' 6-max Seat #4 is the button
Seat 1: a2736da ($6.54 in chips)
Seat 2: ff10b42b ($5 in chips)
Seat 3: 1219d581 ($5.93 in chips)
Seat 4: e3d165ac ($4.78 in chips)
Seat 5: Hero ($5.02 in chips)
Seat 6: e42957f6 ($6.5 in chips)
Hero: posts small blind $0.02
e42957f6: posts big blind $0.05
*** HOLE CARDS ***
Dealt to a2736da 
Dealt to ff10b42b 
Dealt to 1219d581 
Dealt to e3d165ac 
Dealt to Hero [2h Td]
Dealt to e42957f6 
a2736da: folds
ff10b42b: folds
1219d581: folds
e3d165ac: folds
Hero: folds
Uncalled bet ($0.03) returned to e42957f6
*** SHOWDOWN ***
e42957f6 collected $0.04 from pot
*** SUMMARY ***
Total pot $0.04 | Rake $0 | Jackpot $0 | Bingo $0 | Fortune $0
Seat 1: a2736da folded before Flop (didn't bet)
Seat 2: ff10b42b folded before Flop (didn't bet)
Seat 3: 1219d581 folded before Flop (didn't bet)
Seat 4: e3d165ac (button) folded before Flop (didn't bet)
Seat 5: Hero (small blind) folded before Flop
Seat 6: e42957f6 (big blind) collected ($0.04)


Poker Hand #HD1173045124: Hold'em No Limit  ($0.02/$0.05) - 2023/03/23 21:32:31
Table 'NLHBlue122' 6-max Seat #3 is the button
Seat 1: a2736da ($6.54 in chips)
Seat 2: ff10b42b ($5 in chips)
Seat 3: 1219d581 ($5.86 in chips)
Seat 4: e3d165ac ($4.8 in chips)
Seat 5: Hero ($5.07 in chips)
Seat 6: e42957f6 ($6.5 in chips)
e3d165ac: posts small blind $0.02
Hero: posts big blind $0.05
*** HOLE CARDS ***
Dealt to a2736da 
Dealt to ff10b42b 
Dealt to 1219d581 
Dealt to e3d165ac 
Dealt to Hero [5d Th]
Dealt to e42957f6 
e42957f6: folds
a2736da: folds
ff10b42b: folds
1219d581: raises $0.05 to $0.1
e3d165ac: folds
Hero: folds
Uncalled bet ($0.05) returned to 1219d581
*** SHOWDOWN ***
1219d581 collected $0.12 from pot
*** SUMMARY ***
Total pot $0.12 | Rake $0 | Jackpot $0 | Bingo $0 | Fortune $0
Seat 1: a2736da folded before Flop (didn't bet)
Seat 2: ff10b42b folded before Flop (didn't bet)
Seat 3: 1219d581 (button) collected ($0.12)
Seat 4: e3d165ac (small blind) folded before Flop
Seat 5: Hero (big blind) folded before Flop
Seat 6: e42957f6 folded before Flop (didn't bet)


Poker Hand #HD1173044994: Hold'em No Limit  ($0.02/$0.05) - 2023/03/23 21:31:32
Table 'NLHBlue122' 6-max Seat #2 is the button
Seat 1: a2736da ($6.54 in chips)
Seat 2: ff10b42b ($5 in chips)
Seat 3: 1219d581 ($5.26 in chips)
Seat 4: e3d165ac ($5.48 in chips)
Seat 5: Hero ($5.07 in chips)
Seat 6: e42957f6 ($6.5 in chips)
1219d581: posts small blind $0.02
e3d165ac: posts big blind $0.05
*** HOLE CARDS ***
Dealt to a2736da 
Dealt to ff10b42b 
Dealt to 1219d581 
Dealt to e3d165ac 
Dealt to Hero [6s 8s]
Dealt to e42957f6 
Hero: folds
e42957f6: folds
a2736da: folds
ff10b42b: folds
1219d581: raises $0.05 to $0.1
e3d165ac: calls $0.05
*** FLOP *** [9h Kd Jc]
1219d581: checks
e3d165ac: checks
*** TURN *** [9h Kd Jc] [Ah]
1219d581: bets $0.16
e3d165ac: calls $0.16
*** RIVER *** [9h Kd Jc Ah] [Td]
1219d581: bets $0.42
e3d165ac: calls $0.42
1219d581: shows [7c Qh] (Aces-High Straight)
e3d165ac: shows [As 6c] (Pair of Aces)
*** SHOWDOWN ***
1219d581 collected $1.28 from pot
*** SUMMARY ***
Total pot $1.36 | Rake $0.08 | Jackpot $0 | Bingo $0 | Fortune $0
Board [9h Kd Jc Ah Td]
Seat 1: a2736da folded before Flop (didn't bet)
Seat 2: ff10b42b (button) folded before Flop (didn't bet)
Seat 3: 1219d581 (small blind) showed [7c Qh] and won ($1.28) with Aces-High Straight
Seat 4: e3d165ac (big blind) showed [As 6c] and lost with Pair of Aces
Seat 5: Hero folded before Flop (didn't bet)
Seat 6: e42957f6 folded before Flop (didn't bet)


Poker Hand #HD1173044897: Hold'em No Limit  ($0.02/$0.05) - 2023/03/23 21:30:53
Table 'NLHBlue122' 6-max Seat #1 is the button
Seat 1: a2736da ($6.54 in chips)
Seat 2: ff10b42b ($5.02 in chips)
Seat 3: 1219d581 ($5.13 in chips)
Seat 4: e3d165ac ($5.48 in chips)
Seat 5: Hero ($5.07 in chips)
Seat 6: e42957f6 ($6.62 in chips)
ff10b42b: posts small blind $0.02
1219d581: posts big blind $0.05
*** HOLE CARDS ***
Dealt to a2736da 
Dealt to ff10b42b 
Dealt to 1219d581 
Dealt to e3d165ac 
Dealt to Hero [Kh 6h]
Dealt to e42957f6 
e3d165ac: folds
Hero: folds
e42957f6: raises $0.07 to $0.12
a2736da: folds
ff10b42b: folds
1219d581: calls $0.07
*** FLOP *** [8h Th 5s]
1219d581: checks
e42957f6: checks
*** TURN *** [8h Th 5s] [4h]
1219d581: bets $0.21
e42957f6: folds
Uncalled bet ($0.21) returned to 1219d581
*** SHOWDOWN ***
1219d581 collected $0.25 from pot
*** SUMMARY ***
Total pot $0.26 | Rake $0.01 | Jackpot $0 | Bingo $0 | Fortune $0
Board [8h Th 5s 4h]
Seat 1: a2736da (button) folded before Flop (didn't bet)
Seat 2: ff10b42b (small blind) folded before Flop
Seat 3: 1219d581 (big blind) won ($0.25)
Seat 4: e3d165ac folded before Flop (didn't bet)
Seat 5: Hero folded before Flop (didn't bet)
Seat 6: e42957f6 folded on the Turn


Poker Hand #HD1173044874: Hold'em No Limit  ($0.02/$0.05) - 2023/03/23 21:30:42
Table 'NLHBlue122' 6-max Seat #6 is the button
Seat 1: a2736da ($6.56 in chips)
Seat 2: ff10b42b ($5 in chips)
Seat 3: 1219d581 ($5.13 in chips)
Seat 4: e3d165ac ($5.48 in chips)
Seat 5: Hero ($5.07 in chips)
Seat 6: e42957f6 ($6.62 in chips)
a2736da: posts small blind $0.02
ff10b42b: posts big blind $0.05
*** HOLE CARDS ***
Dealt to a2736da 
Dealt to ff10b42b 
Dealt to 1219d581 
Dealt to e3d165ac 
Dealt to Hero [8s 5h]
Dealt to e42957f6 
1219d581: folds
e3d165ac: folds
Hero: folds
e42957f6: folds
a2736da: folds
Uncalled bet ($0.03) returned to ff10b42b
*** SHOWDOWN ***
ff10b42b collected $0.04 from pot
*** SUMMARY ***
Total pot $0.04 | Rake $0 | Jackpot $0 | Bingo $0 | Fortune $0
Seat 1: a2736da (small blind) folded before Flop
Seat 2: ff10b42b (big blind) collected ($0.04)
Seat 3: 1219d581 folded before Flop (didn't bet)
Seat 4: e3d165ac folded before Flop (didn't bet)
Seat 5: Hero folded before Flop (didn't bet)
Seat 6: e42957f6 (button) folded before Flop (didn't bet)


Poker Hand #HD1173044812: Hold'em No Limit  ($0.02/$0.05) - 2023/03/23 21:30:12
Table 'NLHBlue122' 6-max Seat #5 is the button
Seat 1: a2736da ($6.61 in chips)
Seat 3: 1219d581 ($5.13 in chips)
Seat 4: e3d165ac ($5.61 in chips)
Seat 5: Hero ($5.07 in chips)
Seat 6: e42957f6 ($6.45 in chips)
e42957f6: posts small blind $0.02
a2736da: posts big blind $0.05
*** HOLE CARDS ***
Dealt to a2736da 
Dealt to 1219d581 
Dealt to e3d165ac 
Dealt to Hero [Qd Th]
Dealt to e42957f6 
1219d581: folds
e3d165ac: raises $0.08 to $0.13
Hero: folds
e42957f6: raises $0.31 to $0.44
a2736da: folds
e3d165ac: folds
Uncalled bet ($0.31) returned to e42957f6
*** SHOWDOWN ***
e42957f6 collected $0.3 from pot
*** SUMMARY ***
Total pot $0.31 | Rake $0.01 | Jackpot $0 | Bingo $0 | Fortune $0
Seat 1: a2736da (big blind) folded before Flop
Seat 3: 1219d581 folded before Flop (didn't bet)
Seat 4: e3d165ac folded before Flop
Seat 5: Hero (button) folded before Flop (didn't bet)
Seat 6: e42957f6 (small blind) collected ($0.3)


Poker Hand #HD1173044768: Hold'em No Limit  ($0.02/$0.05) - 2023/03/23 21:29:53
Table 'NLHBlue122' 6-max Seat #4 is the button
Seat 1: a2736da ($6.61 in chips)
Seat 3: 1219d581 ($5.13 in chips)
Seat 4: e3d165ac ($5.61 in chips)
Seat 5: Hero ($5.02 in chips)
Seat 6: e42957f6 ($6.5 in chips)
Hero: posts small blind $0.02
e42957f6: posts big blind $0.05
*** HOLE CARDS ***
Dealt to a2736da 
Dealt to 1219d581 
Dealt to e3d165ac 
Dealt to Hero [Kh 9d]
Dealt to e42957f6 
a2736da: folds
1219d581: folds
e3d165ac: folds
Hero: raises $0.09 to $0.14
e42957f6: folds
Uncalled bet ($0.09) returned to Hero
*** SHOWDOWN ***
Hero collected $0.1 from pot
*** SUMMARY ***
Total pot $0.1 | Rake $0 | Jackpot $0 | Bingo $0 | Fortune $0
Seat 1: a2736da folded before Flop (didn't bet)
Seat 3: 1219d581 folded before Flop (didn't bet)
Seat 4: e3d165ac (button) folded before Flop (didn't bet)
Seat 5: Hero (small blind) collected ($0.1)
Seat 6: e42957f6 (big blind) folded before Flop


Poker Hand #HD1173044721: Hold'em No Limit  ($0.02/$0.05) - 2023/03/23 21:29:32
Table 'NLHBlue122' 6-max Seat #3 is the button
Seat 1: a2736da ($6.61 in chips)
Seat 3: 1219d581 ($5.13 in chips)
Seat 4: e3d165ac ($5.63 in chips)
Seat 5: Hero ($5.07 in chips)
Seat 6: e42957f6 ($6.43 in chips)
e3d165ac: posts small blind $0.02
Hero: posts big blind $0.05
*** HOLE CARDS ***
Dealt to a2736da 
Dealt to 1219d581 
Dealt to e3d165ac 
Dealt to Hero [4c Tc]
Dealt to e42957f6 
e42957f6: raises $0.11 to $0.16
a2736da: folds
1219d581: folds
e3d165ac: folds
Hero: folds
Uncalled bet ($0.11) returned to e42957f6
*** SHOWDOWN ***
e42957f6 collected $0.12 from pot
*** SUMMARY ***
Total pot $0.12 | Rake $0 | Jackpot $0 | Bingo $0 | Fortune $0
Seat 1: a2736da folded before Flop (didn't bet)
Seat 3: 1219d581 (button) folded before Flop (didn't bet)
Seat 4: e3d165ac (small blind) folded before Flop
Seat 5: Hero (big blind) folded before Flop
Seat 6: e42957f6 collected ($0.12)


Poker Hand #HD1173044642: Hold'em No Limit  ($0.02/$0.05) - 2023/03/23 21:28:58
Table 'NLHBlue122' 6-max Seat #2 is the button
Seat 1: a2736da ($5.72 in chips)
Seat 2: 2806bed6 ($3.3 in chips)
Seat 3: 1219d581 ($5.15 in chips)
Seat 4: e3d165ac ($5.68 in chips)
Seat 5: Hero ($5.07 in chips)
Seat 6: e42957f6 ($6.43 in chips)
1219d581: posts small blind $0.02
e3d165ac: posts big blind $0.05
*** HOLE CARDS ***
Dealt to a2736da 
Dealt to 2806bed6 
Dealt to 1219d581 
Dealt to e3d165ac 
Dealt to Hero [6d 8h]
Dealt to e42957f6 
Hero: folds
e42957f6: folds
a2736da: raises $0.07 to $0.12
2806bed6: calls $0.12
1219d581: folds
e3d165ac: folds
*** FLOP *** [9c 5c 2s]
a2736da: bets $0.24
2806bed6: calls $0.24
*** TURN *** [9c 5c 2s] [8s]
a2736da: bets $0.6
2806bed6: calls $0.6
*** RIVER *** [9c 5c 2s 8s] [Ah]
a2736da: bets $1.5
2806bed6: folds
Uncalled bet ($1.5) returned to a2736da
*** SHOWDOWN ***
a2736da collected $1.85 from pot
*** SUMMARY ***
Total pot $1.99 | Rake $0.09 | Jackpot $0.05 | Bingo $0 | Fortune $0
Board [9c 5c 2s 8s Ah]
Seat 1: a2736da won ($1.85)
Seat 2: 2806bed6 (button) folded on the River
Seat 3: 1219d581 (small blind) folded before Flop
Seat 4: e3d165ac (big blind) folded before Flop
Seat 5: Hero folded before Flop (didn't bet)
Seat 6: e42957f6 folded before Flop (didn't bet)


Poker Hand #HD1173044604: Hold'em No Limit  ($0.02/$0.05) - 2023/03/23 21:28:42
Table 'NLHBlue122' 6-max Seat #1 is the button
Seat 1: a2736da ($5.72 in chips)
Seat 2: 2806bed6 ($3.32 in chips)
Seat 3: 1219d581 ($5.2 in chips)
Seat 4: e3d165ac ($5.68 in chips)
Seat 5: Hero ($5 in chips)
Seat 6: e42957f6 ($6.43 in chips)
2806bed6: posts small blind $0.02
1219d581: posts big blind $0.05
*** HOLE CARDS ***
Dealt to a2736da 
Dealt to 2806bed6 
Dealt to 1219d581 
Dealt to e3d165ac 
Dealt to Hero [9c Qc]
Dealt to e42957f6 
e3d165ac: folds
Hero: raises $0.07 to $0.12
e42957f6: folds
a2736da: folds
2806bed6: folds
1219d581: folds
Uncalled bet ($0.07) returned to Hero
*** SHOWDOWN ***
Hero collected $0.12 from pot
*** SUMMARY ***
Total pot $0.12 | Rake $0 | Jackpot $0 | Bingo $0 | Fortune $0
Seat 1: a2736da (button) folded before Flop (didn't bet)
Seat 2: 2806bed6 (small blind) folded before Flop
Seat 3: 1219d581 (big blind) folded before Flop
Seat 4: e3d165ac folded before Flop (didn't bet)
Seat 5: Hero collected ($0.12)
Seat 6: e42957f6 folded before Flop (didn't bet)


Poker Hand #HD1173044454: Hold'em No Limit  ($0.02/$0.05) - 2023/03/23 21:27:41
Table 'NLHBlue122' 6-max Seat #6 is the button
Seat 1: a2736da ($4.07 in chips)
Seat 2: 2806bed6 ($5.2 in chips)
Seat 3: 1219d581 ($5.2 in chips)
Seat 4: e3d165ac ($5.68 in chips)
Seat 5: Hero ($5 in chips)
Seat 6: e42957f6 ($6.43 in chips)
a2736da: posts small blind $0.02
2806bed6: posts big blind $0.05
*** HOLE CARDS ***
Dealt to a2736da 
Dealt to 2806bed6 
Dealt to 1219d581 
Dealt to e3d165ac 
Dealt to Hero [4c Js]
Dealt to e42957f6 
1219d581: folds
e3d165ac: folds
Hero: folds
e42957f6: folds
a2736da: raises $0.07 to $0.12
2806bed6: calls $0.07
*** FLOP *** [5d Ks 4d]
a2736da: bets $0.18
2806bed6: calls $0.18
*** TURN *** [5d Ks 4d] [Qs]
a2736da: bets $0.45
2806bed6: calls $0.45
*** RIVER *** [5d Ks 4d Qs] [3h]
a2736da: checks
2806bed6: bets $1.13
a2736da: calls $1.13
2806bed6: shows [9d 6d] (King-High)
a2736da: shows [Kh Jh] (Pair of Kings)
*** SHOWDOWN ***
a2736da collected $3.53 from pot
*** SUMMARY ***
Total pot $3.76 | Rake $0.18 | Jackpot $0.05 | Bingo $0 | Fortune $0
Board [5d Ks 4d Qs 3h]
Seat 1: a2736da (small blind) showed [Kh Jh] and won ($3.53) with Pair of Kings
Seat 2: 2806bed6 (big blind) showed [9d 6d] and lost with King-High
Seat 3: 1219d581 folded before Flop (didn't bet)
Seat 4: e3d165ac folded before Flop (didn't bet)
Seat 5: Hero folded before Flop (didn't bet)
Seat 6: e42957f6 (button) folded before Flop (didn't bet)


Poker Hand #HD1173044406: Hold'em No Limit  ($0.02/$0.05) - 2023/03/23 21:27:18
Table 'NLHBlue122' 6-max Seat #5 is the button
Seat 1: a2736da ($4.12 in chips)
Seat 2: 2806bed6 ($5.2 in chips)
Seat 3: 1219d581 ($5.04 in chips)
Seat 4: e3d165ac ($5.78 in chips)
Seat 5: Hero ($5 in chips)
Seat 6: e42957f6 ($6.45 in chips)
e42957f6: posts small blind $0.02
a2736da: posts big blind $0.05
*** HOLE CARDS ***
Dealt to a2736da 
Dealt to 2806bed6 
Dealt to 1219d581 
Dealt to e3d165ac 
Dealt to Hero [6d 3d]
Dealt to e42957f6 
2806bed6: folds
1219d581: raises $0.05 to $0.1
e3d165ac: calls $0.1
Hero: folds
e42957f6: folds
a2736da: folds
*** FLOP *** [8d 7c 6h]
1219d581: bets $0.14
e3d165ac: folds
Uncalled bet ($0.14) returned to 1219d581
*** SHOWDOWN ***
1219d581 collected $0.26 from pot
*** SUMMARY ***
Total pot $0.27 | Rake $0.01 | Jackpot $0 | Bingo $0 | Fortune $0
Board [8d 7c 6h]
Seat 1: a2736da (big blind) folded before Flop
Seat 2: 2806bed6 folded before Flop (didn't bet)
Seat 3: 1219d581 won ($0.26)
Seat 4: e3d165ac folded on the Flop
Seat 5: Hero (button) folded before Flop (didn't bet)
Seat 6: e42957f6 (small blind) folded before Flop


Poker Hand #HD1173044290: Hold'em No Limit  ($0.02/$0.05) - 2023/03/23 21:26:29
Table 'NLHBlue122' 6-max Seat #4 is the button
Seat 1: a2736da ($2.16 in chips)
Seat 2: 2806bed6 ($5.2 in chips)
Seat 3: 1219d581 ($5.04 in chips)
Seat 4: e3d165ac ($5.78 in chips)
Seat 5: Hero ($5.23 in chips)
Seat 6: e42957f6 ($6.5 in chips)
Hero: posts small blind $0.02
e42957f6: posts big blind $0.05
*** HOLE CARDS ***
Dealt to a2736da 
Dealt to 2806bed6 
Dealt to 1219d581 
Dealt to e3d165ac 
Dealt to Hero [Qs Qc]
Dealt to e42957f6 
a2736da: raises $0.07 to $0.12
2806bed6: folds
1219d581: folds
e3d165ac: folds
Hero: raises $0.44 to $0.56
e42957f6: folds
a2736da: raises $1.6 to $2.16 and is all-in
Hero: calls $1.6
a2736da: shows [Ks Kh]
Hero: shows [Qs Qc]
*** FIRST FLOP *** [Kd 3d 7h]
*** FIRST TURN *** [Kd 3d 7h] [5h]
*** FIRST RIVER *** [Kd 3d 7h 5h] [3h]
*** SECOND FLOP *** [4d 7d 8d]
*** SECOND TURN *** [4d 7d 8d] [Jc]
*** SECOND RIVER *** [4d 7d 8d Jc] [9c]
*** FIRST SHOWDOWN ***
a2736da collected $2.06 from pot
*** SECOND SHOWDOWN ***
a2736da collected $2.06 from pot
*** SUMMARY ***
Total pot $4.37 | Rake $0.2 | Jackpot $0.05 | Bingo $0 | Fortune $0
Hand was run two times
FIRST Board [Kd 3d 7h 5h 3h]
SECOND Board [4d 7d 8d Jc 9c]
Seat 1: a2736da showed [Ks Kh] and won ($2.06) with Kings Full over Treys, and won ($2.06) with Pair of Kings
Seat 2: 2806bed6 folded before Flop (didn't bet)
Seat 3: 1219d581 folded before Flop (didn't bet)
Seat 4: e3d165ac (button) folded before Flop (didn't bet)
Seat 5: Hero (small blind) showed [Qs Qc] and lost with Pair of Queens and Pair of Treys, and lost with Pair of Queens
Seat 6: e42957f6 (big blind) folded before Flop


Poker Hand #HD1173044210: Hold'em No Limit  ($0.02/$0.05) - 2023/03/23 21:25:58
Table 'NLHBlue122' 6-max Seat #3 is the button
Seat 1: a2736da ($2.16 in chips)
Seat 2: 2806bed6 ($5.2 in chips)
Seat 3: 1219d581 ($4.93 in chips)
Seat 4: e3d165ac ($5.8 in chips)
Seat 5: Hero ($5.33 in chips)
Seat 6: e42957f6 ($6.5 in chips)
e3d165ac: posts small blind $0.02
Hero: posts big blind $0.05
*** HOLE CARDS ***
Dealt to a2736da 
Dealt to 2806bed6 
Dealt to 1219d581 
Dealt to e3d165ac 
Dealt to Hero [Js 5s]
Dealt to e42957f6 
e42957f6: folds
a2736da: folds
2806bed6: folds
1219d581: raises $0.05 to $0.1
e3d165ac: folds
Hero: calls $0.05
*** FLOP *** [3c 2d Kc]
Hero: checks
1219d581: bets $0.18
Hero: folds
Uncalled bet ($0.18) returned to 1219d581
*** SHOWDOWN ***
1219d581 collected $0.21 from pot
*** SUMMARY ***
Total pot $0.22 | Rake $0.01 | Jackpot $0 | Bingo $0 | Fortune $0
Board [3c 2d Kc]
Seat 1: a2736da folded before Flop (didn't bet)
Seat 2: 2806bed6 folded before Flop (didn't bet)
Seat 3: 1219d581 (button) won ($0.21)
Seat 4: e3d165ac (small blind) folded before Flop
Seat 5: Hero (big blind) folded on the Flop
Seat 6: e42957f6 folded before Flop (didn't bet)


Poker Hand #HD1173044136: Hold'em No Limit  ($0.02/$0.05) - 2023/03/23 21:25:23
Table 'NLHBlue122' 6-max Seat #2 is the button
Seat 1: a2736da ($2 in chips)
Seat 2: 2806bed6 ($5.2 in chips)
Seat 3: 1219d581 ($5.05 in chips)
Seat 4: e3d165ac ($5.85 in chips)
Seat 5: Hero ($5.33 in chips)
Seat 6: e42957f6 ($6.5 in chips)
1219d581: posts small blind $0.02
e3d165ac: posts big blind $0.05
*** HOLE CARDS ***
Dealt to a2736da 
Dealt to 2806bed6 
Dealt to 1219d581 
Dealt to e3d165ac 
Dealt to Hero [Th Js]
Dealt to e42957f6 
Hero: folds
e42957f6: folds
a2736da: raises $0.07 to $0.12
2806bed6: folds
1219d581: calls $0.1
e3d165ac: folds
*** FLOP *** [5h Jc Ks]
1219d581: checks
a2736da: bets $0.16
1219d581: folds
Uncalled bet ($0.16) returned to a2736da
*** SHOWDOWN ***
a2736da collected $0.28 from pot
*** SUMMARY ***
Total pot $0.29 | Rake $0.01 | Jackpot $0 | Bingo $0 | Fortune $0
Board [5h Jc Ks]
Seat 1: a2736da won ($0.28)
Seat 2: 2806bed6 (button) folded before Flop (didn't bet)
Seat 3: 1219d581 (small blind) folded on the Flop
Seat 4: e3d165ac (big blind) folded before Flop
Seat 5: Hero folded before Flop (didn't bet)
Seat 6: e42957f6 folded before Flop (didn't bet)


Poker Hand #HD1173043983: Hold'em No Limit  ($0.02/$0.05) - 2023/03/23 21:24:13
Table 'NLHBlue122' 6-max Seat #1 is the button
Seat 1: a2736da ($2 in chips)
Seat 2: 2806bed6 ($5.22 in chips)
Seat 3: 1219d581 ($4.82 in chips)
Seat 4: e3d165ac ($6.08 in chips)
Seat 5: Hero ($5.33 in chips)
Seat 6: e42957f6 ($6.5 in chips)
2806bed6: posts small blind $0.02
1219d581: posts big blind $0.05
*** HOLE CARDS ***
Dealt to a2736da 
Dealt to 2806bed6 
Dealt to 1219d581 
Dealt to e3d165ac 
Dealt to Hero [7c 6s]
Dealt to e42957f6 
e3d165ac: raises $0.08 to $0.13
Hero: folds
e42957f6: folds
a2736da: folds
2806bed6: folds
1219d581: calls $0.08
*** FLOP *** [3s 4c 4d]
1219d581: checks
e3d165ac: bets $0.1
1219d581: calls $0.1
*** TURN *** [3s 4c 4d] [3c]
1219d581: checks
e3d165ac: checks
*** RIVER *** [3s 4c 4d 3c] [6c]
1219d581: bets $0.39
e3d165ac: folds
Uncalled bet ($0.39) returned to 1219d581
*** SHOWDOWN ***
1219d581 collected $0.46 from pot
*** SUMMARY ***
Total pot $0.48 | Rake $0.02 | Jackpot $0 | Bingo $0 | Fortune $0
Board [3s 4c 4d 3c 6c]
Seat 1: a2736da (button) folded before Flop (didn't bet)
Seat 2: 2806bed6 (small blind) folded before Flop
Seat 3: 1219d581 (big blind) won ($0.46)
Seat 4: e3d165ac folded on the River
Seat 5: Hero folded before Flop (didn't bet)
Seat 6: e42957f6 folded before Flop (didn't bet)


Poker Hand #HD1173043940: Hold'em No Limit  ($0.02/$0.05) - 2023/03/23 21:23:54
Table 'NLHBlue122' 6-max Seat #6 is the button
Seat 1: a2736da ($2 in chips)
Seat 2: 2806bed6 ($5.27 in chips)
Seat 3: 1219d581 ($4.75 in chips)
Seat 4: e3d165ac ($6.08 in chips)
Seat 5: Hero ($5.33 in chips)
Seat 6: e42957f6 ($6.5 in chips)
a2736da: posts small blind $0.02
2806bed6: posts big blind $0.05
*** HOLE CARDS ***
Dealt to a2736da 
Dealt to 2806bed6 
Dealt to 1219d581 
Dealt to e3d165ac 
Dealt to Hero [3d Tc]
Dealt to e42957f6 
1219d581: raises $0.1 to $0.15
e3d165ac: folds
Hero: folds
e42957f6: folds
a2736da: folds
2806bed6: folds
Uncalled bet ($0.1) returned to 1219d581
*** SHOWDOWN ***
1219d581 collected $0.12 from pot
*** SUMMARY ***
Total pot $0.12 | Rake $0 | Jackpot $0 | Bingo $0 | Fortune $0
Seat 1: a2736da (small blind) folded before Flop
Seat 2: 2806bed6 (big blind) folded before Flop
Seat 3: 1219d581 collected ($0.12)
Seat 4: e3d165ac folded before Flop (didn't bet)
Seat 5: Hero folded before Flop (didn't bet)
Seat 6: e42957f6 (button) folded before Flop (didn't bet)


Poker Hand #HD1173043898: Hold'em No Limit  ($0.02/$0.05) - 2023/03/23 21:23:36
Table 'NLHBlue122' 6-max Seat #5 is the button
Seat 1: a2736da ($2 in chips)
Seat 2: 2806bed6 ($5.2 in chips)
Seat 3: 1219d581 ($4.75 in chips)
Seat 4: e3d165ac ($6.08 in chips)
Seat 5: Hero ($5.33 in chips)
Seat 6: e42957f6 ($6.52 in chips)
e42957f6: posts small blind $0.02
a2736da: posts big blind $0.05
*** HOLE CARDS ***
Dealt to a2736da 
Dealt to 2806bed6 
Dealt to 1219d581 
Dealt to e3d165ac 
Dealt to Hero [6s 5h]
Dealt to e42957f6 
2806bed6: raises $0.15 to $0.2
1219d581: folds
e3d165ac: folds
Hero: folds
e42957f6: folds
a2736da: folds
Uncalled bet ($0.15) returned to 2806bed6
*** SHOWDOWN ***
2806bed6 collected $0.12 from pot
*** SUMMARY ***
Total pot $0.12 | Rake $0 | Jackpot $0 | Bingo $0 | Fortune $0
Seat 1: a2736da (big blind) folded before Flop
Seat 2: 2806bed6 collected ($0.12)
Seat 3: 1219d581 folded before Flop (didn't bet)
Seat 4: e3d165ac folded before Flop (didn't bet)
Seat 5: Hero (button) folded before Flop (didn't bet)
Seat 6: e42957f6 (small blind) folded before Flop


Poker Hand #HD1173043806: Hold'em No Limit  ($0.02/$0.05) - 2023/03/23 21:22:57
Table 'NLHBlue122' 6-max Seat #4 is the button
Seat 1: a2736da ($2 in chips)
Seat 2: 2806bed6 ($5.25 in chips)
Seat 3: 1219d581 ($4.85 in chips)
Seat 4: e3d165ac ($6.18 in chips)
Seat 5: Hero ($5.05 in chips)
Seat 6: e42957f6 ($6.57 in chips)
Hero: posts small blind $0.02
e42957f6: posts big blind $0.05
*** HOLE CARDS ***
Dealt to a2736da 
Dealt to 2806bed6 
Dealt to 1219d581 
Dealt to e3d165ac 
Dealt to Hero [Qs Ah]
Dealt to e42957f6 
a2736da: folds
2806bed6: calls $0.05
1219d581: raises $0.05 to $0.1
e3d165ac: calls $0.1
Hero: raises $0.54 to $0.64
e42957f6: folds
2806bed6: folds
1219d581: folds
e3d165ac: folds
Uncalled bet ($0.54) returned to Hero
*** SHOWDOWN ***
Hero collected $0.38 from pot
*** SUMMARY ***
Total pot $0.4 | Rake $0.02 | Jackpot $0 | Bingo $0 | Fortune $0
Seat 1: a2736da folded before Flop (didn't bet)
Seat 2: 2806bed6 folded before Flop
Seat 3: 1219d581 folded before Flop
Seat 4: e3d165ac (button) folded before Flop
Seat 5: Hero (small blind) collected ($0.38)
Seat 6: e42957f6 (big blind) folded before Flop


Poker Hand #HD1173043771: Hold'em No Limit  ($0.02/$0.05) - 2023/03/23 21:22:42
Table 'NLHBlue122' 6-max Seat #3 is the button
Seat 1: a2736da ($2 in chips)
Seat 2: 2806bed6 ($5.18 in chips)
Seat 3: 1219d581 ($4.85 in chips)
Seat 4: e3d165ac ($6.2 in chips)
Seat 5: Hero ($5 in chips)
Seat 6: e42957f6 ($6.57 in chips)
e3d165ac: posts small blind $0.02
Hero: posts big blind $0.05
*** HOLE CARDS ***
Dealt to a2736da 
Dealt to 2806bed6 
Dealt to 1219d581 
Dealt to e3d165ac 
Dealt to Hero [5c Kd]
Dealt to e42957f6 
e42957f6: folds
a2736da: folds
2806bed6: raises $0.05 to $0.1
1219d581: folds
e3d165ac: folds
Hero: folds
Uncalled bet ($0.05) returned to 2806bed6
*** SHOWDOWN ***
2806bed6 collected $0.12 from pot
*** SUMMARY ***
Total pot $0.12 | Rake $0 | Jackpot $0 | Bingo $0 | Fortune $0
Seat 1: a2736da folded before Flop (didn't bet)
Seat 2: 2806bed6 collected ($0.12)
Seat 3: 1219d581 (button) folded before Flop (didn't bet)
Seat 4: e3d165ac (small blind) folded before Flop
Seat 5: Hero (big blind) folded before Flop
Seat 6: e42957f6 folded before Flop (didn't bet)


Poker Hand #HD1173043690: Hold'em No Limit  ($0.02/$0.05) - 2023/03/23 21:22:07
Table 'NLHBlue122' 6-max Seat #2 is the button
Seat 1: a2736da ($2 in chips)
Seat 2: 2806bed6 ($5.18 in chips)
Seat 3: 1219d581 ($4.95 in chips)
Seat 4: e3d165ac ($6.11 in chips)
Seat 5: Hero ($5 in chips)
Seat 6: e42957f6 ($6.57 in chips)
1219d581: posts small blind $0.02
e3d165ac: posts big blind $0.05
*** HOLE CARDS ***
Dealt to a2736da 
Dealt to 2806bed6 
Dealt to 1219d581 
Dealt to e3d165ac 
Dealt to Hero [Js 2c]
Dealt to e42957f6 
Hero: folds
e42957f6: folds
a2736da: folds
2806bed6: folds
1219d581: raises $0.05 to $0.1
e3d165ac: calls $0.05
*** FLOP *** [2s 4h 3s]
1219d581: checks
e3d165ac: bets $0.07
1219d581: folds
Uncalled bet ($0.07) returned to e3d165ac
*** SHOWDOWN ***
e3d165ac collected $0.19 from pot
*** SUMMARY ***
Total pot $0.2 | Rake $0.01 | Jackpot $0 | Bingo $0 | Fortune $0
Board [2s 4h 3s]
Seat 1: a2736da folded before Flop (didn't bet)
Seat 2: 2806bed6 (button) folded before Flop (didn't bet)
Seat 3: 1219d581 (small blind) folded on the Flop
Seat 4: e3d165ac (big blind) won ($0.19)
Seat 5: Hero folded before Flop (didn't bet)
Seat 6: e42957f6 folded before Flop (didn't bet)


Poker Hand #HD1173043634: Hold'em No Limit  ($0.02/$0.05) - 2023/03/23 21:21:39
Table 'NLHBlue122' 6-max Seat #1 is the button
Seat 1: a2736da ($2 in chips)
Seat 2: 2806bed6 ($5.2 in chips)
Seat 3: 1219d581 ($5 in chips)
Seat 4: e3d165ac ($6.04 in chips)
Seat 5: Hero ($5 in chips)
Seat 6: e42957f6 ($6.57 in chips)
2806bed6: posts small blind $0.02
1219d581: posts big blind $0.05
*** HOLE CARDS ***
Dealt to a2736da 
Dealt to 2806bed6 
Dealt to 1219d581 
Dealt to e3d165ac 
Dealt to Hero [6s 4d]
Dealt to e42957f6 
e3d165ac: raises $0.08 to $0.13
Hero: folds
e42957f6: folds
a2736da: folds
2806bed6: folds
1219d581: folds
Uncalled bet ($0.08) returned to e3d165ac
*** SHOWDOWN ***
e3d165ac collected $0.12 from pot
*** SUMMARY ***
Total pot $0.12 | Rake $0 | Jackpot $0 | Bingo $0 | Fortune $0
Seat 1: a2736da (button) folded before Flop (didn't bet)
Seat 2: 2806bed6 (small blind) folded before Flop
Seat 3: 1219d581 (big blind) folded before Flop
Seat 4: e3d165ac collected ($0.12)
Seat 5: Hero folded before Flop (didn't bet)
Seat 6: e42957f6 folded before Flop (didn't bet)


Poker Hand #HD1173043527: Hold'em No Limit  ($0.02/$0.05) - 2023/03/23 21:20:54
Table 'NLHBlue122' 6-max Seat #6 is the button
Seat 1: a2736da ($2 in chips)
Seat 2: 2806bed6 ($4.93 in chips)
Seat 4: e3d165ac ($6.04 in chips)
Seat 5: Hero ($5 in chips)
Seat 6: e42957f6 ($6.57 in chips)
a2736da: posts small blind $0.02
2806bed6: posts big blind $0.05
*** HOLE CARDS ***
Dealt to a2736da 
Dealt to 2806bed6 
Dealt to e3d165ac 
Dealt to Hero [7h Kd]
Dealt to e42957f6 
e3d165ac: folds
Hero: folds
e42957f6: folds
a2736da: raises $0.07 to $0.12
2806bed6: raises $0.18 to $0.3
a2736da: calls $0.18
*** FLOP *** [4d 9d Qh]
a2736da: checks
2806bed6: bets $0.45
a2736da: folds
Uncalled bet ($0.45) returned to 2806bed6
*** SHOWDOWN ***
2806bed6 collected $0.57 from pot
*** SUMMARY ***
Total pot $0.6 | Rake $0.03 | Jackpot $0 | Bingo $0 | Fortune $0
Board [4d 9d Qh]
Seat 1: a2736da (small blind) folded on the Flop
Seat 2: 2806bed6 (big blind) won ($0.57)
Seat 4: e3d165ac folded before Flop (didn't bet)
Seat 5: Hero folded before Flop (didn't bet)
Seat 6: e42957f6 (button) folded before Flop (didn't bet)


Poker Hand #HD1173043407: Hold'em No Limit  ($0.02/$0.05) - 2023/03/23 21:20:02
Table 'NLHBlue122' 6-max Seat #5 is the button
Seat 1: a2736da ($2 in chips)
Seat 2: 2806bed6 ($4.93 in chips)
Seat 4: e3d165ac ($6.04 in chips)
Seat 5: Hero ($5.13 in chips)
Seat 6: e42957f6 ($5 in chips)
e42957f6: posts small blind $0.02
a2736da: posts big blind $0.05
*** HOLE CARDS ***
Dealt to a2736da 
Dealt to 2806bed6 
Dealt to e3d165ac 
Dealt to Hero [Tc Jc]
Dealt to e42957f6 
2806bed6: folds
e3d165ac: folds
Hero: raises $0.07 to $0.12
e42957f6: raises $0.34 to $0.46
a2736da: folds
Hero: calls $0.34
*** FLOP *** [3d 8d Jd]
e42957f6: bets $0.49
Hero: raises $0.79 to $1.28
e42957f6: raises $3.26 to $4.54 and is all-in
Hero: folds
Uncalled bet ($3.26) returned to e42957f6
*** SHOWDOWN ***
e42957f6 collected $3.31 from pot
*** SUMMARY ***
Total pot $3.53 | Rake $0.17 | Jackpot $0.05 | Bingo $0 | Fortune $0
Board [3d 8d Jd]
Seat 1: a2736da (big blind) folded before Flop
Seat 2: 2806bed6 folded before Flop (didn't bet)
Seat 4: e3d165ac folded before Flop (didn't bet)
Seat 5: Hero (button) folded on the Flop
Seat 6: e42957f6 (small blind) won ($3.31)


Poker Hand #HD1173043375: Hold'em No Limit  ($0.02/$0.05) - 2023/03/23 21:19:49
Table 'NLHBlue122' 6-max Seat #4 is the button
Seat 2: 2806bed6 ($4.93 in chips)
Seat 4: e3d165ac ($5.97 in chips)
Seat 5: Hero ($5.15 in chips)
Seat 6: e42957f6 ($5 in chips)
Hero: posts small blind $0.02
e42957f6: posts big blind $0.05
*** HOLE CARDS ***
Dealt to 2806bed6 
Dealt to e3d165ac 
Dealt to Hero [Ac 7s]
Dealt to e42957f6 
2806bed6: folds
e3d165ac: raises $0.08 to $0.13
Hero: folds
e42957f6: folds
Uncalled bet ($0.08) returned to e3d165ac
*** SHOWDOWN ***
e3d165ac collected $0.12 from pot
*** SUMMARY ***
Total pot $0.12 | Rake $0 | Jackpot $0 | Bingo $0 | Fortune $0
Seat 2: 2806bed6 folded before Flop (didn't bet)
Seat 4: e3d165ac (button) collected ($0.12)
Seat 5: Hero (small blind) folded before Flop
Seat 6: e42957f6 (big blind) folded before Flop


Poker Hand #HD1173043252: Hold'em No Limit  ($0.02/$0.05) - 2023/03/23 21:18:54
Table 'NLHBlue122' 6-max Seat #2 is the button
Seat 2: 2806bed6 ($5.07 in chips)
Seat 4: e3d165ac ($5.99 in chips)
Seat 5: Hero ($5 in chips)
e3d165ac: posts small blind $0.02
Hero: posts big blind $0.05
*** HOLE CARDS ***
Dealt to 2806bed6 
Dealt to e3d165ac 
Dealt to Hero [Jc 7s]
2806bed6: calls $0.05
e3d165ac: folds
Hero: checks
*** FLOP *** [Js 7c 2c]
Hero: bets $0.09
2806bed6: calls $0.09
*** TURN *** [Js 7c 2c] [8c]
Hero: bets $0.15
2806bed6: folds
Uncalled bet ($0.15) returned to Hero
*** SHOWDOWN ***
Hero collected $0.29 from pot
*** SUMMARY ***
Total pot $0.3 | Rake $0.01 | Jackpot $0 | Bingo $0 | Fortune $0
Board [Js 7c 2c 8c]
Seat 2: 2806bed6 (button) folded on the Turn
Seat 4: e3d165ac (small blind) folded before Flop
Seat 5: Hero (big blind) won ($0.29)


