Poker Hand #HD1155518306: Hold'em No Limit  ($0.02/$0.05) - 2023/03/11 13:50:00
Table 'NLHBlue71' 6-max Seat #1 is the button
Seat 1: fd27d9e5 ($10.29 in chips)
Seat 2: 53305f44 ($5 in chips)
Seat 3: 1bd04c0d ($4.69 in chips)
Seat 4: 77a10a39 ($6.16 in chips)
Seat 5: Hero ($5.05 in chips)
Seat 6: 4caf3991 ($5.2 in chips)
53305f44: posts small blind $0.02
1bd04c0d: posts big blind $0.05
*** HOLE CARDS ***
Dealt to fd27d9e5 
Dealt to 53305f44 
Dealt to 1bd04c0d 
Dealt to 77a10a39 
Dealt to Hero [9h Kc]
Dealt to 4caf3991 
77a10a39: folds
Hero: folds
4caf3991: raises $0.07 to $0.12
fd27d9e5: folds
53305f44: raises $0.38 to $0.5
1bd04c0d: calls $0.45
4caf3991: folds
*** FLOP *** [5h 7h 5d]
53305f44: bets $0.58
1bd04c0d: calls $0.58
*** TURN *** [5h 7h 5d] [6c]
53305f44: checks
1bd04c0d: bets $0.76
53305f44: calls $0.76
*** RIVER *** [5h 7h 5d 6c] [8c]
53305f44: checks
1bd04c0d: bets $2.85 and is all-in
53305f44: calls $2.85
1bd04c0d: shows [2s 2d] (Pair of Fives and Pair of Twos)
53305f44: shows [Ts Th] (Pair of Tens and Pair of Fives)
*** SHOWDOWN ***
53305f44 collected $8.98 from pot
*** SUMMARY ***
Total pot $9.5 | Rake $0.47 | Jackpot $0.05 | Bingo $0 | Fortune $0
Board [5h 7h 5d 6c 8c]
Seat 1: fd27d9e5 (button) folded before Flop (didn't bet)
Seat 2: 53305f44 (small blind) showed [Ts Th] and won ($8.98) with Pair of Tens and Pair of Fives
Seat 3: 1bd04c0d (big blind) showed [2s 2d] and lost with Pair of Fives and Pair of Twos
Seat 4: 77a10a39 folded before Flop (didn't bet)
Seat 5: Hero folded before Flop (didn't bet)
Seat 6: 4caf3991 folded before Flop


Poker Hand #HD1155518240: Hold'em No Limit  ($0.02/$0.05) - 2023/03/11 13:49:33
Table 'NLHBlue71' 6-max Seat #6 is the button
Seat 1: fd27d9e5 ($10.15 in chips)
Seat 2: 53305f44 ($5.15 in chips)
Seat 3: 1bd04c0d ($4.69 in chips)
Seat 4: 77a10a39 ($6.16 in chips)
Seat 5: Hero ($5.05 in chips)
Seat 6: 4caf3991 ($5.2 in chips)
fd27d9e5: posts small blind $0.02
53305f44: posts big blind $0.05
*** HOLE CARDS ***
Dealt to fd27d9e5 
Dealt to 53305f44 
Dealt to 1bd04c0d 
Dealt to 77a10a39 
Dealt to Hero [6h 7c]
Dealt to 4caf3991 
1bd04c0d: folds
77a10a39: folds
Hero: folds
4caf3991: folds
fd27d9e5: raises $0.1 to $0.15
53305f44: calls $0.1
*** FLOP *** [2h Kd 3h]
fd27d9e5: bets $0.09
53305f44: folds
Uncalled bet ($0.09) returned to fd27d9e5
*** SHOWDOWN ***
fd27d9e5 collected $0.29 from pot
*** SUMMARY ***
Total pot $0.3 | Rake $0.01 | Jackpot $0 | Bingo $0 | Fortune $0
Board [2h Kd 3h]
Seat 1: fd27d9e5 (small blind) won ($0.29)
Seat 2: 53305f44 (big blind) folded on the Flop
Seat 3: 1bd04c0d folded before Flop (didn't bet)
Seat 4: 77a10a39 folded before Flop (didn't bet)
Seat 5: Hero folded before Flop (didn't bet)
Seat 6: 4caf3991 (button) folded before Flop (didn't bet)


Poker Hand #HD1155518206: Hold'em No Limit  ($0.02/$0.05) - 2023/03/11 13:49:21
Table 'NLHBlue71' 6-max Seat #5 is the button
Seat 1: fd27d9e5 ($10.13 in chips)
Seat 3: 1bd04c0d ($4.69 in chips)
Seat 4: 77a10a39 ($6.16 in chips)
Seat 5: Hero ($5.05 in chips)
Seat 6: 4caf3991 ($5.22 in chips)
4caf3991: posts small blind $0.02
fd27d9e5: posts big blind $0.05
*** HOLE CARDS ***
Dealt to fd27d9e5 
Dealt to 1bd04c0d 
Dealt to 77a10a39 
Dealt to Hero [Ts 7d]
Dealt to 4caf3991 
1bd04c0d: folds
77a10a39: folds
Hero: folds
4caf3991: folds
Uncalled bet ($0.03) returned to fd27d9e5
*** SHOWDOWN ***
fd27d9e5 collected $0.04 from pot
*** SUMMARY ***
Total pot $0.04 | Rake $0 | Jackpot $0 | Bingo $0 | Fortune $0
Seat 1: fd27d9e5 (big blind) collected ($0.04)
Seat 3: 1bd04c0d folded before Flop (didn't bet)
Seat 4: 77a10a39 folded before Flop (didn't bet)
Seat 5: Hero (button) folded before Flop (didn't bet)
Seat 6: 4caf3991 (small blind) folded before Flop


Poker Hand #HD1155518172: Hold'em No Limit  ($0.02/$0.05) - 2023/03/11 13:49:05
Table 'NLHBlue71' 6-max Seat #4 is the button
Seat 1: fd27d9e5 ($10.13 in chips)
Seat 3: 1bd04c0d ($4.69 in chips)
Seat 4: 77a10a39 ($6.16 in chips)
Seat 5: Hero ($5 in chips)
Seat 6: 4caf3991 ($5.27 in chips)
Hero: posts small blind $0.02
4caf3991: posts big blind $0.05
*** HOLE CARDS ***
Dealt to fd27d9e5 
Dealt to 1bd04c0d 
Dealt to 77a10a39 
Dealt to Hero [9h Jd]
Dealt to 4caf3991 
fd27d9e5: folds
1bd04c0d: folds
77a10a39: folds
Hero: raises $0.09 to $0.14
4caf3991: folds
Uncalled bet ($0.09) returned to Hero
*** SHOWDOWN ***
Hero collected $0.1 from pot
*** SUMMARY ***
Total pot $0.1 | Rake $0 | Jackpot $0 | Bingo $0 | Fortune $0
Seat 1: fd27d9e5 folded before Flop (didn't bet)
Seat 3: 1bd04c0d folded before Flop (didn't bet)
Seat 4: 77a10a39 (button) folded before Flop (didn't bet)
Seat 5: Hero (small blind) collected ($0.1)
Seat 6: 4caf3991 (big blind) folded before Flop


Poker Hand #HD1155518118: Hold'em No Limit  ($0.02/$0.05) - 2023/03/11 13:48:42
Table 'NLHBlue71' 6-max Seat #3 is the button
Seat 1: fd27d9e5 ($10.13 in chips)
Seat 3: 1bd04c0d ($4.62 in chips)
Seat 4: 77a10a39 ($6.18 in chips)
Seat 5: Hero ($5 in chips)
Seat 6: 4caf3991 ($5.27 in chips)
77a10a39: posts small blind $0.02
Hero: posts big blind $0.05
*** HOLE CARDS ***
Dealt to fd27d9e5 
Dealt to 1bd04c0d 
Dealt to 77a10a39 
Dealt to Hero [9c 3d]
Dealt to 4caf3991 
4caf3991: folds
fd27d9e5: folds
1bd04c0d: raises $0.05 to $0.1
77a10a39: folds
Hero: folds
Uncalled bet ($0.05) returned to 1bd04c0d
*** SHOWDOWN ***
1bd04c0d collected $0.12 from pot
*** SUMMARY ***
Total pot $0.12 | Rake $0 | Jackpot $0 | Bingo $0 | Fortune $0
Seat 1: fd27d9e5 folded before Flop (didn't bet)
Seat 3: 1bd04c0d (button) collected ($0.12)
Seat 4: 77a10a39 (small blind) folded before Flop
Seat 5: Hero (big blind) folded before Flop
Seat 6: 4caf3991 folded before Flop (didn't bet)


Poker Hand #HD1155518041: Hold'em No Limit  ($0.02/$0.05) - 2023/03/11 13:48:13
Table 'NLHBlue71' 6-max Seat #1 is the button
Seat 1: fd27d9e5 ($10.06 in chips)
Seat 3: 1bd04c0d ($4.64 in chips)
Seat 4: 77a10a39 ($6.23 in chips)
Seat 5: Hero ($5 in chips)
Seat 6: 4caf3991 ($5.27 in chips)
1bd04c0d: posts small blind $0.02
77a10a39: posts big blind $0.05
*** HOLE CARDS ***
Dealt to fd27d9e5 
Dealt to 1bd04c0d 
Dealt to 77a10a39 
Dealt to Hero [9c 5c]
Dealt to 4caf3991 
Hero: folds
4caf3991: folds
fd27d9e5: raises $0.08 to $0.13
1bd04c0d: folds
77a10a39: folds
Uncalled bet ($0.08) returned to fd27d9e5
*** SHOWDOWN ***
fd27d9e5 collected $0.12 from pot
*** SUMMARY ***
Total pot $0.12 | Rake $0 | Jackpot $0 | Bingo $0 | Fortune $0
Seat 1: fd27d9e5 (button) collected ($0.12)
Seat 3: 1bd04c0d (small blind) folded before Flop
Seat 4: 77a10a39 (big blind) folded before Flop
Seat 5: Hero folded before Flop (didn't bet)
Seat 6: 4caf3991 folded before Flop (didn't bet)


Poker Hand #HD1155517957: Hold'em No Limit  ($0.02/$0.05) - 2023/03/11 13:47:39
Table 'NLHBlue71' 6-max Seat #6 is the button
Seat 1: fd27d9e5 ($10.16 in chips)
Seat 3: 1bd04c0d ($4.55 in chips)
Seat 4: 77a10a39 ($6.23 in chips)
Seat 5: Hero ($5 in chips)
Seat 6: 4caf3991 ($5.27 in chips)
fd27d9e5: posts small blind $0.02
1bd04c0d: posts big blind $0.05
*** HOLE CARDS ***
Dealt to fd27d9e5 
Dealt to 1bd04c0d 
Dealt to 77a10a39 
Dealt to Hero [4d 9h]
Dealt to 4caf3991 
77a10a39: folds
Hero: folds
4caf3991: folds
fd27d9e5: calls $0.03
1bd04c0d: raises $0.05 to $0.1
fd27d9e5: calls $0.05
*** FLOP *** [Ah Js 5h]
fd27d9e5: checks
1bd04c0d: bets $0.2
fd27d9e5: folds
Uncalled bet ($0.2) returned to 1bd04c0d
*** SHOWDOWN ***
1bd04c0d collected $0.19 from pot
*** SUMMARY ***
Total pot $0.2 | Rake $0.01 | Jackpot $0 | Bingo $0 | Fortune $0
Board [Ah Js 5h]
Seat 1: fd27d9e5 (small blind) folded on the Flop
Seat 3: 1bd04c0d (big blind) won ($0.19)
Seat 4: 77a10a39 folded before Flop (didn't bet)
Seat 5: Hero folded before Flop (didn't bet)
Seat 6: 4caf3991 (button) folded before Flop (didn't bet)


Poker Hand #HD1155517881: Hold'em No Limit  ($0.02/$0.05) - 2023/03/11 13:47:11
Table 'NLHBlue71' 6-max Seat #5 is the button
Seat 1: fd27d9e5 ($10.21 in chips)
Seat 3: 1bd04c0d ($4.55 in chips)
Seat 5: Hero ($5.02 in chips)
Seat 6: 4caf3991 ($5.11 in chips)
4caf3991: posts small blind $0.02
fd27d9e5: posts big blind $0.05
*** HOLE CARDS ***
Dealt to fd27d9e5 
Dealt to 1bd04c0d 
Dealt to Hero [9h Jh]
Dealt to 4caf3991 
1bd04c0d: folds
Hero: raises $0.07 to $0.12
4caf3991: raises $0.28 to $0.4
fd27d9e5: folds
Hero: folds
Uncalled bet ($0.28) returned to 4caf3991
*** SHOWDOWN ***
4caf3991 collected $0.28 from pot
*** SUMMARY ***
Total pot $0.29 | Rake $0.01 | Jackpot $0 | Bingo $0 | Fortune $0
Seat 1: fd27d9e5 (big blind) folded before Flop
Seat 3: 1bd04c0d folded before Flop (didn't bet)
Seat 5: Hero (button) folded before Flop
Seat 6: 4caf3991 (small blind) collected ($0.28)


Poker Hand #HD1155517831: Hold'em No Limit  ($0.02/$0.05) - 2023/03/11 13:46:53
Table 'NLHBlue71' 6-max Seat #4 is the button
Seat 2: 53305f44 ($5.15 in chips)
Seat 3: 1bd04c0d ($4.55 in chips)
Seat 4: 77a10a39 ($6.23 in chips)
Seat 5: Hero ($5 in chips)
Seat 6: 4caf3991 ($5.09 in chips)
Hero: posts small blind $0.02
4caf3991: posts big blind $0.05
*** HOLE CARDS ***
Dealt to 53305f44 
Dealt to 1bd04c0d 
Dealt to 77a10a39 
Dealt to Hero [4c Jh]
Dealt to 4caf3991 
53305f44: folds
1bd04c0d: folds
77a10a39: folds
Hero: folds
Uncalled bet ($0.03) returned to 4caf3991
*** SHOWDOWN ***
4caf3991 collected $0.04 from pot
*** SUMMARY ***
Total pot $0.04 | Rake $0 | Jackpot $0 | Bingo $0 | Fortune $0
Seat 2: 53305f44 folded before Flop (didn't bet)
Seat 3: 1bd04c0d folded before Flop (didn't bet)
Seat 4: 77a10a39 (button) folded before Flop (didn't bet)
Seat 5: Hero (small blind) folded before Flop
Seat 6: 4caf3991 (big blind) collected ($0.04)


Poker Hand #HD1155517713: Hold'em No Limit  ($0.02/$0.05) - 2023/03/11 13:46:07
Table 'NLHBlue71' 6-max Seat #3 is the button
Seat 2: 53305f44 ($5 in chips)
Seat 3: 1bd04c0d ($4.55 in chips)
Seat 4: 77a10a39 ($6.25 in chips)
Seat 5: Hero ($5 in chips)
Seat 6: 4caf3991 ($5.09 in chips)
77a10a39: posts small blind $0.02
Hero: posts big blind $0.05
*** HOLE CARDS ***
Dealt to 53305f44 
Dealt to 1bd04c0d 
Dealt to 77a10a39 
Dealt to Hero [Ts 9d]
Dealt to 4caf3991 
4caf3991: folds
53305f44: raises $0.09 to $0.14
1bd04c0d: folds
77a10a39: folds
Hero: calls $0.09
*** FLOP *** [8c 3h 2h]
Hero: checks
53305f44: checks
*** TURN *** [8c 3h 2h] [5c]
Hero: checks
53305f44: checks
*** RIVER *** [8c 3h 2h 5c] [7h]
Hero: checks
53305f44: checks
Hero: shows [Ts 9d] (Ten-High)
53305f44: shows [Tc Ah] (Ace-High)
*** SHOWDOWN ***
53305f44 collected $0.29 from pot
*** SUMMARY ***
Total pot $0.3 | Rake $0.01 | Jackpot $0 | Bingo $0 | Fortune $0
Board [8c 3h 2h 5c 7h]
Seat 2: 53305f44 showed [Tc Ah] and won ($0.29) with Ace-High
Seat 3: 1bd04c0d (button) folded before Flop (didn't bet)
Seat 4: 77a10a39 (small blind) folded before Flop
Seat 5: Hero (big blind) showed [Ts 9d] and lost with Ten-High
Seat 6: 4caf3991 folded before Flop (didn't bet)


Poker Hand #HD1155517603: Hold'em No Limit  ($0.02/$0.05) - 2023/03/11 13:45:23
Table 'NLHBlue71' 6-max Seat #2 is the button
Seat 2: 53305f44 ($5 in chips)
Seat 3: 1bd04c0d ($4.33 in chips)
Seat 4: 77a10a39 ($6.49 in chips)
Seat 5: Hero ($5 in chips)
Seat 6: 4caf3991 ($5.09 in chips)
1bd04c0d: posts small blind $0.02
77a10a39: posts big blind $0.05
*** HOLE CARDS ***
Dealt to 53305f44 
Dealt to 1bd04c0d 
Dealt to 77a10a39 
Dealt to Hero [3d 2s]
Dealt to 4caf3991 
Hero: folds
4caf3991: folds
53305f44: folds
1bd04c0d: calls $0.03
77a10a39: checks
*** FLOP *** [Ks 7s 8h]
1bd04c0d: checks
77a10a39: checks
*** TURN *** [Ks 7s 8h] [5h]
1bd04c0d: bets $0.05
77a10a39: raises $0.14 to $0.19
1bd04c0d: calls $0.14
*** RIVER *** [Ks 7s 8h 5h] [9d]
1bd04c0d: checks
77a10a39: checks
1bd04c0d: shows [5s 6c] (Nines-High Straight)
77a10a39: shows [Qh Kc] (Pair of Kings)
*** SHOWDOWN ***
1bd04c0d collected $0.46 from pot
*** SUMMARY ***
Total pot $0.48 | Rake $0.02 | Jackpot $0 | Bingo $0 | Fortune $0
Board [Ks 7s 8h 5h 9d]
Seat 2: 53305f44 (button) folded before Flop (didn't bet)
Seat 3: 1bd04c0d (small blind) showed [5s 6c] and won ($0.46) with Nines-High Straight
Seat 4: 77a10a39 (big blind) showed [Qh Kc] and lost with Pair of Kings
Seat 5: Hero folded before Flop (didn't bet)
Seat 6: 4caf3991 folded before Flop (didn't bet)


Poker Hand #HD1155517506: Hold'em No Limit  ($0.02/$0.05) - 2023/03/11 13:44:48
Table 'NLHBlue71' 6-max Seat #6 is the button
Seat 2: 53305f44 ($5 in chips)
Seat 3: 1bd04c0d ($4.18 in chips)
Seat 4: 77a10a39 ($6.49 in chips)
Seat 5: Hero ($5 in chips)
Seat 6: 4caf3991 ($5.09 in chips)
53305f44: posts small blind $0.02
1bd04c0d: posts big blind $0.05
*** HOLE CARDS ***
Dealt to 53305f44 
Dealt to 1bd04c0d 
Dealt to 77a10a39 
Dealt to Hero [Kd 8h]
Dealt to 4caf3991 
77a10a39: folds
Hero: folds
4caf3991: folds
53305f44: raises $0.11 to $0.16
1bd04c0d: calls $0.11
*** FLOP *** [2s Ts 9d]
53305f44: checks
1bd04c0d: checks
*** TURN *** [2s Ts 9d] [7h]
53305f44: checks
1bd04c0d: bets $0.16
53305f44: folds
Uncalled bet ($0.16) returned to 1bd04c0d
*** SHOWDOWN ***
1bd04c0d collected $0.31 from pot
*** SUMMARY ***
Total pot $0.32 | Rake $0.01 | Jackpot $0 | Bingo $0 | Fortune $0
Board [2s Ts 9d 7h]
Seat 2: 53305f44 (small blind) folded on the Turn
Seat 3: 1bd04c0d (big blind) won ($0.31)
Seat 4: 77a10a39 folded before Flop (didn't bet)
Seat 5: Hero folded before Flop (didn't bet)
Seat 6: 4caf3991 (button) folded before Flop (didn't bet)


Poker Hand #HD1155517351: Hold'em No Limit  ($0.02/$0.05) - 2023/03/11 13:43:46
Table 'NLHBlue71' 6-max Seat #5 is the button
Seat 2: 53305f44 ($5 in chips)
Seat 3: 1bd04c0d ($5.36 in chips)
Seat 4: 77a10a39 ($5.4 in chips)
Seat 5: Hero ($5 in chips)
Seat 6: 4caf3991 ($5.11 in chips)
4caf3991: posts small blind $0.02
53305f44: posts big blind $0.05
*** HOLE CARDS ***
Dealt to 53305f44 
Dealt to 1bd04c0d 
Dealt to 77a10a39 
Dealt to Hero [6s Qs]
Dealt to 4caf3991 
1bd04c0d: raises $0.05 to $0.1
77a10a39: raises $0.35 to $0.45
Hero: folds
4caf3991: folds
53305f44: folds
1bd04c0d: raises $0.73 to $1.18
77a10a39: raises $0.73 to $1.91
1bd04c0d: folds
Uncalled bet ($0.73) returned to 77a10a39
*** SHOWDOWN ***
77a10a39 collected $2.27 from pot
*** SUMMARY ***
Total pot $2.43 | Rake $0.11 | Jackpot $0.05 | Bingo $0 | Fortune $0
Seat 2: 53305f44 (big blind) folded before Flop
Seat 3: 1bd04c0d folded before Flop
Seat 4: 77a10a39 collected ($2.27)
Seat 5: Hero (button) folded before Flop (didn't bet)
Seat 6: 4caf3991 (small blind) folded before Flop


Poker Hand #HD1155517262: Hold'em No Limit  ($0.02/$0.05) - 2023/03/11 13:43:11
Table 'NLHBlue71' 6-max Seat #4 is the button
Seat 2: 53305f44 ($5 in chips)
Seat 3: 1bd04c0d ($5.46 in chips)
Seat 4: 77a10a39 ($5.4 in chips)
Seat 5: Hero ($5 in chips)
Seat 6: 4caf3991 ($5 in chips)
Hero: posts small blind $0.02
4caf3991: posts big blind $0.05
*** HOLE CARDS ***
Dealt to 53305f44 
Dealt to 1bd04c0d 
Dealt to 77a10a39 
Dealt to Hero [4h Ks]
Dealt to 4caf3991 
53305f44: folds
1bd04c0d: raises $0.05 to $0.1
77a10a39: folds
Hero: folds
4caf3991: raises $0.25 to $0.35
1bd04c0d: folds
Uncalled bet ($0.25) returned to 4caf3991
*** SHOWDOWN ***
4caf3991 collected $0.21 from pot
*** SUMMARY ***
Total pot $0.22 | Rake $0.01 | Jackpot $0 | Bingo $0 | Fortune $0
Seat 2: 53305f44 folded before Flop (didn't bet)
Seat 3: 1bd04c0d folded before Flop
Seat 4: 77a10a39 (button) folded before Flop (didn't bet)
Seat 5: Hero (small blind) folded before Flop
Seat 6: 4caf3991 (big blind) collected ($0.21)


Poker Hand #HD1155517214: Hold'em No Limit  ($0.02/$0.05) - 2023/03/11 13:42:50
Table 'NLHBlue71' 6-max Seat #3 is the button
Seat 1: fd27d9e5 ($10.21 in chips)
Seat 2: 53305f44 ($5 in chips)
Seat 3: 1bd04c0d ($5.39 in chips)
Seat 4: 77a10a39 ($5.42 in chips)
Seat 5: Hero ($5.01 in chips)
Seat 6: 4caf3991 ($5 in chips)
77a10a39: posts small blind $0.02
Hero: posts big blind $0.05
*** HOLE CARDS ***
Dealt to fd27d9e5 
Dealt to 53305f44 
Dealt to 1bd04c0d 
Dealt to 77a10a39 
Dealt to Hero [6c 4h]
Dealt to 4caf3991 
4caf3991: folds
fd27d9e5: folds
53305f44: folds
1bd04c0d: raises $0.05 to $0.1
77a10a39: folds
Hero: folds
Uncalled bet ($0.05) returned to 1bd04c0d
*** SHOWDOWN ***
1bd04c0d collected $0.12 from pot
*** SUMMARY ***
Total pot $0.12 | Rake $0 | Jackpot $0 | Bingo $0 | Fortune $0
Seat 1: fd27d9e5 folded before Flop (didn't bet)
Seat 2: 53305f44 folded before Flop (didn't bet)
Seat 3: 1bd04c0d (button) collected ($0.12)
Seat 4: 77a10a39 (small blind) folded before Flop
Seat 5: Hero (big blind) folded before Flop
Seat 6: 4caf3991 folded before Flop (didn't bet)


Poker Hand #HD1155517067: Hold'em No Limit  ($0.02/$0.05) - 2023/03/11 13:41:52
Table 'NLHBlue71' 6-max Seat #2 is the button
Seat 1: fd27d9e5 ($10.34 in chips)
Seat 2: 53305f44 ($5 in chips)
Seat 3: 1bd04c0d ($5.72 in chips)
Seat 4: 77a10a39 ($5 in chips)
Seat 5: Hero ($5.01 in chips)
Seat 6: 4caf3991 ($5 in chips)
1bd04c0d: posts small blind $0.02
77a10a39: posts big blind $0.05
*** HOLE CARDS ***
Dealt to fd27d9e5 
Dealt to 53305f44 
Dealt to 1bd04c0d 
Dealt to 77a10a39 
Dealt to Hero [6h 3s]
Dealt to 4caf3991 
Hero: folds
4caf3991: folds
fd27d9e5: raises $0.08 to $0.13
53305f44: folds
1bd04c0d: calls $0.11
77a10a39: calls $0.08
*** FLOP *** [8d Jc 7c]
1bd04c0d: checks
77a10a39: checks
fd27d9e5: checks
*** TURN *** [8d Jc 7c] [4c]
1bd04c0d: bets $0.2
77a10a39: calls $0.2
fd27d9e5: folds
*** RIVER *** [8d Jc 7c 4c] [Ac]
1bd04c0d: checks
77a10a39: bets $0.79
1bd04c0d: folds
Uncalled bet ($0.79) returned to 77a10a39
*** SHOWDOWN ***
77a10a39 collected $0.75 from pot
*** SUMMARY ***
Total pot $0.79 | Rake $0.04 | Jackpot $0 | Bingo $0 | Fortune $0
Board [8d Jc 7c 4c Ac]
Seat 1: fd27d9e5 folded on the Turn
Seat 2: 53305f44 (button) folded before Flop (didn't bet)
Seat 3: 1bd04c0d (small blind) folded on the River
Seat 4: 77a10a39 (big blind) won ($0.75)
Seat 5: Hero folded before Flop (didn't bet)
Seat 6: 4caf3991 folded before Flop (didn't bet)


Poker Hand #HD1155516957: Hold'em No Limit  ($0.02/$0.05) - 2023/03/11 13:41:06
Table 'NLHBlue71' 6-max Seat #1 is the button
Seat 1: fd27d9e5 ($10.34 in chips)
Seat 2: 53305f44 ($5 in chips)
Seat 3: 1bd04c0d ($5.59 in chips)
Seat 4: 77a10a39 ($5 in chips)
Seat 5: Hero ($5.13 in chips)
Seat 6: 4caf3991 ($5 in chips)
53305f44: posts small blind $0.02
1bd04c0d: posts big blind $0.05
*** HOLE CARDS ***
Dealt to fd27d9e5 
Dealt to 53305f44 
Dealt to 1bd04c0d 
Dealt to 77a10a39 
Dealt to Hero [Qs Ts]
Dealt to 4caf3991 
77a10a39: folds
Hero: raises $0.07 to $0.12
4caf3991: folds
fd27d9e5: folds
53305f44: folds
1bd04c0d: calls $0.07
*** FLOP *** [Td Jd 8d]
1bd04c0d: checks
Hero: checks
*** TURN *** [Td Jd 8d] [Kh]
1bd04c0d: bets $0.2
Hero: folds
Uncalled bet ($0.2) returned to 1bd04c0d
*** SHOWDOWN ***
1bd04c0d collected $0.25 from pot
*** SUMMARY ***
Total pot $0.26 | Rake $0.01 | Jackpot $0 | Bingo $0 | Fortune $0
Board [Td Jd 8d Kh]
Seat 1: fd27d9e5 (button) folded before Flop (didn't bet)
Seat 2: 53305f44 (small blind) folded before Flop
Seat 3: 1bd04c0d (big blind) won ($0.25)
Seat 4: 77a10a39 folded before Flop (didn't bet)
Seat 5: Hero folded on the Turn
Seat 6: 4caf3991 folded before Flop (didn't bet)


Poker Hand #HD1155516851: Hold'em No Limit  ($0.02/$0.05) - 2023/03/11 13:40:23
Table 'NLHBlue71' 6-max Seat #6 is the button
Seat 1: fd27d9e5 ($10.36 in chips)
Seat 2: 53305f44 ($5 in chips)
Seat 3: 1bd04c0d ($5.59 in chips)
Seat 4: 77a10a39 ($5 in chips)
Seat 5: Hero ($5 in chips)
Seat 6: 4caf3991 ($5 in chips)
fd27d9e5: posts small blind $0.02
53305f44: posts big blind $0.05
*** HOLE CARDS ***
Dealt to fd27d9e5 
Dealt to 53305f44 
Dealt to 1bd04c0d 
Dealt to 77a10a39 
Dealt to Hero [7s Qs]
Dealt to 4caf3991 
1bd04c0d: folds
77a10a39: folds
Hero: raises $0.07 to $0.12
4caf3991: folds
fd27d9e5: folds
53305f44: calls $0.07
*** FLOP *** [7d 7c Qd]
53305f44: checks
Hero: bets $0.09
53305f44: folds
Uncalled bet ($0.09) returned to Hero
*** SHOWDOWN ***
Hero collected $0.25 from pot
*** SUMMARY ***
Total pot $0.26 | Rake $0.01 | Jackpot $0 | Bingo $0 | Fortune $0
Board [7d 7c Qd]
Seat 1: fd27d9e5 (small blind) folded before Flop
Seat 2: 53305f44 (big blind) folded on the Flop
Seat 3: 1bd04c0d folded before Flop (didn't bet)
Seat 4: 77a10a39 folded before Flop (didn't bet)
Seat 5: Hero won ($0.25)
Seat 6: 4caf3991 (button) folded before Flop (didn't bet)


Poker Hand #HD1155516773: Hold'em No Limit  ($0.02/$0.05) - 2023/03/11 13:39:52
Table 'NLHBlue71' 6-max Seat #5 is the button
Seat 1: fd27d9e5 ($10.46 in chips)
Seat 2: 53305f44 ($5 in chips)
Seat 3: 1bd04c0d ($5.48 in chips)
Seat 4: 77a10a39 ($5 in chips)
Seat 5: Hero ($5 in chips)
Seat 6: 4caf3991 ($5 in chips)
4caf3991: posts small blind $0.02
fd27d9e5: posts big blind $0.05
*** HOLE CARDS ***
Dealt to fd27d9e5 
Dealt to 53305f44 
Dealt to 1bd04c0d 
Dealt to 77a10a39 
Dealt to Hero [2d 8c]
Dealt to 4caf3991 
53305f44: folds
1bd04c0d: raises $0.05 to $0.1
77a10a39: folds
Hero: folds
4caf3991: folds
fd27d9e5: calls $0.05
*** FLOP *** [6c Qs 6d]
fd27d9e5: checks
1bd04c0d: bets $0.11
fd27d9e5: folds
Uncalled bet ($0.11) returned to 1bd04c0d
*** SHOWDOWN ***
1bd04c0d collected $0.21 from pot
*** SUMMARY ***
Total pot $0.22 | Rake $0.01 | Jackpot $0 | Bingo $0 | Fortune $0
Board [6c Qs 6d]
Seat 1: fd27d9e5 (big blind) folded on the Flop
Seat 2: 53305f44 folded before Flop (didn't bet)
Seat 3: 1bd04c0d won ($0.21)
Seat 4: 77a10a39 folded before Flop (didn't bet)
Seat 5: Hero (button) folded before Flop (didn't bet)
Seat 6: 4caf3991 (small blind) folded before Flop


Poker Hand #HD1155516650: Hold'em No Limit  ($0.02/$0.05) - 2023/03/11 13:38:59
Table 'NLHBlue71' 6-max Seat #4 is the button
Seat 1: fd27d9e5 ($10.46 in chips)
Seat 2: 53305f44 ($5 in chips)
Seat 3: 1bd04c0d ($5.36 in chips)
Seat 4: 77a10a39 ($5.03 in chips)
Seat 5: Hero ($5 in chips)
Seat 6: 4caf3991 ($5 in chips)
Hero: posts small blind $0.02
4caf3991: posts big blind $0.05
*** HOLE CARDS ***
Dealt to fd27d9e5 
Dealt to 53305f44 
Dealt to 1bd04c0d 
Dealt to 77a10a39 
Dealt to Hero [Js Th]
Dealt to 4caf3991 
fd27d9e5: folds
53305f44: folds
1bd04c0d: calls $0.05
77a10a39: calls $0.05
Hero: folds
4caf3991: checks
*** FLOP *** [6d 2h 7c]
4caf3991: checks
1bd04c0d: bets $0.09
77a10a39: folds
4caf3991: folds
Uncalled bet ($0.09) returned to 1bd04c0d
*** SHOWDOWN ***
1bd04c0d collected $0.17 from pot
*** SUMMARY ***
Total pot $0.17 | Rake $0 | Jackpot $0 | Bingo $0 | Fortune $0
Board [6d 2h 7c]
Seat 1: fd27d9e5 folded before Flop (didn't bet)
Seat 2: 53305f44 folded before Flop (didn't bet)
Seat 3: 1bd04c0d won ($0.17)
Seat 4: 77a10a39 (button) folded on the Flop
Seat 5: Hero (small blind) folded before Flop
Seat 6: 4caf3991 (big blind) folded on the Flop


Poker Hand #HD1155516528: Hold'em No Limit  ($0.02/$0.05) - 2023/03/11 13:38:10
Table 'NLHBlue71' 6-max Seat #3 is the button
Seat 1: fd27d9e5 ($10.46 in chips)
Seat 2: 53305f44 ($5 in chips)
Seat 3: 1bd04c0d ($5.13 in chips)
Seat 4: 77a10a39 ($5.05 in chips)
Seat 5: Hero ($5.2 in chips)
Seat 6: 4caf3991 ($5 in chips)
77a10a39: posts small blind $0.02
Hero: posts big blind $0.05
*** HOLE CARDS ***
Dealt to fd27d9e5 
Dealt to 53305f44 
Dealt to 1bd04c0d 
Dealt to 77a10a39 
Dealt to Hero [Td Kd]
Dealt to 4caf3991 
4caf3991: folds
fd27d9e5: folds
53305f44: folds
1bd04c0d: calls $0.05
77a10a39: folds
Hero: raises $0.18 to $0.23
1bd04c0d: calls $0.18
*** FLOP *** [8s 8c 9c]
Hero: checks
1bd04c0d: bets $0.16
Hero: folds
Uncalled bet ($0.16) returned to 1bd04c0d
*** SHOWDOWN ***
1bd04c0d collected $0.46 from pot
*** SUMMARY ***
Total pot $0.48 | Rake $0.02 | Jackpot $0 | Bingo $0 | Fortune $0
Board [8s 8c 9c]
Seat 1: fd27d9e5 folded before Flop (didn't bet)
Seat 2: 53305f44 folded before Flop (didn't bet)
Seat 3: 1bd04c0d (button) won ($0.46)
Seat 4: 77a10a39 (small blind) folded before Flop
Seat 5: Hero (big blind) folded on the Flop
Seat 6: 4caf3991 folded before Flop (didn't bet)


Poker Hand #HD1155516499: Hold'em No Limit  ($0.02/$0.05) - 2023/03/11 13:37:56
Table 'NLHBlue71' 6-max Seat #2 is the button
Seat 1: fd27d9e5 ($10.46 in chips)
Seat 2: 53305f44 ($5 in chips)
Seat 3: 1bd04c0d ($5.15 in chips)
Seat 4: 77a10a39 ($5 in chips)
Seat 5: Hero ($5.13 in chips)
Seat 6: 4caf3991 ($5 in chips)
1bd04c0d: posts small blind $0.02
77a10a39: posts big blind $0.05
*** HOLE CARDS ***
Dealt to fd27d9e5 
Dealt to 53305f44 
Dealt to 1bd04c0d 
Dealt to 77a10a39 
Dealt to Hero [7h Ah]
Dealt to 4caf3991 
Hero: raises $0.07 to $0.12
4caf3991: folds
fd27d9e5: folds
53305f44: folds
1bd04c0d: folds
77a10a39: folds
Uncalled bet ($0.07) returned to Hero
*** SHOWDOWN ***
Hero collected $0.12 from pot
*** SUMMARY ***
Total pot $0.12 | Rake $0 | Jackpot $0 | Bingo $0 | Fortune $0
Seat 1: fd27d9e5 folded before Flop (didn't bet)
Seat 2: 53305f44 (button) folded before Flop (didn't bet)
Seat 3: 1bd04c0d (small blind) folded before Flop
Seat 4: 77a10a39 (big blind) folded before Flop
Seat 5: Hero collected ($0.12)
Seat 6: 4caf3991 folded before Flop (didn't bet)


Poker Hand #HD1155516352: Hold'em No Limit  ($0.02/$0.05) - 2023/03/11 13:36:51
Table 'NLHBlue71' 6-max Seat #1 is the button
Seat 1: fd27d9e5 ($10.46 in chips)
Seat 2: 53305f44 ($5.02 in chips)
Seat 3: 1bd04c0d ($5 in chips)
Seat 4: 77a10a39 ($5 in chips)
Seat 5: Hero ($5.13 in chips)
Seat 6: 4caf3991 ($5 in chips)
53305f44: posts small blind $0.02
1bd04c0d: posts big blind $0.05
*** HOLE CARDS ***
Dealt to fd27d9e5 
Dealt to 53305f44 
Dealt to 1bd04c0d 
Dealt to 77a10a39 
Dealt to Hero [7s Tc]
Dealt to 4caf3991 
77a10a39: folds
Hero: folds
4caf3991: folds
fd27d9e5: folds
53305f44: raises $0.11 to $0.16
1bd04c0d: calls $0.11
*** FLOP *** [3s 6d Jd]
53305f44: checks
1bd04c0d: checks
*** TURN *** [3s 6d Jd] [3d]
53305f44: checks
1bd04c0d: checks
*** RIVER *** [3s 6d Jd 3d] [5d]
53305f44: checks
1bd04c0d: checks
53305f44: shows [Ah 8s] (Pair of Treys)
1bd04c0d: shows [Jh Qs] (Pair of Jacks and Pair of Treys)
*** SHOWDOWN ***
1bd04c0d collected $0.31 from pot
*** SUMMARY ***
Total pot $0.32 | Rake $0.01 | Jackpot $0 | Bingo $0 | Fortune $0
Board [3s 6d Jd 3d 5d]
Seat 1: fd27d9e5 (button) folded before Flop (didn't bet)
Seat 2: 53305f44 (small blind) showed [Ah 8s] and lost with Pair of Treys
Seat 3: 1bd04c0d (big blind) showed [Jh Qs] and won ($0.31) with Pair of Jacks and Pair of Treys
Seat 4: 77a10a39 folded before Flop (didn't bet)
Seat 5: Hero folded before Flop (didn't bet)
Seat 6: 4caf3991 folded before Flop (didn't bet)


Poker Hand #HD1155516293: Hold'em No Limit  ($0.02/$0.05) - 2023/03/11 13:36:30
Table 'NLHBlue71' 6-max Seat #6 is the button
Seat 1: fd27d9e5 ($10.48 in chips)
Seat 2: 53305f44 ($5.14 in chips)
Seat 4: 77a10a39 ($5 in chips)
Seat 5: Hero ($5 in chips)
Seat 6: 4caf3991 ($5 in chips)
fd27d9e5: posts small blind $0.02
53305f44: posts big blind $0.05
*** HOLE CARDS ***
Dealt to fd27d9e5 
Dealt to 53305f44 
Dealt to 77a10a39 
Dealt to Hero [Ac Ad]
Dealt to 4caf3991 
77a10a39: folds
Hero: raises $0.07 to $0.12
4caf3991: folds
fd27d9e5: folds
53305f44: calls $0.07
*** FLOP *** [7s Kh 4d]
53305f44: checks
Hero: bets $0.09
53305f44: folds
Uncalled bet ($0.09) returned to Hero
*** SHOWDOWN ***
Hero collected $0.25 from pot
*** SUMMARY ***
Total pot $0.26 | Rake $0.01 | Jackpot $0 | Bingo $0 | Fortune $0
Board [7s Kh 4d]
Seat 1: fd27d9e5 (small blind) folded before Flop
Seat 2: 53305f44 (big blind) folded on the Flop
Seat 4: 77a10a39 folded before Flop (didn't bet)
Seat 5: Hero won ($0.25)
Seat 6: 4caf3991 (button) folded before Flop (didn't bet)


Poker Hand #HD1155516173: Hold'em No Limit  ($0.02/$0.05) - 2023/03/11 13:35:40
Table 'NLHBlue71' 6-max Seat #5 is the button
Seat 1: fd27d9e5 ($9.65 in chips)
Seat 2: 53305f44 ($5.14 in chips)
Seat 4: 77a10a39 ($5 in chips)
Seat 5: Hero ($5.13 in chips)
Seat 6: 4caf3991 ($5 in chips)
4caf3991: posts small blind $0.02
fd27d9e5: posts big blind $0.05
*** HOLE CARDS ***
Dealt to fd27d9e5 
Dealt to 53305f44 
Dealt to 77a10a39 
Dealt to Hero [As Js]
Dealt to 4caf3991 
53305f44: folds
77a10a39: folds
Hero: raises $0.07 to $0.12
4caf3991: folds
fd27d9e5: calls $0.07
*** FLOP *** [3c Ah 2s]
fd27d9e5: checks
Hero: bets $0.09
fd27d9e5: raises $0.26 to $0.35
Hero: calls $0.26
*** TURN *** [3c Ah 2s] [4d]
fd27d9e5: bets $0.48
Hero: calls $0.48
*** RIVER *** [3c Ah 2s 4d] [8s]
fd27d9e5: checks
Hero: checks
fd27d9e5: shows [Ac 3h] (Pair of Aces and Pair of Treys)
Hero: shows [As Js] (Pair of Aces)
*** SHOWDOWN ***
fd27d9e5 collected $1.78 from pot
*** SUMMARY ***
Total pot $1.92 | Rake $0.09 | Jackpot $0.05 | Bingo $0 | Fortune $0
Board [3c Ah 2s 4d 8s]
Seat 1: fd27d9e5 (big blind) showed [Ac 3h] and won ($1.78) with Pair of Aces and Pair of Treys
Seat 2: 53305f44 folded before Flop (didn't bet)
Seat 4: 77a10a39 folded before Flop (didn't bet)
Seat 5: Hero (button) showed [As Js] and lost with Pair of Aces
Seat 6: 4caf3991 (small blind) folded before Flop


Poker Hand #HD1155516126: Hold'em No Limit  ($0.02/$0.05) - 2023/03/11 13:35:18
Table 'NLHBlue71' 6-max Seat #4 is the button
Seat 1: fd27d9e5 ($9.65 in chips)
Seat 2: 53305f44 ($5.07 in chips)
Seat 4: 77a10a39 ($5 in chips)
Seat 5: Hero ($5.15 in chips)
Seat 6: 4caf3991 ($5 in chips)
Hero: posts small blind $0.02
4caf3991: posts big blind $0.05
*** HOLE CARDS ***
Dealt to fd27d9e5 
Dealt to 53305f44 
Dealt to 77a10a39 
Dealt to Hero [5c Ks]
Dealt to 4caf3991 
fd27d9e5: folds
53305f44: raises $0.09 to $0.14
77a10a39: folds
Hero: folds
4caf3991: folds
Uncalled bet ($0.09) returned to 53305f44
*** SHOWDOWN ***
53305f44 collected $0.12 from pot
*** SUMMARY ***
Total pot $0.12 | Rake $0 | Jackpot $0 | Bingo $0 | Fortune $0
Seat 1: fd27d9e5 folded before Flop (didn't bet)
Seat 2: 53305f44 collected ($0.12)
Seat 4: 77a10a39 (button) folded before Flop (didn't bet)
Seat 5: Hero (small blind) folded before Flop
Seat 6: 4caf3991 (big blind) folded before Flop


Poker Hand #HD1155516096: Hold'em No Limit  ($0.02/$0.05) - 2023/03/11 13:35:07
Table 'NLHBlue71' 6-max Seat #2 is the button
Seat 1: fd27d9e5 ($9.65 in chips)
Seat 2: 53305f44 ($5 in chips)
Seat 4: 77a10a39 ($5 in chips)
Seat 5: Hero ($5.2 in chips)
77a10a39: posts small blind $0.02
Hero: posts big blind $0.05
*** HOLE CARDS ***
Dealt to fd27d9e5 
Dealt to 53305f44 
Dealt to 77a10a39 
Dealt to Hero [7s 3c]
fd27d9e5: folds
53305f44: raises $0.09 to $0.14
77a10a39: folds
Hero: folds
Uncalled bet ($0.09) returned to 53305f44
*** SHOWDOWN ***
53305f44 collected $0.12 from pot
*** SUMMARY ***
Total pot $0.12 | Rake $0 | Jackpot $0 | Bingo $0 | Fortune $0
Seat 1: fd27d9e5 folded before Flop (didn't bet)
Seat 2: 53305f44 (button) collected ($0.12)
Seat 4: 77a10a39 (small blind) folded before Flop
Seat 5: Hero (big blind) folded before Flop


Poker Hand #HD1155516054: Hold'em No Limit  ($0.02/$0.05) - 2023/03/11 13:34:49
Table 'NLHBlue71' 6-max Seat #1 is the button
Seat 1: fd27d9e5 ($9.65 in chips)
Seat 2: 53305f44 ($5 in chips)
Seat 4: 77a10a39 ($5 in chips)
Seat 5: Hero ($5.13 in chips)
53305f44: posts small blind $0.02
77a10a39: posts big blind $0.05
*** HOLE CARDS ***
Dealt to fd27d9e5 
Dealt to 53305f44 
Dealt to 77a10a39 
Dealt to Hero [As Ac]
Hero: raises $0.07 to $0.12
fd27d9e5: folds
53305f44: folds
77a10a39: folds
Uncalled bet ($0.07) returned to Hero
*** SHOWDOWN ***
Hero collected $0.12 from pot
*** SUMMARY ***
Total pot $0.12 | Rake $0 | Jackpot $0 | Bingo $0 | Fortune $0
Seat 1: fd27d9e5 (button) folded before Flop (didn't bet)
Seat 2: 53305f44 (small blind) folded before Flop
Seat 4: 77a10a39 (big blind) folded before Flop
Seat 5: Hero collected ($0.12)


Poker Hand #HD1155516023: Hold'em No Limit  ($0.02/$0.05) - 2023/03/11 13:34:38
Table 'NLHBlue71' 6-max Seat #5 is the button
Seat 1: fd27d9e5 ($9.67 in chips)
Seat 2: 53305f44 ($5 in chips)
Seat 3: 8b2d0d0a ($2.75 in chips)
Seat 4: 77a10a39 ($5 in chips)
Seat 5: Hero ($5.06 in chips)
fd27d9e5: posts small blind $0.02
53305f44: posts big blind $0.05
*** HOLE CARDS ***
Dealt to fd27d9e5 
Dealt to 53305f44 
Dealt to 8b2d0d0a 
Dealt to 77a10a39 
Dealt to Hero [Qs Jc]
8b2d0d0a: folds
77a10a39: folds
Hero: raises $0.07 to $0.12
fd27d9e5: folds
53305f44: folds
Uncalled bet ($0.07) returned to Hero
*** SHOWDOWN ***
Hero collected $0.12 from pot
*** SUMMARY ***
Total pot $0.12 | Rake $0 | Jackpot $0 | Bingo $0 | Fortune $0
Seat 1: fd27d9e5 (small blind) folded before Flop
Seat 2: 53305f44 (big blind) folded before Flop
Seat 3: 8b2d0d0a folded before Flop (didn't bet)
Seat 4: 77a10a39 folded before Flop (didn't bet)
Seat 5: Hero (button) collected ($0.12)


Poker Hand #HD1155515876: Hold'em No Limit  ($0.02/$0.05) - 2023/03/11 13:33:35
Table 'NLHBlue71' 6-max Seat #4 is the button
Seat 1: fd27d9e5 ($9.94 in chips)
Seat 2: 53305f44 ($5 in chips)
Seat 3: 8b2d0d0a ($2.2 in chips)
Seat 4: 77a10a39 ($5 in chips)
Seat 5: Hero ($5.33 in chips)
Seat 6: d0a9f233 ($7.1 in chips)
Hero: posts small blind $0.02
d0a9f233: posts big blind $0.05
*** HOLE CARDS ***
Dealt to fd27d9e5 
Dealt to 53305f44 
Dealt to 8b2d0d0a 
Dealt to 77a10a39 
Dealt to Hero [As Th]
Dealt to d0a9f233 
fd27d9e5: raises $0.08 to $0.13
53305f44: folds
8b2d0d0a: calls $0.13
77a10a39: folds
Hero: calls $0.11
d0a9f233: folds
*** FLOP *** [4s Qh Ad]
Hero: checks
fd27d9e5: bets $0.14
8b2d0d0a: calls $0.14
Hero: calls $0.14
*** TURN *** [4s Qh Ad] [Qs]
Hero: checks
fd27d9e5: checks
8b2d0d0a: bets $0.43
Hero: folds
fd27d9e5: folds
Uncalled bet ($0.43) returned to 8b2d0d0a
*** SHOWDOWN ***
8b2d0d0a collected $0.82 from pot
*** SUMMARY ***
Total pot $0.86 | Rake $0.04 | Jackpot $0 | Bingo $0 | Fortune $0
Board [4s Qh Ad Qs]
Seat 1: fd27d9e5 folded on the Turn
Seat 2: 53305f44 folded before Flop (didn't bet)
Seat 3: 8b2d0d0a won ($0.82)
Seat 4: 77a10a39 (button) folded before Flop (didn't bet)
Seat 5: Hero (small blind) folded on the Turn
Seat 6: d0a9f233 (big blind) folded before Flop


Poker Hand #HD1155515803: Hold'em No Limit  ($0.02/$0.05) - 2023/03/11 13:33:01
Table 'NLHBlue71' 6-max Seat #3 is the button
Seat 1: fd27d9e5 ($9.94 in chips)
Seat 2: 53305f44 ($5 in chips)
Seat 3: 8b2d0d0a ($2.2 in chips)
Seat 4: 77a10a39 ($5 in chips)
Seat 5: Hero ($5.52 in chips)
Seat 6: d0a9f233 ($6.91 in chips)
77a10a39: posts small blind $0.02
Hero: posts big blind $0.05
*** HOLE CARDS ***
Dealt to fd27d9e5 
Dealt to 53305f44 
Dealt to 8b2d0d0a 
Dealt to 77a10a39 
Dealt to Hero [Td 8h]
Dealt to d0a9f233 
d0a9f233: calls $0.05
fd27d9e5: folds
53305f44: folds
8b2d0d0a: folds
77a10a39: folds
Hero: checks
*** FLOP *** [7d 5h 6d]
Hero: bets $0.09
d0a9f233: calls $0.09
*** TURN *** [7d 5h 6d] [Jh]
Hero: checks
d0a9f233: bets $0.05
Hero: calls $0.05
*** RIVER *** [7d 5h 6d Jh] [5d]
Hero: checks
d0a9f233: checks
Hero: shows [Td 8h] (Pair of Fives)
d0a9f233: shows [Ks 4d] (Pair of Fives)
*** SHOWDOWN ***
d0a9f233 collected $0.38 from pot
*** SUMMARY ***
Total pot $0.4 | Rake $0.02 | Jackpot $0 | Bingo $0 | Fortune $0
Board [7d 5h 6d Jh 5d]
Seat 1: fd27d9e5 folded before Flop (didn't bet)
Seat 2: 53305f44 folded before Flop (didn't bet)
Seat 3: 8b2d0d0a (button) folded before Flop (didn't bet)
Seat 4: 77a10a39 (small blind) folded before Flop
Seat 5: Hero (big blind) showed [Td 8h] and lost with Pair of Fives
Seat 6: d0a9f233 showed [Ks 4d] and won ($0.38) with Pair of Fives


Poker Hand #HD1155515741: Hold'em No Limit  ($0.02/$0.05) - 2023/03/11 13:32:37
Table 'NLHBlue71' 6-max Seat #2 is the button
Seat 1: fd27d9e5 ($9.94 in chips)
Seat 2: 53305f44 ($5.05 in chips)
Seat 3: 8b2d0d0a ($2.02 in chips)
Seat 4: 77a10a39 ($5 in chips)
Seat 5: Hero ($5.52 in chips)
Seat 6: d0a9f233 ($6.91 in chips)
8b2d0d0a: posts small blind $0.02
77a10a39: posts big blind $0.05
*** HOLE CARDS ***
Dealt to fd27d9e5 
Dealt to 53305f44 
Dealt to 8b2d0d0a 
Dealt to 77a10a39 
Dealt to Hero [Ac 9s]
Dealt to d0a9f233 
Hero: folds
d0a9f233: folds
fd27d9e5: folds
53305f44: raises $0.09 to $0.14
8b2d0d0a: raises $0.25 to $0.39
77a10a39: folds
53305f44: folds
Uncalled bet ($0.25) returned to 8b2d0d0a
*** SHOWDOWN ***
8b2d0d0a collected $0.32 from pot
*** SUMMARY ***
Total pot $0.33 | Rake $0.01 | Jackpot $0 | Bingo $0 | Fortune $0
Seat 1: fd27d9e5 folded before Flop (didn't bet)
Seat 2: 53305f44 (button) folded before Flop
Seat 3: 8b2d0d0a (small blind) collected ($0.32)
Seat 4: 77a10a39 (big blind) folded before Flop
Seat 5: Hero folded before Flop (didn't bet)
Seat 6: d0a9f233 folded before Flop (didn't bet)


Poker Hand #HD1155515711: Hold'em No Limit  ($0.02/$0.05) - 2023/03/11 13:32:23
Table 'NLHBlue71' 6-max Seat #1 is the button
Seat 1: fd27d9e5 ($9.94 in chips)
Seat 2: 53305f44 ($5 in chips)
Seat 3: 8b2d0d0a ($2.07 in chips)
Seat 4: 77a10a39 ($5 in chips)
Seat 5: Hero ($5.52 in chips)
Seat 6: d0a9f233 ($6.91 in chips)
53305f44: posts small blind $0.02
8b2d0d0a: posts big blind $0.05
*** HOLE CARDS ***
Dealt to fd27d9e5 
Dealt to 53305f44 
Dealt to 8b2d0d0a 
Dealt to 77a10a39 
Dealt to Hero [Ts 4d]
Dealt to d0a9f233 
77a10a39: folds
Hero: folds
d0a9f233: folds
fd27d9e5: folds
53305f44: raises $0.11 to $0.16
8b2d0d0a: folds
Uncalled bet ($0.11) returned to 53305f44
*** SHOWDOWN ***
53305f44 collected $0.1 from pot
*** SUMMARY ***
Total pot $0.1 | Rake $0 | Jackpot $0 | Bingo $0 | Fortune $0
Seat 1: fd27d9e5 (button) folded before Flop (didn't bet)
Seat 2: 53305f44 (small blind) collected ($0.1)
Seat 3: 8b2d0d0a (big blind) folded before Flop
Seat 4: 77a10a39 folded before Flop (didn't bet)
Seat 5: Hero folded before Flop (didn't bet)
Seat 6: d0a9f233 folded before Flop (didn't bet)


Poker Hand #HD1155515673: Hold'em No Limit  ($0.02/$0.05) - 2023/03/11 13:32:12
Table 'NLHBlue71' 6-max Seat #6 is the button
Seat 1: fd27d9e5 ($9.96 in chips)
Seat 2: 53305f44 ($5 in chips)
Seat 3: 8b2d0d0a ($2 in chips)
Seat 4: 77a10a39 ($5 in chips)
Seat 5: Hero ($5.52 in chips)
Seat 6: d0a9f233 ($6.91 in chips)
fd27d9e5: posts small blind $0.02
53305f44: posts big blind $0.05
*** HOLE CARDS ***
Dealt to fd27d9e5 
Dealt to 53305f44 
Dealt to 8b2d0d0a 
Dealt to 77a10a39 
Dealt to Hero [6h 4s]
Dealt to d0a9f233 
8b2d0d0a: raises $0.1 to $0.15
77a10a39: folds
Hero: folds
d0a9f233: folds
fd27d9e5: folds
53305f44: folds
Uncalled bet ($0.1) returned to 8b2d0d0a
*** SHOWDOWN ***
8b2d0d0a collected $0.12 from pot
*** SUMMARY ***
Total pot $0.12 | Rake $0 | Jackpot $0 | Bingo $0 | Fortune $0
Seat 1: fd27d9e5 (small blind) folded before Flop
Seat 2: 53305f44 (big blind) folded before Flop
Seat 3: 8b2d0d0a collected ($0.12)
Seat 4: 77a10a39 folded before Flop (didn't bet)
Seat 5: Hero folded before Flop (didn't bet)
Seat 6: d0a9f233 (button) folded before Flop (didn't bet)


Poker Hand #HD1155445564: Hold'em No Limit  ($0.02/$0.05) - 2023/03/11 13:31:22
Table 'NLHBlue71' 6-max Seat #5 is the button
Seat 1: fd27d9e5 ($10.01 in chips)
Seat 2: 53305f44 ($5 in chips)
Seat 3: 8b2d0d0a ($2 in chips)
Seat 4: 77a10a39 ($5 in chips)
Seat 5: Hero ($5.17 in chips)
Seat 6: d0a9f233 ($7.24 in chips)
d0a9f233: posts small blind $0.02
fd27d9e5: posts big blind $0.05
*** HOLE CARDS ***
Dealt to fd27d9e5 
Dealt to 53305f44 
Dealt to 8b2d0d0a 
Dealt to 77a10a39 
Dealt to Hero [8d 4d]
Dealt to d0a9f233 
53305f44: folds
8b2d0d0a: folds
77a10a39: folds
Hero: raises $0.07 to $0.12
d0a9f233: calls $0.1
fd27d9e5: folds
*** FLOP *** [3d 6d 8c]
d0a9f233: bets $0.05
Hero: raises $0.11 to $0.16
d0a9f233: calls $0.11
*** TURN *** [3d 6d 8c] [Td]
d0a9f233: bets $0.05
Hero: raises $0.54 to $0.59
d0a9f233: folds
Uncalled bet ($0.54) returned to Hero
*** SHOWDOWN ***
Hero collected $0.68 from pot
*** SUMMARY ***
Total pot $0.71 | Rake $0.03 | Jackpot $0 | Bingo $0 | Fortune $0
Board [3d 6d 8c Td]
Seat 1: fd27d9e5 (big blind) folded before Flop
Seat 2: 53305f44 folded before Flop (didn't bet)
Seat 3: 8b2d0d0a folded before Flop (didn't bet)
Seat 4: 77a10a39 folded before Flop (didn't bet)
Seat 5: Hero (button) won ($0.68)
Seat 6: d0a9f233 (small blind) folded on the Turn


Poker Hand #HD1155445480: Hold'em No Limit  ($0.02/$0.05) - 2023/03/11 13:30:47
Table 'NLHBlue71' 6-max Seat #4 is the button
Seat 1: fd27d9e5 ($10.01 in chips)
Seat 2: 53305f44 ($5.17 in chips)
Seat 3: 8b2d0d0a ($2 in chips)
Seat 4: 77a10a39 ($5 in chips)
Seat 5: Hero ($5.19 in chips)
Seat 6: d0a9f233 ($6.78 in chips)
Hero: posts small blind $0.02
d0a9f233: posts big blind $0.05
*** HOLE CARDS ***
Dealt to fd27d9e5 
Dealt to 53305f44 
Dealt to 8b2d0d0a 
Dealt to 77a10a39 
Dealt to Hero [Jd 5c]
Dealt to d0a9f233 
fd27d9e5: folds
53305f44: raises $0.07 to $0.12
8b2d0d0a: folds
77a10a39: folds
Hero: folds
d0a9f233: raises $0.07 to $0.19
53305f44: calls $0.07
*** FLOP *** [8c 4c 2h]
d0a9f233: bets $0.05
53305f44: raises $0.25 to $0.3
d0a9f233: calls $0.25
*** TURN *** [8c 4c 2h] [4h]
d0a9f233: checks
53305f44: checks
*** RIVER *** [8c 4c 2h 4h] [Js]
d0a9f233: bets $0.05
53305f44: folds
Uncalled bet ($0.05) returned to d0a9f233
*** SHOWDOWN ***
d0a9f233 collected $0.95 from pot
*** SUMMARY ***
Total pot $1 | Rake $0.05 | Jackpot $0 | Bingo $0 | Fortune $0
Board [8c 4c 2h 4h Js]
Seat 1: fd27d9e5 folded before Flop (didn't bet)
Seat 2: 53305f44 folded on the River
Seat 3: 8b2d0d0a folded before Flop (didn't bet)
Seat 4: 77a10a39 (button) folded before Flop (didn't bet)
Seat 5: Hero (small blind) folded before Flop
Seat 6: d0a9f233 (big blind) won ($0.95)


Poker Hand #HD1155445387: Hold'em No Limit  ($0.02/$0.05) - 2023/03/11 13:30:07
Table 'NLHBlue71' 6-max Seat #3 is the button
Seat 1: fd27d9e5 ($9.87 in chips)
Seat 2: 53305f44 ($5.17 in chips)
Seat 3: 8b2d0d0a ($2 in chips)
Seat 4: 77a10a39 ($5 in chips)
Seat 5: Hero ($5.32 in chips)
Seat 6: d0a9f233 ($6.78 in chips)
77a10a39: posts small blind $0.02
Hero: posts big blind $0.05
*** HOLE CARDS ***
Dealt to fd27d9e5 
Dealt to 53305f44 
Dealt to 8b2d0d0a 
Dealt to 77a10a39 
Dealt to Hero [9s Qs]
Dealt to d0a9f233 
d0a9f233: folds
fd27d9e5: raises $0.08 to $0.13
53305f44: folds
8b2d0d0a: folds
77a10a39: folds
Hero: calls $0.08
*** FLOP *** [Ad Kd 9h]
Hero: checks
fd27d9e5: bets $0.09
Hero: folds
Uncalled bet ($0.09) returned to fd27d9e5
*** SHOWDOWN ***
fd27d9e5 collected $0.27 from pot
*** SUMMARY ***
Total pot $0.28 | Rake $0.01 | Jackpot $0 | Bingo $0 | Fortune $0
Board [Ad Kd 9h]
Seat 1: fd27d9e5 won ($0.27)
Seat 2: 53305f44 folded before Flop (didn't bet)
Seat 3: 8b2d0d0a (button) folded before Flop (didn't bet)
Seat 4: 77a10a39 (small blind) folded before Flop
Seat 5: Hero (big blind) folded on the Flop
Seat 6: d0a9f233 folded before Flop (didn't bet)


Poker Hand #HD1155445338: Hold'em No Limit  ($0.02/$0.05) - 2023/03/11 13:29:44
Table 'NLHBlue71' 6-max Seat #2 is the button
Seat 1: fd27d9e5 ($9.87 in chips)
Seat 2: 53305f44 ($5.1 in chips)
Seat 3: 8b2d0d0a ($2 in chips)
Seat 4: 77a10a39 ($5 in chips)
Seat 5: Hero ($5.32 in chips)
Seat 6: d0a9f233 ($6.78 in chips)
8b2d0d0a: posts small blind $0.02
77a10a39: posts big blind $0.05
*** HOLE CARDS ***
Dealt to fd27d9e5 
Dealt to 53305f44 
Dealt to 8b2d0d0a 
Dealt to 77a10a39 
Dealt to Hero [Js 7h]
Dealt to d0a9f233 
Hero: folds
d0a9f233: folds
fd27d9e5: folds
53305f44: raises $0.09 to $0.14
8b2d0d0a: folds
77a10a39: folds
Uncalled bet ($0.09) returned to 53305f44
*** SHOWDOWN ***
53305f44 collected $0.12 from pot
*** SUMMARY ***
Total pot $0.12 | Rake $0 | Jackpot $0 | Bingo $0 | Fortune $0
Seat 1: fd27d9e5 folded before Flop (didn't bet)
Seat 2: 53305f44 (button) collected ($0.12)
Seat 3: 8b2d0d0a (small blind) folded before Flop
Seat 4: 77a10a39 (big blind) folded before Flop
Seat 5: Hero folded before Flop (didn't bet)
Seat 6: d0a9f233 folded before Flop (didn't bet)


Poker Hand #HD1155445290: Hold'em No Limit  ($0.02/$0.05) - 2023/03/11 13:29:21
Table 'NLHBlue71' 6-max Seat #1 is the button
Seat 1: fd27d9e5 ($9.87 in chips)
Seat 2: 53305f44 ($5 in chips)
Seat 3: 8b2d0d0a ($2 in chips)
Seat 4: 77a10a39 ($5 in chips)
Seat 5: Hero ($5.32 in chips)
Seat 6: d0a9f233 ($6.83 in chips)
53305f44: posts small blind $0.02
8b2d0d0a: posts big blind $0.05
*** HOLE CARDS ***
Dealt to fd27d9e5 
Dealt to 53305f44 
Dealt to 8b2d0d0a 
Dealt to 77a10a39 
Dealt to Hero [5s Qc]
Dealt to d0a9f233 
77a10a39: folds
Hero: folds
d0a9f233: calls $0.05
fd27d9e5: folds
53305f44: raises $0.25 to $0.3
8b2d0d0a: folds
d0a9f233: folds
Uncalled bet ($0.25) returned to 53305f44
*** SHOWDOWN ***
53305f44 collected $0.15 from pot
*** SUMMARY ***
Total pot $0.15 | Rake $0 | Jackpot $0 | Bingo $0 | Fortune $0
Seat 1: fd27d9e5 (button) folded before Flop (didn't bet)
Seat 2: 53305f44 (small blind) collected ($0.15)
Seat 3: 8b2d0d0a (big blind) folded before Flop
Seat 4: 77a10a39 folded before Flop (didn't bet)
Seat 5: Hero folded before Flop (didn't bet)
Seat 6: d0a9f233 folded before Flop


Poker Hand #HD1155445169: Hold'em No Limit  ($0.02/$0.05) - 2023/03/11 13:28:34
Table 'NLHBlue71' 6-max Seat #6 is the button
Seat 1: fd27d9e5 ($9.89 in chips)
Seat 2: 53305f44 ($5.07 in chips)
Seat 3: 68baefc0 ($6.55 in chips)
Seat 4: 77a10a39 ($5 in chips)
Seat 5: Hero ($5.32 in chips)
Seat 6: d0a9f233 ($6.63 in chips)
fd27d9e5: posts small blind $0.02
53305f44: posts big blind $0.05
*** HOLE CARDS ***
Dealt to fd27d9e5 
Dealt to 53305f44 
Dealt to 68baefc0 
Dealt to 77a10a39 
Dealt to Hero [5d Kh]
Dealt to d0a9f233 
68baefc0: folds
77a10a39: folds
Hero: folds
d0a9f233: calls $0.05
fd27d9e5: folds
53305f44: checks
*** FLOP *** [7d Tc Ts]
53305f44: checks
d0a9f233: bets $0.05
53305f44: calls $0.05
*** TURN *** [7d Tc Ts] [5s]
53305f44: checks
d0a9f233: bets $0.05
53305f44: calls $0.05
*** RIVER *** [7d Tc Ts 5s] [Jd]
53305f44: checks
d0a9f233: bets $0.05
53305f44: calls $0.05
d0a9f233: shows [Qh Qs] (Pair of Queens and Pair of Tens)
53305f44: shows [4h 7s] (Pair of Tens and Pair of Sevens)
*** SHOWDOWN ***
d0a9f233 collected $0.4 from pot
*** SUMMARY ***
Total pot $0.42 | Rake $0.02 | Jackpot $0 | Bingo $0 | Fortune $0
Board [7d Tc Ts 5s Jd]
Seat 1: fd27d9e5 (small blind) folded before Flop
Seat 2: 53305f44 (big blind) showed [4h 7s] and lost with Pair of Tens and Pair of Sevens
Seat 3: 68baefc0 folded before Flop (didn't bet)
Seat 4: 77a10a39 folded before Flop (didn't bet)
Seat 5: Hero folded before Flop (didn't bet)
Seat 6: d0a9f233 (button) showed [Qh Qs] and won ($0.4) with Pair of Queens and Pair of Tens


Poker Hand #HD1155445064: Hold'em No Limit  ($0.02/$0.05) - 2023/03/11 13:27:50
Table 'NLHBlue71' 6-max Seat #5 is the button
Seat 1: fd27d9e5 ($9.94 in chips)
Seat 2: 53305f44 ($5.07 in chips)
Seat 3: 68baefc0 ($7.23 in chips)
Seat 4: 77a10a39 ($5 in chips)
Seat 5: Hero ($5.32 in chips)
Seat 6: d0a9f233 ($5.97 in chips)
d0a9f233: posts small blind $0.02
fd27d9e5: posts big blind $0.05
*** HOLE CARDS ***
Dealt to fd27d9e5 
Dealt to 53305f44 
Dealt to 68baefc0 
Dealt to 77a10a39 
Dealt to Hero [9c Td]
Dealt to d0a9f233 
53305f44: folds
68baefc0: raises $0.08 to $0.13
77a10a39: folds
Hero: folds
d0a9f233: calls $0.11
fd27d9e5: folds
*** FLOP *** [6d 7d Ks]
d0a9f233: checks
68baefc0: checks
*** TURN *** [6d 7d Ks] [Th]
d0a9f233: bets $0.05
68baefc0: calls $0.05
*** RIVER *** [6d 7d Ks Th] [Jh]
d0a9f233: bets $0.5
68baefc0: calls $0.5
d0a9f233: shows [Kc Kh] (Three Kings)
68baefc0: shows [Ts Ac] (Pair of Tens)
*** SHOWDOWN ***
d0a9f233 collected $1.34 from pot
*** SUMMARY ***
Total pot $1.41 | Rake $0.07 | Jackpot $0 | Bingo $0 | Fortune $0
Board [6d 7d Ks Th Jh]
Seat 1: fd27d9e5 (big blind) folded before Flop
Seat 2: 53305f44 folded before Flop (didn't bet)
Seat 3: 68baefc0 showed [Ts Ac] and lost with Pair of Tens
Seat 4: 77a10a39 folded before Flop (didn't bet)
Seat 5: Hero (button) folded before Flop (didn't bet)
Seat 6: d0a9f233 (small blind) showed [Kc Kh] and won ($1.34) with Three Kings


Poker Hand #HD1155445048: Hold'em No Limit  ($0.02/$0.05) - 2023/03/11 13:27:38
Table 'NLHBlue71' 6-max Seat #4 is the button
Seat 1: fd27d9e5 ($9.94 in chips)
Seat 2: 53305f44 ($5 in chips)
Seat 3: 68baefc0 ($7.23 in chips)
Seat 4: 77a10a39 ($5 in chips)
Seat 5: Hero ($5.34 in chips)
Seat 6: d0a9f233 ($6.02 in chips)
Hero: posts small blind $0.02
d0a9f233: posts big blind $0.05
*** HOLE CARDS ***
Dealt to fd27d9e5 
Dealt to 53305f44 
Dealt to 68baefc0 
Dealt to 77a10a39 
Dealt to Hero [Td 8d]
Dealt to d0a9f233 
fd27d9e5: folds
53305f44: raises $0.07 to $0.12
68baefc0: folds
77a10a39: folds
Hero: folds
d0a9f233: folds
Uncalled bet ($0.07) returned to 53305f44
*** SHOWDOWN ***
53305f44 collected $0.12 from pot
*** SUMMARY ***
Total pot $0.12 | Rake $0 | Jackpot $0 | Bingo $0 | Fortune $0
Seat 1: fd27d9e5 folded before Flop (didn't bet)
Seat 2: 53305f44 collected ($0.12)
Seat 3: 68baefc0 folded before Flop (didn't bet)
Seat 4: 77a10a39 (button) folded before Flop (didn't bet)
Seat 5: Hero (small blind) folded before Flop
Seat 6: d0a9f233 (big blind) folded before Flop


Poker Hand #HD1155444921: Hold'em No Limit  ($0.02/$0.05) - 2023/03/11 13:26:51
Table 'NLHBlue71' 6-max Seat #3 is the button
Seat 1: fd27d9e5 ($9.94 in chips)
Seat 2: 53305f44 ($5 in chips)
Seat 3: 68baefc0 ($7.23 in chips)
Seat 4: 77a10a39 ($5 in chips)
Seat 5: Hero ($5.54 in chips)
Seat 6: d0a9f233 ($5.82 in chips)
77a10a39: posts small blind $0.02
Hero: posts big blind $0.05
*** HOLE CARDS ***
Dealt to fd27d9e5 
Dealt to 53305f44 
Dealt to 68baefc0 
Dealt to 77a10a39 
Dealt to Hero [2c 8s]
Dealt to d0a9f233 
d0a9f233: calls $0.05
fd27d9e5: folds
53305f44: folds
68baefc0: folds
77a10a39: folds
Hero: checks
*** FLOP *** [5h Th 8c]
Hero: bets $0.05
d0a9f233: calls $0.05
*** TURN *** [5h Th 8c] [Jd]
Hero: checks
d0a9f233: bets $0.05
Hero: calls $0.05
*** RIVER *** [5h Th 8c Jd] [Jh]
Hero: checks
d0a9f233: bets $0.05
Hero: calls $0.05
d0a9f233: shows [8d As] (Pair of Jacks and Pair of Eights)
Hero: shows [2c 8s] (Pair of Jacks and Pair of Eights)
*** SHOWDOWN ***
d0a9f233 collected $0.4 from pot
*** SUMMARY ***
Total pot $0.42 | Rake $0.02 | Jackpot $0 | Bingo $0 | Fortune $0
Board [5h Th 8c Jd Jh]
Seat 1: fd27d9e5 folded before Flop (didn't bet)
Seat 2: 53305f44 folded before Flop (didn't bet)
Seat 3: 68baefc0 (button) folded before Flop (didn't bet)
Seat 4: 77a10a39 (small blind) folded before Flop
Seat 5: Hero (big blind) showed [2c 8s] and lost with Pair of Jacks and Pair of Eights
Seat 6: d0a9f233 showed [8d As] and won ($0.4) with Pair of Jacks and Pair of Eights


Poker Hand #HD1155444833: Hold'em No Limit  ($0.02/$0.05) - 2023/03/11 13:26:16
Table 'NLHBlue71' 6-max Seat #2 is the button
Seat 1: fd27d9e5 ($9.94 in chips)
Seat 2: 53305f44 ($5 in chips)
Seat 3: 68baefc0 ($7.25 in chips)
Seat 4: 77a10a39 ($5 in chips)
Seat 5: Hero ($5.54 in chips)
Seat 6: d0a9f233 ($5.75 in chips)
68baefc0: posts small blind $0.02
77a10a39: posts big blind $0.05
*** HOLE CARDS ***
Dealt to fd27d9e5 
Dealt to 53305f44 
Dealt to 68baefc0 
Dealt to 77a10a39 
Dealt to Hero [8d As]
Dealt to d0a9f233 
Hero: folds
d0a9f233: calls $0.05
fd27d9e5: folds
53305f44: folds
68baefc0: folds
77a10a39: checks
*** FLOP *** [8c Ad 4d]
77a10a39: checks
d0a9f233: bets $0.15
77a10a39: folds
Uncalled bet ($0.15) returned to d0a9f233
*** SHOWDOWN ***
d0a9f233 collected $0.12 from pot
*** SUMMARY ***
Total pot $0.12 | Rake $0 | Jackpot $0 | Bingo $0 | Fortune $0
Board [8c Ad 4d]
Seat 1: fd27d9e5 folded before Flop (didn't bet)
Seat 2: 53305f44 (button) folded before Flop (didn't bet)
Seat 3: 68baefc0 (small blind) folded before Flop
Seat 4: 77a10a39 (big blind) folded on the Flop
Seat 5: Hero folded before Flop (didn't bet)
Seat 6: d0a9f233 won ($0.12)


Poker Hand #HD1155444800: Hold'em No Limit  ($0.02/$0.05) - 2023/03/11 13:26:03
Table 'NLHBlue71' 6-max Seat #1 is the button
Seat 1: fd27d9e5 ($9.94 in chips)
Seat 2: 53305f44 ($5.02 in chips)
Seat 3: 68baefc0 ($7.23 in chips)
Seat 4: 77a10a39 ($5 in chips)
Seat 5: Hero ($5.54 in chips)
Seat 6: d0a9f233 ($5.75 in chips)
53305f44: posts small blind $0.02
68baefc0: posts big blind $0.05
*** HOLE CARDS ***
Dealt to fd27d9e5 
Dealt to 53305f44 
Dealt to 68baefc0 
Dealt to 77a10a39 
Dealt to Hero [6s 8h]
Dealt to d0a9f233 
77a10a39: folds
Hero: folds
d0a9f233: folds
fd27d9e5: folds
53305f44: folds
Uncalled bet ($0.03) returned to 68baefc0
*** SHOWDOWN ***
68baefc0 collected $0.04 from pot
*** SUMMARY ***
Total pot $0.04 | Rake $0 | Jackpot $0 | Bingo $0 | Fortune $0
Seat 1: fd27d9e5 (button) folded before Flop (didn't bet)
Seat 2: 53305f44 (small blind) folded before Flop
Seat 3: 68baefc0 (big blind) collected ($0.04)
Seat 4: 77a10a39 folded before Flop (didn't bet)
Seat 5: Hero folded before Flop (didn't bet)
Seat 6: d0a9f233 folded before Flop (didn't bet)


Poker Hand #HD1155444771: Hold'em No Limit  ($0.02/$0.05) - 2023/03/11 13:25:50
Table 'NLHBlue71' 6-max Seat #6 is the button
Seat 1: fd27d9e5 ($9.96 in chips)
Seat 2: 53305f44 ($5.07 in chips)
Seat 3: 68baefc0 ($7.23 in chips)
Seat 4: 77a10a39 ($5 in chips)
Seat 5: Hero ($5.47 in chips)
Seat 6: d0a9f233 ($5.75 in chips)
fd27d9e5: posts small blind $0.02
53305f44: posts big blind $0.05
*** HOLE CARDS ***
Dealt to fd27d9e5 
Dealt to 53305f44 
Dealt to 68baefc0 
Dealt to 77a10a39 
Dealt to Hero [Ah Js]
Dealt to d0a9f233 
68baefc0: folds
77a10a39: folds
Hero: raises $0.07 to $0.12
d0a9f233: folds
fd27d9e5: folds
53305f44: folds
Uncalled bet ($0.07) returned to Hero
*** SHOWDOWN ***
Hero collected $0.12 from pot
*** SUMMARY ***
Total pot $0.12 | Rake $0 | Jackpot $0 | Bingo $0 | Fortune $0
Seat 1: fd27d9e5 (small blind) folded before Flop
Seat 2: 53305f44 (big blind) folded before Flop
Seat 3: 68baefc0 folded before Flop (didn't bet)
Seat 4: 77a10a39 folded before Flop (didn't bet)
Seat 5: Hero collected ($0.12)
Seat 6: d0a9f233 (button) folded before Flop (didn't bet)


Poker Hand #HD1155444695: Hold'em No Limit  ($0.02/$0.05) - 2023/03/11 13:25:21
Table 'NLHBlue71' 6-max Seat #5 is the button
Seat 1: fd27d9e5 ($10.01 in chips)
Seat 2: 53305f44 ($5.07 in chips)
Seat 3: 68baefc0 ($7.23 in chips)
Seat 4: 77a10a39 ($5 in chips)
Seat 5: Hero ($5.47 in chips)
Seat 6: d0a9f233 ($5.7 in chips)
d0a9f233: posts small blind $0.02
fd27d9e5: posts big blind $0.05
*** HOLE CARDS ***
Dealt to fd27d9e5 
Dealt to 53305f44 
Dealt to 68baefc0 
Dealt to 77a10a39 
Dealt to Hero [5d 2s]
Dealt to d0a9f233 
53305f44: folds
68baefc0: folds
77a10a39: folds
Hero: folds
d0a9f233: calls $0.03
fd27d9e5: checks
*** FLOP *** [9h 8c 6d]
d0a9f233: bets $0.25
fd27d9e5: folds
Uncalled bet ($0.25) returned to d0a9f233
*** SHOWDOWN ***
d0a9f233 collected $0.1 from pot
*** SUMMARY ***
Total pot $0.1 | Rake $0 | Jackpot $0 | Bingo $0 | Fortune $0
Board [9h 8c 6d]
Seat 1: fd27d9e5 (big blind) folded on the Flop
Seat 2: 53305f44 folded before Flop (didn't bet)
Seat 3: 68baefc0 folded before Flop (didn't bet)
Seat 4: 77a10a39 folded before Flop (didn't bet)
Seat 5: Hero (button) folded before Flop (didn't bet)
Seat 6: d0a9f233 (small blind) won ($0.1)


Poker Hand #HD1155444625: Hold'em No Limit  ($0.02/$0.05) - 2023/03/11 13:24:53
Table 'NLHBlue71' 6-max Seat #4 is the button
Seat 1: fd27d9e5 ($10.14 in chips)
Seat 2: 53305f44 ($5.07 in chips)
Seat 3: 68baefc0 ($7.04 in chips)
Seat 4: 77a10a39 ($5 in chips)
Seat 5: Hero ($5.49 in chips)
Seat 6: d0a9f233 ($5.75 in chips)
Hero: posts small blind $0.02
d0a9f233: posts big blind $0.05
*** HOLE CARDS ***
Dealt to fd27d9e5 
Dealt to 53305f44 
Dealt to 68baefc0 
Dealt to 77a10a39 
Dealt to Hero [3c Jd]
Dealt to d0a9f233 
fd27d9e5: raises $0.08 to $0.13
53305f44: folds
68baefc0: raises $0.3 to $0.43
77a10a39: folds
Hero: folds
d0a9f233: folds
fd27d9e5: folds
Uncalled bet ($0.3) returned to 68baefc0
*** SHOWDOWN ***
68baefc0 collected $0.32 from pot
*** SUMMARY ***
Total pot $0.33 | Rake $0.01 | Jackpot $0 | Bingo $0 | Fortune $0
Seat 1: fd27d9e5 folded before Flop
Seat 2: 53305f44 folded before Flop (didn't bet)
Seat 3: 68baefc0 collected ($0.32)
Seat 4: 77a10a39 (button) folded before Flop (didn't bet)
Seat 5: Hero (small blind) folded before Flop
Seat 6: d0a9f233 (big blind) folded before Flop


Poker Hand #HD1155444571: Hold'em No Limit  ($0.02/$0.05) - 2023/03/11 13:24:35
Table 'NLHBlue71' 6-max Seat #3 is the button
Seat 1: fd27d9e5 ($10.14 in chips)
Seat 2: 53305f44 ($5.07 in chips)
Seat 3: 68baefc0 ($7.04 in chips)
Seat 4: 77a10a39 ($5 in chips)
Seat 5: Hero ($5.47 in chips)
Seat 6: d0a9f233 ($5.75 in chips)
77a10a39: posts small blind $0.02
Hero: posts big blind $0.05
*** HOLE CARDS ***
Dealt to fd27d9e5 
Dealt to 53305f44 
Dealt to 68baefc0 
Dealt to 77a10a39 
Dealt to Hero [Td Ac]
Dealt to d0a9f233 
d0a9f233: folds
fd27d9e5: folds
53305f44: folds
68baefc0: folds
77a10a39: folds
Uncalled bet ($0.03) returned to Hero
*** SHOWDOWN ***
Hero collected $0.04 from pot
*** SUMMARY ***
Total pot $0.04 | Rake $0 | Jackpot $0 | Bingo $0 | Fortune $0
Seat 1: fd27d9e5 folded before Flop (didn't bet)
Seat 2: 53305f44 folded before Flop (didn't bet)
Seat 3: 68baefc0 (button) folded before Flop (didn't bet)
Seat 4: 77a10a39 (small blind) folded before Flop
Seat 5: Hero (big blind) collected ($0.04)
Seat 6: d0a9f233 folded before Flop (didn't bet)


Poker Hand #HD1155444517: Hold'em No Limit  ($0.02/$0.05) - 2023/03/11 13:24:16
Table 'NLHBlue71' 6-max Seat #2 is the button
Seat 1: fd27d9e5 ($10.14 in chips)
Seat 2: 53305f44 ($5.07 in chips)
Seat 3: 68baefc0 ($7.06 in chips)
Seat 4: 77a10a39 ($5 in chips)
Seat 5: Hero ($5.4 in chips)
Seat 6: d0a9f233 ($5.75 in chips)
68baefc0: posts small blind $0.02
77a10a39: posts big blind $0.05
*** HOLE CARDS ***
Dealt to fd27d9e5 
Dealt to 53305f44 
Dealt to 68baefc0 
Dealt to 77a10a39 
Dealt to Hero [7s As]
Dealt to d0a9f233 
Hero: raises $0.07 to $0.12
d0a9f233: folds
fd27d9e5: folds
53305f44: folds
68baefc0: folds
77a10a39: folds
Uncalled bet ($0.07) returned to Hero
*** SHOWDOWN ***
Hero collected $0.12 from pot
*** SUMMARY ***
Total pot $0.12 | Rake $0 | Jackpot $0 | Bingo $0 | Fortune $0
Seat 1: fd27d9e5 folded before Flop (didn't bet)
Seat 2: 53305f44 (button) folded before Flop (didn't bet)
Seat 3: 68baefc0 (small blind) folded before Flop
Seat 4: 77a10a39 (big blind) folded before Flop
Seat 5: Hero collected ($0.12)
Seat 6: d0a9f233 folded before Flop (didn't bet)


Poker Hand #HD1155444422: Hold'em No Limit  ($0.02/$0.05) - 2023/03/11 13:23:39
Table 'NLHBlue71' 6-max Seat #1 is the button
Seat 1: fd27d9e5 ($10.14 in chips)
Seat 2: 53305f44 ($5.09 in chips)
Seat 3: 68baefc0 ($6.75 in chips)
Seat 4: 77a10a39 ($5 in chips)
Seat 5: Hero ($5.4 in chips)
Seat 6: d0a9f233 ($5.93 in chips)
53305f44: posts small blind $0.02
68baefc0: posts big blind $0.05
*** HOLE CARDS ***
Dealt to fd27d9e5 
Dealt to 53305f44 
Dealt to 68baefc0 
Dealt to 77a10a39 
Dealt to Hero [9h 6s]
Dealt to d0a9f233 
77a10a39: raises $0.08 to $0.13
Hero: folds
d0a9f233: calls $0.13
fd27d9e5: folds
53305f44: folds
68baefc0: calls $0.08
*** FLOP *** [7s 3s 2d]
68baefc0: checks
77a10a39: checks
d0a9f233: bets $0.05
68baefc0: calls $0.05
77a10a39: folds
*** TURN *** [7s 3s 2d] [Kd]
68baefc0: bets $0.31
d0a9f233: folds
Uncalled bet ($0.31) returned to 68baefc0
*** SHOWDOWN ***
68baefc0 collected $0.49 from pot
*** SUMMARY ***
Total pot $0.51 | Rake $0.02 | Jackpot $0 | Bingo $0 | Fortune $0
Board [7s 3s 2d Kd]
Seat 1: fd27d9e5 (button) folded before Flop (didn't bet)
Seat 2: 53305f44 (small blind) folded before Flop
Seat 3: 68baefc0 (big blind) won ($0.49)
Seat 4: 77a10a39 folded on the Flop
Seat 5: Hero folded before Flop (didn't bet)
Seat 6: d0a9f233 folded on the Turn


Poker Hand #HD1155444353: Hold'em No Limit  ($0.02/$0.05) - 2023/03/11 13:23:13
Table 'NLHBlue71' 6-max Seat #6 is the button
Seat 1: fd27d9e5 ($10.16 in chips)
Seat 2: 53305f44 ($5.19 in chips)
Seat 3: 68baefc0 ($6.75 in chips)
Seat 4: 77a10a39 ($5 in chips)
Seat 5: Hero ($5.4 in chips)
Seat 6: d0a9f233 ($5.82 in chips)
fd27d9e5: posts small blind $0.02
53305f44: posts big blind $0.05
*** HOLE CARDS ***
Dealt to fd27d9e5 
Dealt to 53305f44 
Dealt to 68baefc0 
Dealt to 77a10a39 
Dealt to Hero [8h 5s]
Dealt to d0a9f233 
68baefc0: folds
77a10a39: folds
Hero: folds
d0a9f233: calls $0.05
fd27d9e5: folds
53305f44: checks
*** FLOP *** [Jd Th 2h]
53305f44: checks
d0a9f233: bets $0.05
53305f44: calls $0.05
*** TURN *** [Jd Th 2h] [2c]
53305f44: checks
d0a9f233: bets $0.05
53305f44: folds
Uncalled bet ($0.05) returned to d0a9f233
*** SHOWDOWN ***
d0a9f233 collected $0.21 from pot
*** SUMMARY ***
Total pot $0.22 | Rake $0.01 | Jackpot $0 | Bingo $0 | Fortune $0
Board [Jd Th 2h 2c]
Seat 1: fd27d9e5 (small blind) folded before Flop
Seat 2: 53305f44 (big blind) folded on the Turn
Seat 3: 68baefc0 folded before Flop (didn't bet)
Seat 4: 77a10a39 folded before Flop (didn't bet)
Seat 5: Hero folded before Flop (didn't bet)
Seat 6: d0a9f233 (button) won ($0.21)


Poker Hand #HD1155444315: Hold'em No Limit  ($0.02/$0.05) - 2023/03/11 13:23:00
Table 'NLHBlue71' 6-max Seat #5 is the button
Seat 1: fd27d9e5 ($10.21 in chips)
Seat 2: 53305f44 ($5.19 in chips)
Seat 3: 68baefc0 ($6.68 in chips)
Seat 4: 77a10a39 ($5 in chips)
Seat 5: Hero ($5.4 in chips)
Seat 6: d0a9f233 ($5.84 in chips)
d0a9f233: posts small blind $0.02
fd27d9e5: posts big blind $0.05
*** HOLE CARDS ***
Dealt to fd27d9e5 
Dealt to 53305f44 
Dealt to 68baefc0 
Dealt to 77a10a39 
Dealt to Hero [2s 7c]
Dealt to d0a9f233 
53305f44: folds
68baefc0: raises $0.06 to $0.11
77a10a39: folds
Hero: folds
d0a9f233: folds
fd27d9e5: folds
Uncalled bet ($0.06) returned to 68baefc0
*** SHOWDOWN ***
68baefc0 collected $0.12 from pot
*** SUMMARY ***
Total pot $0.12 | Rake $0 | Jackpot $0 | Bingo $0 | Fortune $0
Seat 1: fd27d9e5 (big blind) folded before Flop
Seat 2: 53305f44 folded before Flop (didn't bet)
Seat 3: 68baefc0 collected ($0.12)
Seat 4: 77a10a39 folded before Flop (didn't bet)
Seat 5: Hero (button) folded before Flop (didn't bet)
Seat 6: d0a9f233 (small blind) folded before Flop


Poker Hand #HD1155444197: Hold'em No Limit  ($0.02/$0.05) - 2023/03/11 13:22:15
Table 'NLHBlue71' 6-max Seat #4 is the button
Seat 1: fd27d9e5 ($10.21 in chips)
Seat 2: 53305f44 ($5.48 in chips)
Seat 3: 68baefc0 ($6.68 in chips)
Seat 4: 77a10a39 ($5 in chips)
Seat 5: Hero ($5.42 in chips)
Seat 6: d0a9f233 ($5.56 in chips)
Hero: posts small blind $0.02
d0a9f233: posts big blind $0.05
*** HOLE CARDS ***
Dealt to fd27d9e5 
Dealt to 53305f44 
Dealt to 68baefc0 
Dealt to 77a10a39 
Dealt to Hero [2c 3h]
Dealt to d0a9f233 
fd27d9e5: folds
53305f44: raises $0.07 to $0.12
68baefc0: folds
77a10a39: folds
Hero: folds
d0a9f233: calls $0.07
*** FLOP *** [Kc Qh 2d]
d0a9f233: checks
53305f44: bets $0.12
d0a9f233: calls $0.12
*** TURN *** [Kc Qh 2d] [9c]
d0a9f233: bets $0.05
53305f44: calls $0.05
*** RIVER *** [Kc Qh 2d 9c] [6d]
d0a9f233: checks
53305f44: checks
d0a9f233: shows [7s 7c] (Pair of Sevens)
53305f44: shows [Th Ah] (Ace-High)
*** SHOWDOWN ***
d0a9f233 collected $0.57 from pot
*** SUMMARY ***
Total pot $0.6 | Rake $0.03 | Jackpot $0 | Bingo $0 | Fortune $0
Board [Kc Qh 2d 9c 6d]
Seat 1: fd27d9e5 folded before Flop (didn't bet)
Seat 2: 53305f44 showed [Th Ah] and lost with Ace-High
Seat 3: 68baefc0 folded before Flop (didn't bet)
Seat 4: 77a10a39 (button) folded before Flop (didn't bet)
Seat 5: Hero (small blind) folded before Flop
Seat 6: d0a9f233 (big blind) showed [7s 7c] and won ($0.57) with Pair of Sevens


Poker Hand #HD1155444135: Hold'em No Limit  ($0.02/$0.05) - 2023/03/11 13:21:52
Table 'NLHBlue71' 6-max Seat #3 is the button
Seat 1: fd27d9e5 ($10.21 in chips)
Seat 2: 53305f44 ($5.48 in chips)
Seat 3: 68baefc0 ($6.68 in chips)
Seat 4: 77a10a39 ($5 in chips)
Seat 5: Hero ($5.47 in chips)
Seat 6: d0a9f233 ($5.49 in chips)
77a10a39: posts small blind $0.02
Hero: posts big blind $0.05
*** HOLE CARDS ***
Dealt to fd27d9e5 
Dealt to 53305f44 
Dealt to 68baefc0 
Dealt to 77a10a39 
Dealt to Hero [5d 8h]
Dealt to d0a9f233 
d0a9f233: calls $0.05
fd27d9e5: folds
53305f44: folds
68baefc0: folds
77a10a39: folds
Hero: checks
*** FLOP *** [Ac 6d Ks]
Hero: checks
d0a9f233: bets $0.05
Hero: folds
Uncalled bet ($0.05) returned to d0a9f233
*** SHOWDOWN ***
d0a9f233 collected $0.12 from pot
*** SUMMARY ***
Total pot $0.12 | Rake $0 | Jackpot $0 | Bingo $0 | Fortune $0
Board [Ac 6d Ks]
Seat 1: fd27d9e5 folded before Flop (didn't bet)
Seat 2: 53305f44 folded before Flop (didn't bet)
Seat 3: 68baefc0 (button) folded before Flop (didn't bet)
Seat 4: 77a10a39 (small blind) folded before Flop
Seat 5: Hero (big blind) folded on the Flop
Seat 6: d0a9f233 won ($0.12)


Poker Hand #HD1155444078: Hold'em No Limit  ($0.02/$0.05) - 2023/03/11 13:21:30
Table 'NLHBlue71' 6-max Seat #2 is the button
Seat 1: fd27d9e5 ($10.03 in chips)
Seat 2: 53305f44 ($5.48 in chips)
Seat 3: 68baefc0 ($6.7 in chips)
Seat 4: 77a10a39 ($5 in chips)
Seat 5: Hero ($5.59 in chips)
Seat 6: d0a9f233 ($5.49 in chips)
68baefc0: posts small blind $0.02
77a10a39: posts big blind $0.05
*** HOLE CARDS ***
Dealt to fd27d9e5 
Dealt to 53305f44 
Dealt to 68baefc0 
Dealt to 77a10a39 
Dealt to Hero [4c 5c]
Dealt to d0a9f233 
Hero: raises $0.07 to $0.12
d0a9f233: folds
fd27d9e5: raises $0.33 to $0.45
53305f44: folds
68baefc0: folds
77a10a39: folds
Hero: folds
Uncalled bet ($0.33) returned to fd27d9e5
*** SHOWDOWN ***
fd27d9e5 collected $0.3 from pot
*** SUMMARY ***
Total pot $0.31 | Rake $0.01 | Jackpot $0 | Bingo $0 | Fortune $0
Seat 1: fd27d9e5 collected ($0.3)
Seat 2: 53305f44 (button) folded before Flop (didn't bet)
Seat 3: 68baefc0 (small blind) folded before Flop
Seat 4: 77a10a39 (big blind) folded before Flop
Seat 5: Hero folded before Flop
Seat 6: d0a9f233 folded before Flop (didn't bet)


Poker Hand #HD1155444057: Hold'em No Limit  ($0.02/$0.05) - 2023/03/11 13:21:21
Table 'NLHBlue71' 6-max Seat #1 is the button
Seat 1: fd27d9e5 ($10.03 in chips)
Seat 2: 53305f44 ($5.5 in chips)
Seat 3: 68baefc0 ($6.68 in chips)
Seat 4: 77a10a39 ($5 in chips)
Seat 5: Hero ($5.59 in chips)
Seat 6: d0a9f233 ($5.49 in chips)
53305f44: posts small blind $0.02
68baefc0: posts big blind $0.05
*** HOLE CARDS ***
Dealt to fd27d9e5 
Dealt to 53305f44 
Dealt to 68baefc0 
Dealt to 77a10a39 
Dealt to Hero [7h Td]
Dealt to d0a9f233 
77a10a39: folds
Hero: folds
d0a9f233: folds
fd27d9e5: folds
53305f44: folds
Uncalled bet ($0.03) returned to 68baefc0
*** SHOWDOWN ***
68baefc0 collected $0.04 from pot
*** SUMMARY ***
Total pot $0.04 | Rake $0 | Jackpot $0 | Bingo $0 | Fortune $0
Seat 1: fd27d9e5 (button) folded before Flop (didn't bet)
Seat 2: 53305f44 (small blind) folded before Flop
Seat 3: 68baefc0 (big blind) collected ($0.04)
Seat 4: 77a10a39 folded before Flop (didn't bet)
Seat 5: Hero folded before Flop (didn't bet)
Seat 6: d0a9f233 folded before Flop (didn't bet)


Poker Hand #HD1155444016: Hold'em No Limit  ($0.02/$0.05) - 2023/03/11 13:21:08
Table 'NLHBlue71' 6-max Seat #6 is the button
Seat 1: fd27d9e5 ($9.98 in chips)
Seat 2: 53305f44 ($5.55 in chips)
Seat 3: 68baefc0 ($6.68 in chips)
Seat 4: 77a10a39 ($5 in chips)
Seat 5: Hero ($5.59 in chips)
Seat 6: d0a9f233 ($5.49 in chips)
fd27d9e5: posts small blind $0.02
53305f44: posts big blind $0.05
*** HOLE CARDS ***
Dealt to fd27d9e5 
Dealt to 53305f44 
Dealt to 68baefc0 
Dealt to 77a10a39 
Dealt to Hero [4h Tc]
Dealt to d0a9f233 
68baefc0: folds
77a10a39: folds
Hero: folds
d0a9f233: folds
fd27d9e5: raises $0.1 to $0.15
53305f44: folds
Uncalled bet ($0.1) returned to fd27d9e5
*** SHOWDOWN ***
fd27d9e5 collected $0.1 from pot
*** SUMMARY ***
Total pot $0.1 | Rake $0 | Jackpot $0 | Bingo $0 | Fortune $0
Seat 1: fd27d9e5 (small blind) collected ($0.1)
Seat 2: 53305f44 (big blind) folded before Flop
Seat 3: 68baefc0 folded before Flop (didn't bet)
Seat 4: 77a10a39 folded before Flop (didn't bet)
Seat 5: Hero folded before Flop (didn't bet)
Seat 6: d0a9f233 (button) folded before Flop (didn't bet)


Poker Hand #HD1155443850: Hold'em No Limit  ($0.02/$0.05) - 2023/03/11 13:20:04
Table 'NLHBlue71' 6-max Seat #5 is the button
Seat 1: fd27d9e5 ($9.01 in chips)
Seat 2: 53305f44 ($5.55 in chips)
Seat 3: 68baefc0 ($6.68 in chips)
Seat 4: 77a10a39 ($5 in chips)
Seat 5: Hero ($5.71 in chips)
Seat 6: d0a9f233 ($6.49 in chips)
d0a9f233: posts small blind $0.02
fd27d9e5: posts big blind $0.05
*** HOLE CARDS ***
Dealt to fd27d9e5 
Dealt to 53305f44 
Dealt to 68baefc0 
Dealt to 77a10a39 
Dealt to Hero [Kd 9d]
Dealt to d0a9f233 
53305f44: folds
68baefc0: folds
77a10a39: folds
Hero: raises $0.07 to $0.12
d0a9f233: calls $0.1
fd27d9e5: raises $0.43 to $0.55
Hero: folds
d0a9f233: calls $0.43
*** FLOP *** [Th Qh 9c]
d0a9f233: checks
fd27d9e5: checks
*** TURN *** [Th Qh 9c] [Kh]
d0a9f233: bets $0.3
fd27d9e5: calls $0.3
*** RIVER *** [Th Qh 9c Kh] [6s]
d0a9f233: bets $0.15
fd27d9e5: calls $0.15
d0a9f233: shows [8c 8d] (Pair of Eights)
fd27d9e5: shows [Qc Ac] (Pair of Queens)
*** SHOWDOWN ***
fd27d9e5 collected $1.97 from pot
*** SUMMARY ***
Total pot $2.12 | Rake $0.1 | Jackpot $0.05 | Bingo $0 | Fortune $0
Board [Th Qh 9c Kh 6s]
Seat 1: fd27d9e5 (big blind) showed [Qc Ac] and won ($1.97) with Pair of Queens
Seat 2: 53305f44 folded before Flop (didn't bet)
Seat 3: 68baefc0 folded before Flop (didn't bet)
Seat 4: 77a10a39 folded before Flop (didn't bet)
Seat 5: Hero (button) folded before Flop
Seat 6: d0a9f233 (small blind) showed [8c 8d] and lost with Pair of Eights


Poker Hand #HD1155443826: Hold'em No Limit  ($0.02/$0.05) - 2023/03/11 13:19:54
Table 'NLHBlue71' 6-max Seat #4 is the button
Seat 1: fd27d9e5 ($9.01 in chips)
Seat 2: 53305f44 ($5.55 in chips)
Seat 3: 68baefc0 ($6.68 in chips)
Seat 4: 77a10a39 ($5 in chips)
Seat 5: Hero ($5.73 in chips)
Seat 6: d0a9f233 ($6.47 in chips)
Hero: posts small blind $0.02
d0a9f233: posts big blind $0.05
*** HOLE CARDS ***
Dealt to fd27d9e5 
Dealt to 53305f44 
Dealt to 68baefc0 
Dealt to 77a10a39 
Dealt to Hero [6s Qc]
Dealt to d0a9f233 
fd27d9e5: folds
53305f44: folds
68baefc0: folds
77a10a39: folds
Hero: folds
Uncalled bet ($0.03) returned to d0a9f233
*** SHOWDOWN ***
d0a9f233 collected $0.04 from pot
*** SUMMARY ***
Total pot $0.04 | Rake $0 | Jackpot $0 | Bingo $0 | Fortune $0
Seat 1: fd27d9e5 folded before Flop (didn't bet)
Seat 2: 53305f44 folded before Flop (didn't bet)
Seat 3: 68baefc0 folded before Flop (didn't bet)
Seat 4: 77a10a39 (button) folded before Flop (didn't bet)
Seat 5: Hero (small blind) folded before Flop
Seat 6: d0a9f233 (big blind) collected ($0.04)


Poker Hand #HD1155443757: Hold'em No Limit  ($0.02/$0.05) - 2023/03/11 13:19:29
Table 'NLHBlue71' 6-max Seat #3 is the button
Seat 1: fd27d9e5 ($9.01 in chips)
Seat 2: 53305f44 ($5.55 in chips)
Seat 3: 68baefc0 ($6.51 in chips)
Seat 4: 77a10a39 ($5 in chips)
Seat 5: Hero ($5.78 in chips)
Seat 6: d0a9f233 ($6.47 in chips)
77a10a39: posts small blind $0.02
Hero: posts big blind $0.05
*** HOLE CARDS ***
Dealt to fd27d9e5 
Dealt to 53305f44 
Dealt to 68baefc0 
Dealt to 77a10a39 
Dealt to Hero [7h Qs]
Dealt to d0a9f233 
d0a9f233: folds
fd27d9e5: folds
53305f44: folds
68baefc0: raises $0.08 to $0.13
77a10a39: calls $0.11
Hero: folds
*** FLOP *** [Ad 9h 2c]
77a10a39: checks
68baefc0: bets $0.19
77a10a39: folds
Uncalled bet ($0.19) returned to 68baefc0
*** SHOWDOWN ***
68baefc0 collected $0.3 from pot
*** SUMMARY ***
Total pot $0.31 | Rake $0.01 | Jackpot $0 | Bingo $0 | Fortune $0
Board [Ad 9h 2c]
Seat 1: fd27d9e5 folded before Flop (didn't bet)
Seat 2: 53305f44 folded before Flop (didn't bet)
Seat 3: 68baefc0 (button) won ($0.3)
Seat 4: 77a10a39 (small blind) folded on the Flop
Seat 5: Hero (big blind) folded before Flop
Seat 6: d0a9f233 folded before Flop (didn't bet)


Poker Hand #HD1155443649: Hold'em No Limit  ($0.02/$0.05) - 2023/03/11 13:18:48
Table 'NLHBlue71' 6-max Seat #2 is the button
Seat 1: fd27d9e5 ($9.16 in chips)
Seat 2: 53305f44 ($5.55 in chips)
Seat 3: 68baefc0 ($6.53 in chips)
Seat 4: 77a10a39 ($5 in chips)
Seat 5: Hero ($5.78 in chips)
Seat 6: d0a9f233 ($6.26 in chips)
68baefc0: posts small blind $0.02
77a10a39: posts big blind $0.05
*** HOLE CARDS ***
Dealt to fd27d9e5 
Dealt to 53305f44 
Dealt to 68baefc0 
Dealt to 77a10a39 
Dealt to Hero [4h 7c]
Dealt to d0a9f233 
Hero: folds
d0a9f233: calls $0.05
fd27d9e5: raises $0.1 to $0.15
53305f44: folds
68baefc0: folds
77a10a39: folds
d0a9f233: raises $0.4 to $0.55
fd27d9e5: folds
Uncalled bet ($0.4) returned to d0a9f233
*** SHOWDOWN ***
d0a9f233 collected $0.36 from pot
*** SUMMARY ***
Total pot $0.37 | Rake $0.01 | Jackpot $0 | Bingo $0 | Fortune $0
Seat 1: fd27d9e5 folded before Flop
Seat 2: 53305f44 (button) folded before Flop (didn't bet)
Seat 3: 68baefc0 (small blind) folded before Flop
Seat 4: 77a10a39 (big blind) folded before Flop
Seat 5: Hero folded before Flop (didn't bet)
Seat 6: d0a9f233 collected ($0.36)


Poker Hand #HD1155443576: Hold'em No Limit  ($0.02/$0.05) - 2023/03/11 13:18:19
Table 'NLHBlue71' 6-max Seat #1 is the button
Seat 1: fd27d9e5 ($9.64 in chips)
Seat 2: 53305f44 ($5.05 in chips)
Seat 3: 68baefc0 ($6.58 in chips)
Seat 5: Hero ($5.78 in chips)
Seat 6: d0a9f233 ($6.28 in chips)
53305f44: posts small blind $0.02
68baefc0: posts big blind $0.05
d0a9f233: posts missed blind $0.02
*** HOLE CARDS ***
Dealt to fd27d9e5 
Dealt to 53305f44 
Dealt to 68baefc0 
Dealt to Hero [6h 4h]
Dealt to d0a9f233 
Hero: folds
d0a9f233: folds
fd27d9e5: raises $0.08 to $0.13
53305f44: raises $0.35 to $0.48
68baefc0: folds
fd27d9e5: calls $0.35
*** FLOP *** [Kc 2s 8h]
53305f44: bets $0.34
fd27d9e5: folds
Uncalled bet ($0.34) returned to 53305f44
*** SHOWDOWN ***
53305f44 collected $0.98 from pot
*** SUMMARY ***
Total pot $1.03 | Rake $0.05 | Jackpot $0 | Bingo $0 | Fortune $0
Board [Kc 2s 8h]
Seat 1: fd27d9e5 (button) folded on the Flop
Seat 2: 53305f44 (small blind) won ($0.98)
Seat 3: 68baefc0 (big blind) folded before Flop
Seat 5: Hero folded before Flop (didn't bet)
Seat 6: d0a9f233 folded before Flop


Poker Hand #HD1155443539: Hold'em No Limit  ($0.02/$0.05) - 2023/03/11 13:18:06
Table 'NLHBlue71' 6-max Seat #5 is the button
Seat 1: fd27d9e5 ($9.66 in chips)
Seat 2: 53305f44 ($5.1 in chips)
Seat 3: 68baefc0 ($6.51 in chips)
Seat 5: Hero ($5.78 in chips)
fd27d9e5: posts small blind $0.02
53305f44: posts big blind $0.05
*** HOLE CARDS ***
Dealt to fd27d9e5 
Dealt to 53305f44 
Dealt to 68baefc0 
Dealt to Hero [3d Ac]
68baefc0: raises $0.06 to $0.11
Hero: folds
fd27d9e5: folds
53305f44: folds
Uncalled bet ($0.06) returned to 68baefc0
*** SHOWDOWN ***
68baefc0 collected $0.12 from pot
*** SUMMARY ***
Total pot $0.12 | Rake $0 | Jackpot $0 | Bingo $0 | Fortune $0
Seat 1: fd27d9e5 (small blind) folded before Flop
Seat 2: 53305f44 (big blind) folded before Flop
Seat 3: 68baefc0 collected ($0.12)
Seat 5: Hero (button) folded before Flop (didn't bet)


Poker Hand #HD1155443412: Hold'em No Limit  ($0.02/$0.05) - 2023/03/11 13:17:21
Table 'NLHBlue71' 6-max Seat #3 is the button
Seat 1: fd27d9e5 ($9.66 in chips)
Seat 2: 53305f44 ($5.1 in chips)
Seat 3: 68baefc0 ($6.44 in chips)
Seat 5: Hero ($5.8 in chips)
Seat 6: d0a9f233 ($6.33 in chips)
Hero: posts small blind $0.02
d0a9f233: posts big blind $0.05
*** HOLE CARDS ***
Dealt to fd27d9e5 
Dealt to 53305f44 
Dealt to 68baefc0 
Dealt to Hero [Th 3s]
Dealt to d0a9f233 
fd27d9e5: folds
53305f44: folds
68baefc0: raises $0.08 to $0.13
Hero: folds
d0a9f233: folds
Uncalled bet ($0.08) returned to 68baefc0
*** SHOWDOWN ***
68baefc0 collected $0.12 from pot
*** SUMMARY ***
Total pot $0.12 | Rake $0 | Jackpot $0 | Bingo $0 | Fortune $0
Seat 1: fd27d9e5 folded before Flop (didn't bet)
Seat 2: 53305f44 folded before Flop (didn't bet)
Seat 3: 68baefc0 (button) collected ($0.12)
Seat 5: Hero (small blind) folded before Flop
Seat 6: d0a9f233 (big blind) folded before Flop


Poker Hand #HD1155443323: Hold'em No Limit  ($0.02/$0.05) - 2023/03/11 13:16:44
Table 'NLHBlue71' 6-max Seat #2 is the button
Seat 1: fd27d9e5 ($9.66 in chips)
Seat 2: 53305f44 ($5.1 in chips)
Seat 3: 68baefc0 ($6.49 in chips)
Seat 5: Hero ($5.7 in chips)
Seat 6: d0a9f233 ($6.38 in chips)
68baefc0: posts small blind $0.02
Hero: posts big blind $0.05
*** HOLE CARDS ***
Dealt to fd27d9e5 
Dealt to 53305f44 
Dealt to 68baefc0 
Dealt to Hero [Ts Qs]
Dealt to d0a9f233 
d0a9f233: calls $0.05
fd27d9e5: folds
53305f44: folds
68baefc0: calls $0.03
Hero: raises $0.23 to $0.28
d0a9f233: folds
68baefc0: folds
Uncalled bet ($0.23) returned to Hero
*** SHOWDOWN ***
Hero collected $0.15 from pot
*** SUMMARY ***
Total pot $0.15 | Rake $0 | Jackpot $0 | Bingo $0 | Fortune $0
Seat 1: fd27d9e5 folded before Flop (didn't bet)
Seat 2: 53305f44 (button) folded before Flop (didn't bet)
Seat 3: 68baefc0 (small blind) folded before Flop
Seat 5: Hero (big blind) collected ($0.15)
Seat 6: d0a9f233 folded before Flop


Poker Hand #HD1155443304: Hold'em No Limit  ($0.02/$0.05) - 2023/03/11 13:16:33
Table 'NLHBlue71' 6-max Seat #1 is the button
Seat 1: fd27d9e5 ($9.66 in chips)
Seat 2: 53305f44 ($5.05 in chips)
Seat 3: 68baefc0 ($6.54 in chips)
Seat 5: Hero ($5.7 in chips)
Seat 6: d0a9f233 ($6.38 in chips)
53305f44: posts small blind $0.02
68baefc0: posts big blind $0.05
*** HOLE CARDS ***
Dealt to fd27d9e5 
Dealt to 53305f44 
Dealt to 68baefc0 
Dealt to Hero [Ks 4s]
Dealt to d0a9f233 
Hero: folds
d0a9f233: folds
fd27d9e5: folds
53305f44: raises $0.11 to $0.16
68baefc0: folds
Uncalled bet ($0.11) returned to 53305f44
*** SHOWDOWN ***
53305f44 collected $0.1 from pot
*** SUMMARY ***
Total pot $0.1 | Rake $0 | Jackpot $0 | Bingo $0 | Fortune $0
Seat 1: fd27d9e5 (button) folded before Flop (didn't bet)
Seat 2: 53305f44 (small blind) collected ($0.1)
Seat 3: 68baefc0 (big blind) folded before Flop
Seat 5: Hero folded before Flop (didn't bet)
Seat 6: d0a9f233 folded before Flop (didn't bet)


Poker Hand #HD1155443265: Hold'em No Limit  ($0.02/$0.05) - 2023/03/11 13:16:18
Table 'NLHBlue71' 6-max Seat #6 is the button
Seat 1: fd27d9e5 ($9.61 in chips)
Seat 2: 53305f44 ($5 in chips)
Seat 3: 68baefc0 ($6.54 in chips)
Seat 5: Hero ($5.7 in chips)
Seat 6: d0a9f233 ($6.38 in chips)
fd27d9e5: posts small blind $0.02
53305f44: posts big blind $0.05
*** HOLE CARDS ***
Dealt to fd27d9e5 
Dealt to 53305f44 
Dealt to 68baefc0 
Dealt to Hero [5d 8h]
Dealt to d0a9f233 
68baefc0: folds
Hero: folds
d0a9f233: folds
fd27d9e5: raises $0.1 to $0.15
53305f44: folds
Uncalled bet ($0.1) returned to fd27d9e5
*** SHOWDOWN ***
fd27d9e5 collected $0.1 from pot
*** SUMMARY ***
Total pot $0.1 | Rake $0 | Jackpot $0 | Bingo $0 | Fortune $0
Seat 1: fd27d9e5 (small blind) collected ($0.1)
Seat 2: 53305f44 (big blind) folded before Flop
Seat 3: 68baefc0 folded before Flop (didn't bet)
Seat 5: Hero folded before Flop (didn't bet)
Seat 6: d0a9f233 (button) folded before Flop (didn't bet)


Poker Hand #HD1155443157: Hold'em No Limit  ($0.02/$0.05) - 2023/03/11 13:15:36
Table 'NLHBlue71' 6-max Seat #5 is the button
Seat 1: fd27d9e5 ($9.66 in chips)
Seat 2: 53305f44 ($5 in chips)
Seat 3: 68baefc0 ($6.54 in chips)
Seat 4: e3368fa1 ($0.66 in chips)
Seat 5: Hero ($5.7 in chips)
Seat 6: d0a9f233 ($5.73 in chips)
d0a9f233: posts small blind $0.02
fd27d9e5: posts big blind $0.05
*** HOLE CARDS ***
Dealt to fd27d9e5 
Dealt to 53305f44 
Dealt to 68baefc0 
Dealt to e3368fa1 
Dealt to Hero [Qs 9d]
Dealt to d0a9f233 
53305f44: folds
68baefc0: folds
e3368fa1: calls $0.05
Hero: folds
d0a9f233: calls $0.03
fd27d9e5: checks
*** FLOP *** [8c Th Td]
d0a9f233: checks
fd27d9e5: checks
e3368fa1: checks
*** TURN *** [8c Th Td] [Ac]
d0a9f233: bets $0.05
fd27d9e5: folds
e3368fa1: calls $0.05
*** RIVER *** [8c Th Td Ac] [6s]
d0a9f233: bets $5.63 and is all-in
e3368fa1: calls $0.56 and is all-in
Uncalled bet ($5.07) returned to d0a9f233
d0a9f233: shows [Js Tc] (Three Tens)
e3368fa1: shows [4c 4d] (Pair of Tens and Pair of Fours)
*** SHOWDOWN ***
d0a9f233 collected $1.31 from pot
*** SUMMARY ***
Total pot $1.37 | Rake $0.06 | Jackpot $0 | Bingo $0 | Fortune $0
Board [8c Th Td Ac 6s]
Seat 1: fd27d9e5 (big blind) folded on the Turn
Seat 2: 53305f44 folded before Flop (didn't bet)
Seat 3: 68baefc0 folded before Flop (didn't bet)
Seat 4: e3368fa1 showed [4c 4d] and lost with Pair of Tens and Pair of Fours
Seat 5: Hero (button) folded before Flop (didn't bet)
Seat 6: d0a9f233 (small blind) showed [Js Tc] and won ($1.31) with Three Tens


Poker Hand #HD1155443059: Hold'em No Limit  ($0.02/$0.05) - 2023/03/11 13:14:59
Table 'NLHBlue71' 6-max Seat #4 is the button
Seat 2: 53305f44 ($5 in chips)
Seat 3: 68baefc0 ($6.54 in chips)
Seat 4: e3368fa1 ($0.49 in chips)
Seat 5: Hero ($5.72 in chips)
Seat 6: d0a9f233 ($5.89 in chips)
Hero: posts small blind $0.02
d0a9f233: posts big blind $0.05
*** HOLE CARDS ***
Dealt to 53305f44 
Dealt to 68baefc0 
Dealt to e3368fa1 
Dealt to Hero [9c Qh]
Dealt to d0a9f233 
53305f44: folds
68baefc0: folds
e3368fa1: calls $0.05
Hero: folds
d0a9f233: checks
*** FLOP *** [Qd 8s 6h]
d0a9f233: checks
e3368fa1: bets $0.06
d0a9f233: calls $0.06
*** TURN *** [Qd 8s 6h] [Kh]
d0a9f233: checks
e3368fa1: checks
*** RIVER *** [Qd 8s 6h Kh] [7d]
d0a9f233: bets $0.05
e3368fa1: raises $0.33 to $0.38 and is all-in
d0a9f233: folds
Uncalled bet ($0.33) returned to e3368fa1
e3368fa1: shows [Kc] (Pair of Kings)
*** SHOWDOWN ***
e3368fa1 collected $0.33 from pot
*** SUMMARY ***
Total pot $0.34 | Rake $0.01 | Jackpot $0 | Bingo $0 | Fortune $0
Board [Qd 8s 6h Kh 7d]
Seat 2: 53305f44 folded before Flop (didn't bet)
Seat 3: 68baefc0 folded before Flop (didn't bet)
Seat 4: e3368fa1 (button) showed [Kc Ah] and won ($0.33) with Pair of Kings
Seat 5: Hero (small blind) folded before Flop
Seat 6: d0a9f233 (big blind) folded on the River


Poker Hand #HD1155442913: Hold'em No Limit  ($0.02/$0.05) - 2023/03/11 13:14:02
Table 'NLHBlue71' 6-max Seat #3 is the button
Seat 2: 53305f44 ($5 in chips)
Seat 3: 68baefc0 ($6.54 in chips)
Seat 4: e3368fa1 ($0.71 in chips)
Seat 5: Hero ($5.47 in chips)
Seat 6: d0a9f233 ($5.89 in chips)
e3368fa1: posts small blind $0.02
Hero: posts big blind $0.05
*** HOLE CARDS ***
Dealt to 53305f44 
Dealt to 68baefc0 
Dealt to e3368fa1 
Dealt to Hero [Tc Ad]
Dealt to d0a9f233 
d0a9f233: folds
53305f44: raises $0.09 to $0.14
68baefc0: folds
e3368fa1: calls $0.12
Hero: calls $0.09
*** FLOP *** [9s 3d Ac]
e3368fa1: bets $0.57 and is all-in
Hero: calls $0.57
53305f44: folds
e3368fa1: shows [Qd 9d] (Pair of Nines)
Hero: shows [Tc Ad] (Pair of Aces)
*** FIRST TURN *** [9s 3d Ac] [8s]
*** FIRST RIVER *** [9s 3d Ac 8s] [5s]
*** SECOND TURN *** [9s 3d Ac] [6h]
*** SECOND RIVER *** [9s 3d Ac 6h] [9h]
*** THIRD TURN *** [9s 3d Ac] [Jh]
*** THIRD RIVER *** [9s 3d Ac Jh] [Jd]
*** FIRST SHOWDOWN ***
Hero collected $0.48 from pot
*** SECOND SHOWDOWN ***
e3368fa1 collected $0.49 from pot
*** THIRD SHOWDOWN ***
Hero collected $0.48 from pot
*** SUMMARY ***
Total pot $1.56 | Rake $0.06 | Jackpot $0.05 | Bingo $0 | Fortune $0
Hand was run three times
FIRST Board [9s 3d Ac 8s 5s]
SECOND Board [6h 9h]
THIRD Board [Jh Jd]
Seat 2: 53305f44 folded on the Flop
Seat 3: 68baefc0 (button) folded before Flop (didn't bet)
Seat 4: e3368fa1 (small blind) showed [Qd 9d] and lost with Pair of Nines, and won ($0.49), and lost
Seat 5: Hero (big blind) showed [Tc Ad] and won ($0.48) with Pair of Aces, and lost, and won ($0.48)
Seat 6: d0a9f233 folded before Flop (didn't bet)


Poker Hand #HD1155442805: Hold'em No Limit  ($0.02/$0.05) - 2023/03/11 13:13:18
Table 'NLHBlue71' 6-max Seat #2 is the button
Seat 1: fd27d9e5 ($9.66 in chips)
Seat 2: 53305f44 ($5.1 in chips)
Seat 3: 68baefc0 ($6.56 in chips)
Seat 4: e3368fa1 ($0.76 in chips)
Seat 5: Hero ($5.47 in chips)
Seat 6: d0a9f233 ($5.64 in chips)
68baefc0: posts small blind $0.02
e3368fa1: posts big blind $0.05
*** HOLE CARDS ***
Dealt to fd27d9e5 
Dealt to 53305f44 
Dealt to 68baefc0 
Dealt to e3368fa1 
Dealt to Hero [4h 6c]
Dealt to d0a9f233 
Hero: folds
d0a9f233: calls $0.05
fd27d9e5: folds
53305f44: raises $0.15 to $0.2
68baefc0: folds
e3368fa1: folds
d0a9f233: calls $0.15
*** FLOP *** [Qs Kh 4d]
d0a9f233: checks
53305f44: checks
*** TURN *** [Qs Kh 4d] [3d]
d0a9f233: bets $0.35
53305f44: folds
Uncalled bet ($0.35) returned to d0a9f233
*** SHOWDOWN ***
d0a9f233 collected $0.45 from pot
*** SUMMARY ***
Total pot $0.47 | Rake $0.02 | Jackpot $0 | Bingo $0 | Fortune $0
Board [Qs Kh 4d 3d]
Seat 1: fd27d9e5 folded before Flop (didn't bet)
Seat 2: 53305f44 (button) folded on the Turn
Seat 3: 68baefc0 (small blind) folded before Flop
Seat 4: e3368fa1 (big blind) folded before Flop
Seat 5: Hero folded before Flop (didn't bet)
Seat 6: d0a9f233 won ($0.45)


Poker Hand #HD1155442521: Hold'em No Limit  ($0.02/$0.05) - 2023/03/11 13:11:22
Table 'NLHBlue71' 6-max Seat #1 is the button
Seat 1: fd27d9e5 ($10.81 in chips)
Seat 2: 53305f44 ($5.12 in chips)
Seat 3: 68baefc0 ($6.61 in chips)
Seat 4: e3368fa1 ($0.91 in chips)
Seat 5: Hero ($5.47 in chips)
Seat 6: d0a9f233 ($4.44 in chips)
53305f44: posts small blind $0.02
68baefc0: posts big blind $0.05
*** HOLE CARDS ***
Dealt to fd27d9e5 
Dealt to 53305f44 
Dealt to 68baefc0 
Dealt to e3368fa1 
Dealt to Hero [2h 5d]
Dealt to d0a9f233 
e3368fa1: raises $0.1 to $0.15
Hero: folds
d0a9f233: calls $0.15
fd27d9e5: raises $0.6 to $0.75
53305f44: folds
68baefc0: folds
e3368fa1: folds
d0a9f233: calls $0.6
*** FLOP *** [Tc Qh 8c]
d0a9f233: checks
fd27d9e5: bets $0.4
d0a9f233: calls $0.4
*** TURN *** [Tc Qh 8c] [As]
d0a9f233: checks
fd27d9e5: checks
*** RIVER *** [Tc Qh 8c As] [9c]
d0a9f233: bets $3.29 and is all-in
fd27d9e5: folds
Uncalled bet ($3.29) returned to d0a9f233
*** SHOWDOWN ***
d0a9f233 collected $2.35 from pot
*** SUMMARY ***
Total pot $2.52 | Rake $0.12 | Jackpot $0.05 | Bingo $0 | Fortune $0
Board [Tc Qh 8c As 9c]
Seat 1: fd27d9e5 (button) folded on the River
Seat 2: 53305f44 (small blind) folded before Flop
Seat 3: 68baefc0 (big blind) folded before Flop
Seat 4: e3368fa1 folded before Flop
Seat 5: Hero folded before Flop (didn't bet)
Seat 6: d0a9f233 won ($2.35)


Poker Hand #HD1155442458: Hold'em No Limit  ($0.02/$0.05) - 2023/03/11 13:10:56
Table 'NLHBlue71' 6-max Seat #6 is the button
Seat 1: fd27d9e5 ($10.83 in chips)
Seat 2: 53305f44 ($5.17 in chips)
Seat 3: 68baefc0 ($6.61 in chips)
Seat 4: e3368fa1 ($0.91 in chips)
Seat 5: Hero ($5.47 in chips)
Seat 6: d0a9f233 ($4.37 in chips)
fd27d9e5: posts small blind $0.02
53305f44: posts big blind $0.05
*** HOLE CARDS ***
Dealt to fd27d9e5 
Dealt to 53305f44 
Dealt to 68baefc0 
Dealt to e3368fa1 
Dealt to Hero [2h Qh]
Dealt to d0a9f233 
68baefc0: folds
e3368fa1: folds
Hero: folds
d0a9f233: calls $0.05
fd27d9e5: folds
53305f44: checks
*** FLOP *** [5d 9h 3c]
53305f44: checks
d0a9f233: bets $0.05
53305f44: folds
Uncalled bet ($0.05) returned to d0a9f233
*** SHOWDOWN ***
d0a9f233 collected $0.12 from pot
*** SUMMARY ***
Total pot $0.12 | Rake $0 | Jackpot $0 | Bingo $0 | Fortune $0
Board [5d 9h 3c]
Seat 1: fd27d9e5 (small blind) folded before Flop
Seat 2: 53305f44 (big blind) folded on the Flop
Seat 3: 68baefc0 folded before Flop (didn't bet)
Seat 4: e3368fa1 folded before Flop (didn't bet)
Seat 5: Hero folded before Flop (didn't bet)
Seat 6: d0a9f233 (button) won ($0.12)


Poker Hand #HD1155442380: Hold'em No Limit  ($0.02/$0.05) - 2023/03/11 13:10:24
Table 'NLHBlue71' 6-max Seat #5 is the button
Seat 1: fd27d9e5 ($10.98 in chips)
Seat 2: 53305f44 ($5.17 in chips)
Seat 3: 68baefc0 ($6.61 in chips)
Seat 4: e3368fa1 ($0.75 in chips)
Seat 5: Hero ($5.47 in chips)
Seat 6: d0a9f233 ($4.39 in chips)
d0a9f233: posts small blind $0.02
fd27d9e5: posts big blind $0.05
*** HOLE CARDS ***
Dealt to fd27d9e5 
Dealt to 53305f44 
Dealt to 68baefc0 
Dealt to e3368fa1 
Dealt to Hero [Tc As]
Dealt to d0a9f233 
53305f44: folds
68baefc0: folds
e3368fa1: raises $0.1 to $0.15
Hero: folds
d0a9f233: folds
fd27d9e5: calls $0.1
*** FLOP *** [Ah 9h 9d]
fd27d9e5: checks
e3368fa1: bets $0.16
fd27d9e5: folds
Uncalled bet ($0.16) returned to e3368fa1
e3368fa1: shows [Jh]
*** SHOWDOWN ***
e3368fa1 collected $0.31 from pot
*** SUMMARY ***
Total pot $0.32 | Rake $0.01 | Jackpot $0 | Bingo $0 | Fortune $0
Board [Ah 9h 9d]
Seat 1: fd27d9e5 (big blind) folded on the Flop
Seat 2: 53305f44 folded before Flop (didn't bet)
Seat 3: 68baefc0 folded before Flop (didn't bet)
Seat 4: e3368fa1 showed [Kd Jh] and won ($0.31) with Pair of Nines
Seat 5: Hero (button) folded before Flop (didn't bet)
Seat 6: d0a9f233 (small blind) folded before Flop


Poker Hand #HD1155442209: Hold'em No Limit  ($0.02/$0.05) - 2023/03/11 13:09:17
Table 'NLHBlue71' 6-max Seat #4 is the button
Seat 1: fd27d9e5 ($10.98 in chips)
Seat 2: 53305f44 ($5.17 in chips)
Seat 3: 68baefc0 ($6.61 in chips)
Seat 4: e3368fa1 ($0.8 in chips)
Seat 5: Hero ($5.49 in chips)
Seat 6: d0a9f233 ($4.43 in chips)
Hero: posts small blind $0.02
d0a9f233: posts big blind $0.05
*** HOLE CARDS ***
Dealt to fd27d9e5 
Dealt to 53305f44 
Dealt to 68baefc0 
Dealt to e3368fa1 
Dealt to Hero [3s 3h]
Dealt to d0a9f233 
fd27d9e5: folds
53305f44: folds
68baefc0: folds
e3368fa1: raises $0.1 to $0.15
Hero: folds
d0a9f233: calls $0.1
*** FLOP *** [Qh 9c Ah]
d0a9f233: checks
e3368fa1: bets $0.16
d0a9f233: calls $0.16
*** TURN *** [Qh 9c Ah] [8c]
d0a9f233: bets $0.05
e3368fa1: raises $0.44 to $0.49 and is all-in
d0a9f233: calls $0.44
e3368fa1: shows [As Jc] (Pair of Aces)
d0a9f233: shows [Qc 4c] (Pair of Queens)
*** FIRST RIVER *** [Qh 9c Ah 8c] [Ad]
*** SECOND RIVER *** [Qh 9c Ah 8c] [4s]
*** FIRST SHOWDOWN ***
e3368fa1 collected $0.75 from pot
*** SECOND SHOWDOWN ***
d0a9f233 collected $0.76 from pot
*** SUMMARY ***
Total pot $1.62 | Rake $0.06 | Jackpot $0.05 | Bingo $0 | Fortune $0
Hand was run two times
FIRST Board [Qh 9c Ah 8c Ad]
SECOND Board [4s]
Seat 1: fd27d9e5 folded before Flop (didn't bet)
Seat 2: 53305f44 folded before Flop (didn't bet)
Seat 3: 68baefc0 folded before Flop (didn't bet)
Seat 4: e3368fa1 (button) showed [As Jc] and won ($0.75) with Three Aces, and lost
Seat 5: Hero (small blind) folded before Flop
Seat 6: d0a9f233 (big blind) showed [Qc 4c] and lost with Pair of Aces and Pair of Queens, and won ($0.76)


Poker Hand #HD1155442137: Hold'em No Limit  ($0.02/$0.05) - 2023/03/11 13:08:52
Table 'NLHBlue71' 6-max Seat #3 is the button
Seat 1: fd27d9e5 ($10.91 in chips)
Seat 2: 53305f44 ($5.17 in chips)
Seat 3: 68baefc0 ($6.61 in chips)
Seat 4: e3368fa1 ($0.82 in chips)
Seat 5: Hero ($5.54 in chips)
Seat 6: d0a9f233 ($4.43 in chips)
e3368fa1: posts small blind $0.02
Hero: posts big blind $0.05
*** HOLE CARDS ***
Dealt to fd27d9e5 
Dealt to 53305f44 
Dealt to 68baefc0 
Dealt to e3368fa1 
Dealt to Hero [3c 9s]
Dealt to d0a9f233 
d0a9f233: folds
fd27d9e5: raises $0.08 to $0.13
53305f44: folds
68baefc0: folds
e3368fa1: folds
Hero: folds
Uncalled bet ($0.08) returned to fd27d9e5
*** SHOWDOWN ***
fd27d9e5 collected $0.12 from pot
*** SUMMARY ***
Total pot $0.12 | Rake $0 | Jackpot $0 | Bingo $0 | Fortune $0
Seat 1: fd27d9e5 collected ($0.12)
Seat 2: 53305f44 folded before Flop (didn't bet)
Seat 3: 68baefc0 (button) folded before Flop (didn't bet)
Seat 4: e3368fa1 (small blind) folded before Flop
Seat 5: Hero (big blind) folded before Flop
Seat 6: d0a9f233 folded before Flop (didn't bet)


Poker Hand #HD1155442026: Hold'em No Limit  ($0.02/$0.05) - 2023/03/11 13:08:10
Table 'NLHBlue71' 6-max Seat #2 is the button
Seat 1: fd27d9e5 ($10.91 in chips)
Seat 2: 53305f44 ($5.17 in chips)
Seat 3: 68baefc0 ($6.34 in chips)
Seat 4: e3368fa1 ($1.11 in chips)
Seat 5: Hero ($5.54 in chips)
Seat 6: d0a9f233 ($4.43 in chips)
68baefc0: posts small blind $0.02
e3368fa1: posts big blind $0.05
*** HOLE CARDS ***
Dealt to fd27d9e5 
Dealt to 53305f44 
Dealt to 68baefc0 
Dealt to e3368fa1 
Dealt to Hero [5c Qs]
Dealt to d0a9f233 
Hero: folds
d0a9f233: folds
fd27d9e5: folds
53305f44: folds
68baefc0: raises $0.08 to $0.13
e3368fa1: calls $0.08
*** FLOP *** [Qh 7s 8c]
68baefc0: bets $0.16
e3368fa1: calls $0.16
*** TURN *** [Qh 7s 8c] [2s]
68baefc0: bets $0.35
e3368fa1: folds
Uncalled bet ($0.35) returned to 68baefc0
*** SHOWDOWN ***
68baefc0 collected $0.56 from pot
*** SUMMARY ***
Total pot $0.58 | Rake $0.02 | Jackpot $0 | Bingo $0 | Fortune $0
Board [Qh 7s 8c 2s]
Seat 1: fd27d9e5 folded before Flop (didn't bet)
Seat 2: 53305f44 (button) folded before Flop (didn't bet)
Seat 3: 68baefc0 (small blind) won ($0.56)
Seat 4: e3368fa1 (big blind) folded on the Turn
Seat 5: Hero folded before Flop (didn't bet)
Seat 6: d0a9f233 folded before Flop (didn't bet)


Poker Hand #HD1155442000: Hold'em No Limit  ($0.02/$0.05) - 2023/03/11 13:07:59
Table 'NLHBlue71' 6-max Seat #1 is the button
Seat 1: fd27d9e5 ($10.91 in chips)
Seat 2: 53305f44 ($5.19 in chips)
Seat 3: 68baefc0 ($6.32 in chips)
Seat 4: e3368fa1 ($1.11 in chips)
Seat 5: Hero ($5.54 in chips)
Seat 6: d0a9f233 ($4.43 in chips)
53305f44: posts small blind $0.02
68baefc0: posts big blind $0.05
*** HOLE CARDS ***
Dealt to fd27d9e5 
Dealt to 53305f44 
Dealt to 68baefc0 
Dealt to e3368fa1 
Dealt to Hero [5h Js]
Dealt to d0a9f233 
e3368fa1: folds
Hero: folds
d0a9f233: folds
fd27d9e5: folds
53305f44: folds
Uncalled bet ($0.03) returned to 68baefc0
*** SHOWDOWN ***
68baefc0 collected $0.04 from pot
*** SUMMARY ***
Total pot $0.04 | Rake $0 | Jackpot $0 | Bingo $0 | Fortune $0
Seat 1: fd27d9e5 (button) folded before Flop (didn't bet)
Seat 2: 53305f44 (small blind) folded before Flop
Seat 3: 68baefc0 (big blind) collected ($0.04)
Seat 4: e3368fa1 folded before Flop (didn't bet)
Seat 5: Hero folded before Flop (didn't bet)
Seat 6: d0a9f233 folded before Flop (didn't bet)


Poker Hand #HD1155441892: Hold'em No Limit  ($0.02/$0.05) - 2023/03/11 13:07:14
Table 'NLHBlue71' 6-max Seat #6 is the button
Seat 1: fd27d9e5 ($11.04 in chips)
Seat 2: 53305f44 ($5.07 in chips)
Seat 3: 68baefc0 ($6.32 in chips)
Seat 4: e3368fa1 ($1.11 in chips)
Seat 5: Hero ($5.54 in chips)
Seat 6: d0a9f233 ($4.43 in chips)
fd27d9e5: posts small blind $0.02
53305f44: posts big blind $0.05
*** HOLE CARDS ***
Dealt to fd27d9e5 
Dealt to 53305f44 
Dealt to 68baefc0 
Dealt to e3368fa1 
Dealt to Hero [9d Jh]
Dealt to d0a9f233 
68baefc0: folds
e3368fa1: folds
Hero: folds
d0a9f233: folds
fd27d9e5: calls $0.03
53305f44: checks
*** FLOP *** [4d 5s Th]
fd27d9e5: checks
53305f44: checks
*** TURN *** [4d 5s Th] [Jc]
fd27d9e5: bets $0.08
53305f44: calls $0.08
*** RIVER *** [4d 5s Th Jc] [8h]
fd27d9e5: checks
53305f44: checks
fd27d9e5: shows [7c 8c] (Pair of Eights)
53305f44: shows [9s 8d] (Pair of Eights)
e3368fa1: shows [Ts] (Pair of Tens)
*** SHOWDOWN ***
53305f44 collected $0.25 from pot
*** SUMMARY ***
Total pot $0.26 | Rake $0.01 | Jackpot $0 | Bingo $0 | Fortune $0
Board [4d 5s Th Jc 8h]
Seat 1: fd27d9e5 (small blind) showed [7c 8c] and lost with Pair of Eights
Seat 2: 53305f44 (big blind) showed [9s 8d] and won ($0.25) with Pair of Eights
Seat 3: 68baefc0 folded before Flop (didn't bet)
Seat 4: e3368fa1 folded before Flop (didn't bet)
Seat 5: Hero folded before Flop (didn't bet)
Seat 6: d0a9f233 (button) folded before Flop (didn't bet)


Poker Hand #HD1155441739: Hold'em No Limit  ($0.02/$0.05) - 2023/03/11 13:06:08
Table 'NLHBlue71' 6-max Seat #5 is the button
Seat 1: fd27d9e5 ($11.09 in chips)
Seat 2: 53305f44 ($5.07 in chips)
Seat 3: 68baefc0 ($6.32 in chips)
Seat 4: e3368fa1 ($0.88 in chips)
Seat 5: Hero ($5.54 in chips)
Seat 6: d0a9f233 ($4.63 in chips)
d0a9f233: posts small blind $0.02
fd27d9e5: posts big blind $0.05
*** HOLE CARDS ***
Dealt to fd27d9e5 
Dealt to 53305f44 
Dealt to 68baefc0 
Dealt to e3368fa1 
Dealt to Hero [Kd 2c]
Dealt to d0a9f233 
53305f44: folds
68baefc0: folds
e3368fa1: raises $0.1 to $0.15
Hero: folds
d0a9f233: calls $0.13
fd27d9e5: folds
*** FLOP *** [9h Th 9d]
d0a9f233: bets $0.05
e3368fa1: raises $0.68 to $0.73 and is all-in
d0a9f233: folds
Uncalled bet ($0.68) returned to e3368fa1
*** SHOWDOWN ***
e3368fa1 collected $0.43 from pot
*** SUMMARY ***
Total pot $0.45 | Rake $0.02 | Jackpot $0 | Bingo $0 | Fortune $0
Board [9h Th 9d]
Seat 1: fd27d9e5 (big blind) folded before Flop
Seat 2: 53305f44 folded before Flop (didn't bet)
Seat 3: 68baefc0 folded before Flop (didn't bet)
Seat 4: e3368fa1 won ($0.43)
Seat 5: Hero (button) folded before Flop (didn't bet)
Seat 6: d0a9f233 (small blind) folded on the Flop


Poker Hand #HD1155441625: Hold'em No Limit  ($0.02/$0.05) - 2023/03/11 13:05:23
Table 'NLHBlue71' 6-max Seat #4 is the button
Seat 1: fd27d9e5 ($11.09 in chips)
Seat 2: 53305f44 ($5.07 in chips)
Seat 3: 68baefc0 ($6.32 in chips)
Seat 4: e3368fa1 ($0.93 in chips)
Seat 5: Hero ($5.56 in chips)
Seat 6: d0a9f233 ($4.56 in chips)
Hero: posts small blind $0.02
d0a9f233: posts big blind $0.05
*** HOLE CARDS ***
Dealt to fd27d9e5 
Dealt to 53305f44 
Dealt to 68baefc0 
Dealt to e3368fa1 
Dealt to Hero [Kd 6d]
Dealt to d0a9f233 
fd27d9e5: folds
53305f44: folds
68baefc0: folds
e3368fa1: calls $0.05
Hero: folds
d0a9f233: checks
*** FLOP *** [2h Td 5d]
d0a9f233: bets $0.25
e3368fa1: folds
Uncalled bet ($0.25) returned to d0a9f233
*** SHOWDOWN ***
d0a9f233 collected $0.12 from pot
*** SUMMARY ***
Total pot $0.12 | Rake $0 | Jackpot $0 | Bingo $0 | Fortune $0
Board [2h Td 5d]
Seat 1: fd27d9e5 folded before Flop (didn't bet)
Seat 2: 53305f44 folded before Flop (didn't bet)
Seat 3: 68baefc0 folded before Flop (didn't bet)
Seat 4: e3368fa1 (button) folded on the Flop
Seat 5: Hero (small blind) folded before Flop
Seat 6: d0a9f233 (big blind) won ($0.12)


Poker Hand #HD1155441595: Hold'em No Limit  ($0.02/$0.05) - 2023/03/11 13:05:08
Table 'NLHBlue71' 6-max Seat #3 is the button
Seat 1: fd27d9e5 ($11.02 in chips)
Seat 2: 53305f44 ($5.07 in chips)
Seat 3: 68baefc0 ($6.32 in chips)
Seat 4: e3368fa1 ($0.95 in chips)
Seat 5: Hero ($5.61 in chips)
Seat 6: d0a9f233 ($4.56 in chips)
e3368fa1: posts small blind $0.02
Hero: posts big blind $0.05
*** HOLE CARDS ***
Dealt to fd27d9e5 
Dealt to 53305f44 
Dealt to 68baefc0 
Dealt to e3368fa1 
Dealt to Hero [Qs 7d]
Dealt to d0a9f233 
d0a9f233: folds
fd27d9e5: raises $0.08 to $0.13
53305f44: folds
68baefc0: folds
e3368fa1: folds
Hero: folds
Uncalled bet ($0.08) returned to fd27d9e5
*** SHOWDOWN ***
fd27d9e5 collected $0.12 from pot
*** SUMMARY ***
Total pot $0.12 | Rake $0 | Jackpot $0 | Bingo $0 | Fortune $0
Seat 1: fd27d9e5 collected ($0.12)
Seat 2: 53305f44 folded before Flop (didn't bet)
Seat 3: 68baefc0 (button) folded before Flop (didn't bet)
Seat 4: e3368fa1 (small blind) folded before Flop
Seat 5: Hero (big blind) folded before Flop
Seat 6: d0a9f233 folded before Flop (didn't bet)


Poker Hand #HD1155441530: Hold'em No Limit  ($0.02/$0.05) - 2023/03/11 13:04:40
Table 'NLHBlue71' 6-max Seat #2 is the button
Seat 1: fd27d9e5 ($10.9 in chips)
Seat 2: 53305f44 ($5.07 in chips)
Seat 3: 68baefc0 ($6.34 in chips)
Seat 4: e3368fa1 ($1 in chips)
Seat 5: Hero ($5.61 in chips)
Seat 6: d0a9f233 ($4.61 in chips)
68baefc0: posts small blind $0.02
e3368fa1: posts big blind $0.05
*** HOLE CARDS ***
Dealt to fd27d9e5 
Dealt to 53305f44 
Dealt to 68baefc0 
Dealt to e3368fa1 
Dealt to Hero [Jh 6h]
Dealt to d0a9f233 
Hero: folds
d0a9f233: calls $0.05
fd27d9e5: raises $0.15 to $0.2
53305f44: folds
68baefc0: folds
e3368fa1: folds
d0a9f233: folds
Uncalled bet ($0.15) returned to fd27d9e5
*** SHOWDOWN ***
fd27d9e5 collected $0.17 from pot
*** SUMMARY ***
Total pot $0.17 | Rake $0 | Jackpot $0 | Bingo $0 | Fortune $0
Seat 1: fd27d9e5 collected ($0.17)
Seat 2: 53305f44 (button) folded before Flop (didn't bet)
Seat 3: 68baefc0 (small blind) folded before Flop
Seat 4: e3368fa1 (big blind) folded before Flop
Seat 5: Hero folded before Flop (didn't bet)
Seat 6: d0a9f233 folded before Flop


Poker Hand #HD1155441491: Hold'em No Limit  ($0.02/$0.05) - 2023/03/11 13:04:24
Table 'NLHBlue71' 6-max Seat #1 is the button
Seat 1: fd27d9e5 ($10.9 in chips)
Seat 2: 53305f44 ($5.02 in chips)
Seat 3: 68baefc0 ($6.39 in chips)
Seat 5: Hero ($5.61 in chips)
Seat 6: d0a9f233 ($4.61 in chips)
53305f44: posts small blind $0.02
68baefc0: posts big blind $0.05
*** HOLE CARDS ***
Dealt to fd27d9e5 
Dealt to 53305f44 
Dealt to 68baefc0 
Dealt to Hero [2c Tc]
Dealt to d0a9f233 
Hero: folds
d0a9f233: folds
fd27d9e5: folds
53305f44: raises $0.11 to $0.16
68baefc0: folds
Uncalled bet ($0.11) returned to 53305f44
*** SHOWDOWN ***
53305f44 collected $0.1 from pot
*** SUMMARY ***
Total pot $0.1 | Rake $0 | Jackpot $0 | Bingo $0 | Fortune $0
Seat 1: fd27d9e5 (button) folded before Flop (didn't bet)
Seat 2: 53305f44 (small blind) collected ($0.1)
Seat 3: 68baefc0 (big blind) folded before Flop
Seat 5: Hero folded before Flop (didn't bet)
Seat 6: d0a9f233 folded before Flop (didn't bet)


Poker Hand #HD1155441460: Hold'em No Limit  ($0.02/$0.05) - 2023/03/11 13:04:13
Table 'NLHBlue71' 6-max Seat #6 is the button
Seat 1: fd27d9e5 ($10.92 in chips)
Seat 2: 53305f44 ($5 in chips)
Seat 3: 68baefc0 ($6.39 in chips)
Seat 5: Hero ($5.61 in chips)
Seat 6: d0a9f233 ($4.61 in chips)
fd27d9e5: posts small blind $0.02
53305f44: posts big blind $0.05
*** HOLE CARDS ***
Dealt to fd27d9e5 
Dealt to 53305f44 
Dealt to 68baefc0 
Dealt to Hero [7d Jh]
Dealt to d0a9f233 
68baefc0: folds
Hero: folds
d0a9f233: folds
fd27d9e5: folds
Uncalled bet ($0.03) returned to 53305f44
*** SHOWDOWN ***
53305f44 collected $0.04 from pot
*** SUMMARY ***
Total pot $0.04 | Rake $0 | Jackpot $0 | Bingo $0 | Fortune $0
Seat 1: fd27d9e5 (small blind) folded before Flop
Seat 2: 53305f44 (big blind) collected ($0.04)
Seat 3: 68baefc0 folded before Flop (didn't bet)
Seat 5: Hero folded before Flop (didn't bet)
Seat 6: d0a9f233 (button) folded before Flop (didn't bet)


Poker Hand #HD1155441337: Hold'em No Limit  ($0.02/$0.05) - 2023/03/11 13:03:24
Table 'NLHBlue71' 6-max Seat #5 is the button
Seat 1: fd27d9e5 ($10.78 in chips)
Seat 3: 68baefc0 ($6.39 in chips)
Seat 5: Hero ($5.61 in chips)
Seat 6: d0a9f233 ($4.76 in chips)
d0a9f233: posts small blind $0.02
fd27d9e5: posts big blind $0.05
*** HOLE CARDS ***
Dealt to fd27d9e5 
Dealt to 68baefc0 
Dealt to Hero [6h 2d]
Dealt to d0a9f233 
68baefc0: folds
Hero: folds
d0a9f233: calls $0.03
fd27d9e5: checks
*** FLOP *** [4d 8h Ah]
d0a9f233: checks
fd27d9e5: bets $0.05
d0a9f233: raises $0.05 to $0.1
fd27d9e5: calls $0.05
*** TURN *** [4d 8h Ah] [Jd]
d0a9f233: checks
fd27d9e5: bets $0.23
d0a9f233: folds
Uncalled bet ($0.23) returned to fd27d9e5
*** SHOWDOWN ***
fd27d9e5 collected $0.29 from pot
*** SUMMARY ***
Total pot $0.3 | Rake $0.01 | Jackpot $0 | Bingo $0 | Fortune $0
Board [4d 8h Ah Jd]
Seat 1: fd27d9e5 (big blind) won ($0.29)
Seat 3: 68baefc0 folded before Flop (didn't bet)
Seat 5: Hero (button) folded before Flop (didn't bet)
Seat 6: d0a9f233 (small blind) folded on the Turn


Poker Hand #HD1155441319: Hold'em No Limit  ($0.02/$0.05) - 2023/03/11 13:03:16
Table 'NLHBlue71' 6-max Seat #3 is the button
Seat 1: fd27d9e5 ($10.78 in chips)
Seat 3: 68baefc0 ($6.39 in chips)
Seat 5: Hero ($5.63 in chips)
Seat 6: d0a9f233 ($4.74 in chips)
Hero: posts small blind $0.02
d0a9f233: posts big blind $0.05
*** HOLE CARDS ***
Dealt to fd27d9e5 
Dealt to 68baefc0 
Dealt to Hero [4h 5d]
Dealt to d0a9f233 
fd27d9e5: folds
68baefc0: folds
Hero: folds
Uncalled bet ($0.03) returned to d0a9f233
*** SHOWDOWN ***
d0a9f233 collected $0.04 from pot
*** SUMMARY ***
Total pot $0.04 | Rake $0 | Jackpot $0 | Bingo $0 | Fortune $0
Seat 1: fd27d9e5 folded before Flop (didn't bet)
Seat 3: 68baefc0 (button) folded before Flop (didn't bet)
Seat 5: Hero (small blind) folded before Flop
Seat 6: d0a9f233 (big blind) collected ($0.04)


Poker Hand #HD1155441251: Hold'em No Limit  ($0.02/$0.05) - 2023/03/11 13:02:46
Table 'NLHBlue71' 6-max Seat #1 is the button
Seat 1: fd27d9e5 ($10.78 in chips)
Seat 2: 273f76b6 ($5.09 in chips)
Seat 3: 68baefc0 ($6.63 in chips)
Seat 5: Hero ($5.63 in chips)
Seat 6: d0a9f233 ($4.5 in chips)
273f76b6: posts small blind $0.02
68baefc0: posts big blind $0.05
*** HOLE CARDS ***
Dealt to fd27d9e5 
Dealt to 273f76b6 
Dealt to 68baefc0 
Dealt to Hero [Jc 7s]
Dealt to d0a9f233 
Hero: folds
d0a9f233: calls $0.05
fd27d9e5: folds
273f76b6: folds
68baefc0: checks
*** FLOP *** [6s 2d 9d]
68baefc0: checks
d0a9f233: bets $0.05
68baefc0: raises $0.14 to $0.19
d0a9f233: calls $0.14
*** TURN *** [6s 2d 9d] [7h]
68baefc0: checks
d0a9f233: bets $0.25
68baefc0: folds
Uncalled bet ($0.25) returned to d0a9f233
*** SHOWDOWN ***
d0a9f233 collected $0.48 from pot
*** SUMMARY ***
Total pot $0.5 | Rake $0.02 | Jackpot $0 | Bingo $0 | Fortune $0
Board [6s 2d 9d 7h]
Seat 1: fd27d9e5 (button) folded before Flop (didn't bet)
Seat 2: 273f76b6 (small blind) folded before Flop
Seat 3: 68baefc0 (big blind) folded on the Turn
Seat 5: Hero folded before Flop (didn't bet)
Seat 6: d0a9f233 won ($0.48)


Poker Hand #HD1155441229: Hold'em No Limit  ($0.02/$0.05) - 2023/03/11 13:02:38
Table 'NLHBlue71' 6-max Seat #6 is the button
Seat 1: fd27d9e5 ($10.8 in chips)
Seat 2: 273f76b6 ($5.07 in chips)
Seat 3: 68baefc0 ($6.63 in chips)
Seat 5: Hero ($5.63 in chips)
Seat 6: d0a9f233 ($4.5 in chips)
fd27d9e5: posts small blind $0.02
273f76b6: posts big blind $0.05
*** HOLE CARDS ***
Dealt to fd27d9e5 
Dealt to 273f76b6 
Dealt to 68baefc0 
Dealt to Hero [Tc 2s]
Dealt to d0a9f233 
68baefc0: folds
Hero: folds
d0a9f233: folds
fd27d9e5: folds
Uncalled bet ($0.03) returned to 273f76b6
*** SHOWDOWN ***
273f76b6 collected $0.04 from pot
*** SUMMARY ***
Total pot $0.04 | Rake $0 | Jackpot $0 | Bingo $0 | Fortune $0
Seat 1: fd27d9e5 (small blind) folded before Flop
Seat 2: 273f76b6 (big blind) collected ($0.04)
Seat 3: 68baefc0 folded before Flop (didn't bet)
Seat 5: Hero folded before Flop (didn't bet)
Seat 6: d0a9f233 (button) folded before Flop (didn't bet)


Poker Hand #HD1155441140: Hold'em No Limit  ($0.02/$0.05) - 2023/03/11 13:02:00
Table 'NLHBlue71' 6-max Seat #5 is the button
Seat 1: fd27d9e5 ($10.85 in chips)
Seat 2: 273f76b6 ($5.07 in chips)
Seat 3: 68baefc0 ($6.93 in chips)
Seat 5: Hero ($5.29 in chips)
Seat 6: d0a9f233 ($4.52 in chips)
d0a9f233: posts small blind $0.02
fd27d9e5: posts big blind $0.05
*** HOLE CARDS ***
Dealt to fd27d9e5 
Dealt to 273f76b6 
Dealt to 68baefc0 
Dealt to Hero [9d Jd]
Dealt to d0a9f233 
273f76b6: folds
68baefc0: raises $0.06 to $0.11
Hero: raises $0.19 to $0.3
d0a9f233: folds
fd27d9e5: folds
68baefc0: calls $0.19
*** FLOP *** [3s Kd 5d]
68baefc0: checks
Hero: bets $0.36
68baefc0: folds
Uncalled bet ($0.36) returned to Hero
*** SHOWDOWN ***
Hero collected $0.64 from pot
*** SUMMARY ***
Total pot $0.67 | Rake $0.03 | Jackpot $0 | Bingo $0 | Fortune $0
Board [3s Kd 5d]
Seat 1: fd27d9e5 (big blind) folded before Flop
Seat 2: 273f76b6 folded before Flop (didn't bet)
Seat 3: 68baefc0 folded on the Flop
Seat 5: Hero (button) won ($0.64)
Seat 6: d0a9f233 (small blind) folded before Flop


Poker Hand #HD1155441094: Hold'em No Limit  ($0.02/$0.05) - 2023/03/11 13:01:44
Table 'NLHBlue71' 6-max Seat #3 is the button
Seat 1: fd27d9e5 ($10.85 in chips)
Seat 2: 273f76b6 ($5 in chips)
Seat 3: 68baefc0 ($6.93 in chips)
Seat 5: Hero ($5.31 in chips)
Seat 6: d0a9f233 ($4.57 in chips)
Hero: posts small blind $0.02
d0a9f233: posts big blind $0.05
*** HOLE CARDS ***
Dealt to fd27d9e5 
Dealt to 273f76b6 
Dealt to 68baefc0 
Dealt to Hero [4c 9d]
Dealt to d0a9f233 
fd27d9e5: folds
273f76b6: raises $0.1 to $0.15
68baefc0: folds
Hero: folds
d0a9f233: folds
Uncalled bet ($0.1) returned to 273f76b6
*** SHOWDOWN ***
273f76b6 collected $0.12 from pot
*** SUMMARY ***
Total pot $0.12 | Rake $0 | Jackpot $0 | Bingo $0 | Fortune $0
Seat 1: fd27d9e5 folded before Flop (didn't bet)
Seat 2: 273f76b6 collected ($0.12)
Seat 3: 68baefc0 (button) folded before Flop (didn't bet)
Seat 5: Hero (small blind) folded before Flop
Seat 6: d0a9f233 (big blind) folded before Flop


Poker Hand #HD1155441055: Hold'em No Limit  ($0.02/$0.05) - 2023/03/11 13:01:27
Table 'NLHBlue71' 6-max Seat #2 is the button
Seat 1: fd27d9e5 ($10.85 in chips)
Seat 2: 273f76b6 ($5 in chips)
Seat 3: 68baefc0 ($6.95 in chips)
Seat 5: Hero ($5.36 in chips)
Seat 6: d0a9f233 ($4.5 in chips)
68baefc0: posts small blind $0.02
Hero: posts big blind $0.05
*** HOLE CARDS ***
Dealt to fd27d9e5 
Dealt to 273f76b6 
Dealt to 68baefc0 
Dealt to Hero [5d Jh]
Dealt to d0a9f233 
d0a9f233: raises $0.05 to $0.1
fd27d9e5: folds
273f76b6: folds
68baefc0: folds
Hero: folds
Uncalled bet ($0.05) returned to d0a9f233
*** SHOWDOWN ***
d0a9f233 collected $0.12 from pot
*** SUMMARY ***
Total pot $0.12 | Rake $0 | Jackpot $0 | Bingo $0 | Fortune $0
Seat 1: fd27d9e5 folded before Flop (didn't bet)
Seat 2: 273f76b6 (button) folded before Flop (didn't bet)
Seat 3: 68baefc0 (small blind) folded before Flop
Seat 5: Hero (big blind) folded before Flop
Seat 6: d0a9f233 collected ($0.12)


Poker Hand #HD1155440913: Hold'em No Limit  ($0.02/$0.05) - 2023/03/11 13:00:32
Table 'NLHBlue71' 6-max Seat #1 is the button
Seat 1: fd27d9e5 ($10.85 in chips)
Seat 2: 273f76b6 ($5.02 in chips)
Seat 3: 68baefc0 ($7.15 in chips)
Seat 5: Hero ($5.57 in chips)
Seat 6: d0a9f233 ($4.62 in chips)
273f76b6: posts small blind $0.02
68baefc0: posts big blind $0.05
*** HOLE CARDS ***
Dealt to fd27d9e5 
Dealt to 273f76b6 
Dealt to 68baefc0 
Dealt to Hero [Ac Kc]
Dealt to d0a9f233 
Hero: raises $0.07 to $0.12
d0a9f233: calls $0.12
fd27d9e5: folds
273f76b6: folds
68baefc0: raises $0.5 to $0.62
Hero: raises $4.95 to $5.57 and is all-in
d0a9f233: folds
68baefc0: calls $4.95
Hero: shows [Ac Kc]
68baefc0: shows [Ts Th]
*** FIRST FLOP *** [Ah 4d Kh]
*** FIRST TURN *** [Ah 4d Kh] [6s]
*** FIRST RIVER *** [Ah 4d Kh 6s] [4h]
*** SECOND FLOP *** [Jh 8c 9h]
*** SECOND TURN *** [Jh 8c 9h] [3s]
*** SECOND RIVER *** [Jh 8c 9h 3s] [Qh]
*** FIRST SHOWDOWN ***
Hero collected $5.36 from pot
*** SECOND SHOWDOWN ***
68baefc0 collected $5.37 from pot
*** SUMMARY ***
Total pot $11.28 | Rake $0.5 | Jackpot $0.05 | Bingo $0 | Fortune $0
Hand was run two times
FIRST Board [Ah 4d Kh 6s 4h]
SECOND Board [Jh 8c 9h 3s Qh]
Seat 1: fd27d9e5 (button) folded before Flop (didn't bet)
Seat 2: 273f76b6 (small blind) folded before Flop
Seat 3: 68baefc0 (big blind) showed [Ts Th] and lost with Pair of Tens and Pair of Fours, and won ($5.37) with Queens-High Straight
Seat 5: Hero showed [Ac Kc] and won ($5.36) with Pair of Aces and Pair of Kings, and lost with Ace-High
Seat 6: d0a9f233 folded before Flop


Poker Hand #HD1155440863: Hold'em No Limit  ($0.02/$0.05) - 2023/03/11 13:00:11
Table 'NLHBlue71' 6-max Seat #6 is the button
Seat 1: fd27d9e5 ($10.87 in chips)
Seat 2: 273f76b6 ($5 in chips)
Seat 3: 68baefc0 ($7.15 in chips)
Seat 4: f610ebff ($5.76 in chips)
Seat 5: Hero ($5.57 in chips)
Seat 6: d0a9f233 ($4.62 in chips)
fd27d9e5: posts small blind $0.02
273f76b6: posts big blind $0.05
*** HOLE CARDS ***
Dealt to fd27d9e5 
Dealt to 273f76b6 
Dealt to 68baefc0 
Dealt to f610ebff 
Dealt to Hero [Jc 6d]
Dealt to d0a9f233 
68baefc0: folds
f610ebff: folds
Hero: folds
d0a9f233: folds
fd27d9e5: folds
Uncalled bet ($0.03) returned to 273f76b6
*** SHOWDOWN ***
273f76b6 collected $0.04 from pot
*** SUMMARY ***
Total pot $0.04 | Rake $0 | Jackpot $0 | Bingo $0 | Fortune $0
Seat 1: fd27d9e5 (small blind) folded before Flop
Seat 2: 273f76b6 (big blind) collected ($0.04)
Seat 3: 68baefc0 folded before Flop (didn't bet)
Seat 4: f610ebff folded before Flop (didn't bet)
Seat 5: Hero folded before Flop (didn't bet)
Seat 6: d0a9f233 (button) folded before Flop (didn't bet)


Poker Hand #HD1155440766: Hold'em No Limit  ($0.02/$0.05) - 2023/03/11 12:59:36
Table 'NLHBlue71' 6-max Seat #5 is the button
Seat 1: fd27d9e5 ($10.92 in chips)
Seat 2: 273f76b6 ($5 in chips)
Seat 3: 68baefc0 ($7.15 in chips)
Seat 4: f610ebff ($5.35 in chips)
Seat 5: Hero ($5.57 in chips)
Seat 6: d0a9f233 ($5.02 in chips)
d0a9f233: posts small blind $0.02
fd27d9e5: posts big blind $0.05
*** HOLE CARDS ***
Dealt to fd27d9e5 
Dealt to 273f76b6 
Dealt to 68baefc0 
Dealt to f610ebff 
Dealt to Hero [4d 5s]
Dealt to d0a9f233 
273f76b6: folds
68baefc0: folds
f610ebff: raises $0.05 to $0.1
Hero: folds
d0a9f233: calls $0.08
fd27d9e5: folds
*** FLOP *** [Tc Qc Jh]
d0a9f233: checks
f610ebff: bets $0.13
d0a9f233: calls $0.13
*** TURN *** [Tc Qc Jh] [7h]
d0a9f233: checks
f610ebff: bets $0.17
d0a9f233: calls $0.17
*** RIVER *** [Tc Qc Jh 7h] [2c]
d0a9f233: checks
f610ebff: checks
d0a9f233: shows [8h 8s] (Pair of Eights)
f610ebff: shows [Kh Qs] (Pair of Queens)
*** SHOWDOWN ***
f610ebff collected $0.81 from pot
*** SUMMARY ***
Total pot $0.85 | Rake $0.04 | Jackpot $0 | Bingo $0 | Fortune $0
Board [Tc Qc Jh 7h 2c]
Seat 1: fd27d9e5 (big blind) folded before Flop
Seat 2: 273f76b6 folded before Flop (didn't bet)
Seat 3: 68baefc0 folded before Flop (didn't bet)
Seat 4: f610ebff showed [Kh Qs] and won ($0.81) with Pair of Queens
Seat 5: Hero (button) folded before Flop (didn't bet)
Seat 6: d0a9f233 (small blind) showed [8h 8s] and lost with Pair of Eights


Poker Hand #HD1155440734: Hold'em No Limit  ($0.02/$0.05) - 2023/03/11 12:59:23
Table 'NLHBlue71' 6-max Seat #4 is the button
Seat 2: 273f76b6 ($5 in chips)
Seat 3: 68baefc0 ($7.15 in chips)
Seat 4: f610ebff ($5.35 in chips)
Seat 5: Hero ($5.52 in chips)
Seat 6: d0a9f233 ($5.07 in chips)
Hero: posts small blind $0.02
d0a9f233: posts big blind $0.05
*** HOLE CARDS ***
Dealt to 273f76b6 
Dealt to 68baefc0 
Dealt to f610ebff 
Dealt to Hero [Ks Tc]
Dealt to d0a9f233 
273f76b6: folds
68baefc0: folds
f610ebff: folds
Hero: raises $0.09 to $0.14
d0a9f233: folds
Uncalled bet ($0.09) returned to Hero
*** SHOWDOWN ***
Hero collected $0.1 from pot
*** SUMMARY ***
Total pot $0.1 | Rake $0 | Jackpot $0 | Bingo $0 | Fortune $0
Seat 2: 273f76b6 folded before Flop (didn't bet)
Seat 3: 68baefc0 folded before Flop (didn't bet)
Seat 4: f610ebff (button) folded before Flop (didn't bet)
Seat 5: Hero (small blind) collected ($0.1)
Seat 6: d0a9f233 (big blind) folded before Flop


Poker Hand #HD1155440640: Hold'em No Limit  ($0.02/$0.05) - 2023/03/11 12:58:48
Table 'NLHBlue71' 6-max Seat #3 is the button
Seat 2: 273f76b6 ($5 in chips)
Seat 3: 68baefc0 ($7.25 in chips)
Seat 4: f610ebff ($5.37 in chips)
Seat 5: Hero ($5.62 in chips)
Seat 6: d0a9f233 ($4.86 in chips)
f610ebff: posts small blind $0.02
Hero: posts big blind $0.05
*** HOLE CARDS ***
Dealt to 273f76b6 
Dealt to 68baefc0 
Dealt to f610ebff 
Dealt to Hero [4h Ah]
Dealt to d0a9f233 
d0a9f233: calls $0.05
273f76b6: folds
68baefc0: raises $0.05 to $0.1
f610ebff: folds
Hero: calls $0.05
d0a9f233: calls $0.05
*** FLOP *** [8h 8d 2d]
Hero: checks
d0a9f233: bets $0.2
68baefc0: folds
Hero: folds
Uncalled bet ($0.2) returned to d0a9f233
*** SHOWDOWN ***
d0a9f233 collected $0.31 from pot
*** SUMMARY ***
Total pot $0.32 | Rake $0.01 | Jackpot $0 | Bingo $0 | Fortune $0
Board [8h 8d 2d]
Seat 2: 273f76b6 folded before Flop (didn't bet)
Seat 3: 68baefc0 (button) folded on the Flop
Seat 4: f610ebff (small blind) folded before Flop
Seat 5: Hero (big blind) folded on the Flop
Seat 6: d0a9f233 won ($0.31)


Poker Hand #HD1155440528: Hold'em No Limit  ($0.02/$0.05) - 2023/03/11 12:58:00
Table 'NLHBlue71' 6-max Seat #2 is the button
Seat 2: 273f76b6 ($5.1 in chips)
Seat 3: 68baefc0 ($7.27 in chips)
Seat 4: f610ebff ($5.62 in chips)
Seat 5: Hero ($5.13 in chips)
Seat 6: d0a9f233 ($4.86 in chips)
68baefc0: posts small blind $0.02
f610ebff: posts big blind $0.05
*** HOLE CARDS ***
Dealt to 273f76b6 
Dealt to 68baefc0 
Dealt to f610ebff 
Dealt to Hero [Js Jd]
Dealt to d0a9f233 
Hero: raises $0.07 to $0.12
d0a9f233: folds
273f76b6: calls $0.12
68baefc0: folds
f610ebff: calls $0.07
*** FLOP *** [9h 5c 8d]
f610ebff: checks
Hero: bets $0.13
273f76b6: calls $0.13
f610ebff: calls $0.13
*** TURN *** [9h 5c 8d] [Ks]
f610ebff: checks
Hero: bets $0.4
273f76b6: folds
f610ebff: folds
Uncalled bet ($0.4) returned to Hero
*** SHOWDOWN ***
Hero collected $0.74 from pot
*** SUMMARY ***
Total pot $0.77 | Rake $0.03 | Jackpot $0 | Bingo $0 | Fortune $0
Board [9h 5c 8d Ks]
Seat 2: 273f76b6 (button) folded on the Turn
Seat 3: 68baefc0 (small blind) folded before Flop
Seat 4: f610ebff (big blind) folded on the Turn
Seat 5: Hero won ($0.74)
Seat 6: d0a9f233 folded before Flop (didn't bet)


Poker Hand #HD1155440488: Hold'em No Limit  ($0.02/$0.05) - 2023/03/11 12:57:43
Table 'NLHBlue71' 6-max Seat #6 is the button
Seat 2: 273f76b6 ($5.12 in chips)
Seat 3: 68baefc0 ($7.32 in chips)
Seat 4: f610ebff ($5.62 in chips)
Seat 5: Hero ($5.13 in chips)
Seat 6: d0a9f233 ($4.79 in chips)
273f76b6: posts small blind $0.02
68baefc0: posts big blind $0.05
*** HOLE CARDS ***
Dealt to 273f76b6 
Dealt to 68baefc0 
Dealt to f610ebff 
Dealt to Hero [9h 7d]
Dealt to d0a9f233 
f610ebff: folds
Hero: folds
d0a9f233: calls $0.05
273f76b6: folds
68baefc0: checks
*** FLOP *** [Jh 8d Jc]
68baefc0: checks
d0a9f233: bets $0.35
68baefc0: folds
Uncalled bet ($0.35) returned to d0a9f233
*** SHOWDOWN ***
d0a9f233 collected $0.12 from pot
*** SUMMARY ***
Total pot $0.12 | Rake $0 | Jackpot $0 | Bingo $0 | Fortune $0
Board [Jh 8d Jc]
Seat 2: 273f76b6 (small blind) folded before Flop
Seat 3: 68baefc0 (big blind) folded on the Flop
Seat 4: f610ebff folded before Flop (didn't bet)
Seat 5: Hero folded before Flop (didn't bet)
Seat 6: d0a9f233 (button) won ($0.12)


Poker Hand #HD1155440371: Hold'em No Limit  ($0.02/$0.05) - 2023/03/11 12:56:57
Table 'NLHBlue71' 6-max Seat #5 is the button
Seat 1: fd27d9e5 ($10.79 in chips)
Seat 2: 273f76b6 ($5.12 in chips)
Seat 3: 68baefc0 ($7.32 in chips)
Seat 4: f610ebff ($5.62 in chips)
Seat 5: Hero ($5.25 in chips)
Seat 6: d0a9f233 ($4.81 in chips)
d0a9f233: posts small blind $0.02
fd27d9e5: posts big blind $0.05
*** HOLE CARDS ***
Dealt to fd27d9e5 
Dealt to 273f76b6 
Dealt to 68baefc0 
Dealt to f610ebff 
Dealt to Hero [Qh 9h]
Dealt to d0a9f233 
273f76b6: folds
68baefc0: folds
f610ebff: folds
Hero: raises $0.07 to $0.12
d0a9f233: folds
fd27d9e5: calls $0.07
*** FLOP *** [Js 7c 3s]
fd27d9e5: checks
Hero: checks
*** TURN *** [Js 7c 3s] [Kh]
fd27d9e5: checks
Hero: checks
*** RIVER *** [Js 7c 3s Kh] [3c]
fd27d9e5: checks
Hero: checks
fd27d9e5: shows [6s 7s] (Pair of Sevens and Pair of Treys)
Hero: shows [Qh 9h] (Pair of Treys)
*** SHOWDOWN ***
fd27d9e5 collected $0.25 from pot
*** SUMMARY ***
Total pot $0.26 | Rake $0.01 | Jackpot $0 | Bingo $0 | Fortune $0
Board [Js 7c 3s Kh 3c]
Seat 1: fd27d9e5 (big blind) showed [6s 7s] and won ($0.25) with Pair of Sevens and Pair of Treys
Seat 2: 273f76b6 folded before Flop (didn't bet)
Seat 3: 68baefc0 folded before Flop (didn't bet)
Seat 4: f610ebff folded before Flop (didn't bet)
Seat 5: Hero (button) showed [Qh 9h] and lost with Pair of Treys
Seat 6: d0a9f233 (small blind) folded before Flop


Poker Hand #HD1155440276: Hold'em No Limit  ($0.02/$0.05) - 2023/03/11 12:56:19
Table 'NLHBlue71' 6-max Seat #4 is the button
Seat 1: fd27d9e5 ($11.01 in chips)
Seat 2: 273f76b6 ($5.12 in chips)
Seat 3: 68baefc0 ($7.32 in chips)
Seat 4: f610ebff ($5.62 in chips)
Seat 5: Hero ($5.27 in chips)
Seat 6: d0a9f233 ($4.59 in chips)
Hero: posts small blind $0.02
d0a9f233: posts big blind $0.05
*** HOLE CARDS ***
Dealt to fd27d9e5 
Dealt to 273f76b6 
Dealt to 68baefc0 
Dealt to f610ebff 
Dealt to Hero [7h Ks]
Dealt to d0a9f233 
fd27d9e5: raises $0.08 to $0.13
273f76b6: folds
68baefc0: folds
f610ebff: folds
Hero: folds
d0a9f233: calls $0.08
*** FLOP *** [4c 4d Ad]
d0a9f233: checks
fd27d9e5: bets $0.09
d0a9f233: calls $0.09
*** TURN *** [4c 4d Ad] [Qd]
d0a9f233: bets $0.25
fd27d9e5: folds
Uncalled bet ($0.25) returned to d0a9f233
*** SHOWDOWN ***
d0a9f233 collected $0.44 from pot
*** SUMMARY ***
Total pot $0.46 | Rake $0.02 | Jackpot $0 | Bingo $0 | Fortune $0
Board [4c 4d Ad Qd]
Seat 1: fd27d9e5 folded on the Turn
Seat 2: 273f76b6 folded before Flop (didn't bet)
Seat 3: 68baefc0 folded before Flop (didn't bet)
Seat 4: f610ebff (button) folded before Flop (didn't bet)
Seat 5: Hero (small blind) folded before Flop
Seat 6: d0a9f233 (big blind) won ($0.44)


Poker Hand #HD1155440197: Hold'em No Limit  ($0.02/$0.05) - 2023/03/11 12:55:47
Table 'NLHBlue71' 6-max Seat #3 is the button
Seat 1: fd27d9e5 ($11.01 in chips)
Seat 2: 273f76b6 ($5.12 in chips)
Seat 3: 68baefc0 ($7.59 in chips)
Seat 4: f610ebff ($5.64 in chips)
Seat 5: Hero ($5 in chips)
Seat 6: d0a9f233 ($4.59 in chips)
f610ebff: posts small blind $0.02
Hero: posts big blind $0.05
*** HOLE CARDS ***
Dealt to fd27d9e5 
Dealt to 273f76b6 
Dealt to 68baefc0 
Dealt to f610ebff 
Dealt to Hero [As 5c]
Dealt to d0a9f233 
d0a9f233: folds
fd27d9e5: folds
273f76b6: folds
68baefc0: raises $0.08 to $0.13
f610ebff: folds
Hero: calls $0.08
*** FLOP *** [Ac 5h 2h]
Hero: bets $0.14
68baefc0: calls $0.14
*** TURN *** [Ac 5h 2h] [9c]
Hero: bets $0.84
68baefc0: folds
Uncalled bet ($0.84) returned to Hero
*** SHOWDOWN ***
Hero collected $0.54 from pot
*** SUMMARY ***
Total pot $0.56 | Rake $0.02 | Jackpot $0 | Bingo $0 | Fortune $0
Board [Ac 5h 2h 9c]
Seat 1: fd27d9e5 folded before Flop (didn't bet)
Seat 2: 273f76b6 folded before Flop (didn't bet)
Seat 3: 68baefc0 (button) folded on the Turn
Seat 4: f610ebff (small blind) folded before Flop
Seat 5: Hero (big blind) won ($0.54)
Seat 6: d0a9f233 folded before Flop (didn't bet)


Poker Hand #HD1155439987: Hold'em No Limit  ($0.02/$0.05) - 2023/03/11 12:54:14
Table 'NLHBlue71' 6-max Seat #2 is the button
Seat 1: fd27d9e5 ($11.01 in chips)
Seat 2: 273f76b6 ($5.12 in chips)
Seat 3: 68baefc0 ($5 in chips)
Seat 4: f610ebff ($5.69 in chips)
Seat 5: Hero ($5.96 in chips)
Seat 6: d0a9f233 ($4.59 in chips)
68baefc0: posts small blind $0.02
f610ebff: posts big blind $0.05
*** HOLE CARDS ***
Dealt to fd27d9e5 
Dealt to 273f76b6 
Dealt to 68baefc0 
Dealt to f610ebff 
Dealt to Hero [9d Ad]
Dealt to d0a9f233 
Hero: raises $0.07 to $0.12
d0a9f233: folds
fd27d9e5: folds
273f76b6: folds
68baefc0: raises $0.27 to $0.39
f610ebff: folds
Hero: calls $0.27
*** FLOP *** [9c 4d 6s]
68baefc0: bets $0.5
Hero: raises $0.78 to $1.28
68baefc0: calls $0.78
*** TURN *** [9c 4d 6s] [Jc]
68baefc0: checks
Hero: bets $1.2
68baefc0: calls $1.2
*** RIVER *** [9c 4d 6s Jc] [5s]
68baefc0: checks
Hero: checks
68baefc0: shows [Qh Qs] (Pair of Queens)
Hero: shows [9d Ad] (Pair of Nines)
*** SHOWDOWN ***
68baefc0 collected $5.46 from pot
*** SUMMARY ***
Total pot $5.79 | Rake $0.28 | Jackpot $0.05 | Bingo $0 | Fortune $0
Board [9c 4d 6s Jc 5s]
Seat 1: fd27d9e5 folded before Flop (didn't bet)
Seat 2: 273f76b6 (button) folded before Flop (didn't bet)
Seat 3: 68baefc0 (small blind) showed [Qh Qs] and won ($5.46) with Pair of Queens
Seat 4: f610ebff (big blind) folded before Flop
Seat 5: Hero showed [9d Ad] and lost with Pair of Nines
Seat 6: d0a9f233 folded before Flop (didn't bet)


Poker Hand #HD1155439874: Hold'em No Limit  ($0.02/$0.05) - 2023/03/11 12:53:27
Table 'NLHBlue71' 6-max Seat #1 is the button
Seat 1: fd27d9e5 ($11.01 in chips)
Seat 2: 273f76b6 ($5.14 in chips)
Seat 3: 68baefc0 ($5 in chips)
Seat 4: f610ebff ($5.79 in chips)
Seat 5: Hero ($5.96 in chips)
Seat 6: d0a9f233 ($4.38 in chips)
273f76b6: posts small blind $0.02
68baefc0: posts big blind $0.05
*** HOLE CARDS ***
Dealt to fd27d9e5 
Dealt to 273f76b6 
Dealt to 68baefc0 
Dealt to f610ebff 
Dealt to Hero [5c 8h]
Dealt to d0a9f233 
f610ebff: raises $0.05 to $0.1
Hero: folds
d0a9f233: calls $0.1
fd27d9e5: folds
273f76b6: folds
68baefc0: calls $0.05
*** FLOP *** [7d Ad 4c]
68baefc0: checks
f610ebff: checks
d0a9f233: bets $0.2
68baefc0: folds
f610ebff: folds
Uncalled bet ($0.2) returned to d0a9f233
*** SHOWDOWN ***
d0a9f233 collected $0.31 from pot
*** SUMMARY ***
Total pot $0.32 | Rake $0.01 | Jackpot $0 | Bingo $0 | Fortune $0
Board [7d Ad 4c]
Seat 1: fd27d9e5 (button) folded before Flop (didn't bet)
Seat 2: 273f76b6 (small blind) folded before Flop
Seat 3: 68baefc0 (big blind) folded on the Flop
Seat 4: f610ebff folded on the Flop
Seat 5: Hero folded before Flop (didn't bet)
Seat 6: d0a9f233 won ($0.31)


Poker Hand #HD1155439839: Hold'em No Limit  ($0.02/$0.05) - 2023/03/11 12:53:12
Table 'NLHBlue71' 6-max Seat #6 is the button
Seat 1: fd27d9e5 ($10.96 in chips)
Seat 2: 273f76b6 ($5.19 in chips)
Seat 3: 68baefc0 ($5 in chips)
Seat 4: f610ebff ($5.79 in chips)
Seat 5: Hero ($5.96 in chips)
Seat 6: d0a9f233 ($4.38 in chips)
fd27d9e5: posts small blind $0.02
273f76b6: posts big blind $0.05
*** HOLE CARDS ***
Dealt to fd27d9e5 
Dealt to 273f76b6 
Dealt to 68baefc0 
Dealt to f610ebff 
Dealt to Hero [7s 5h]
Dealt to d0a9f233 
68baefc0: folds
f610ebff: folds
Hero: folds
d0a9f233: folds
fd27d9e5: raises $0.1 to $0.15
273f76b6: folds
Uncalled bet ($0.1) returned to fd27d9e5
*** SHOWDOWN ***
fd27d9e5 collected $0.1 from pot
*** SUMMARY ***
Total pot $0.1 | Rake $0 | Jackpot $0 | Bingo $0 | Fortune $0
Seat 1: fd27d9e5 (small blind) collected ($0.1)
Seat 2: 273f76b6 (big blind) folded before Flop
Seat 3: 68baefc0 folded before Flop (didn't bet)
Seat 4: f610ebff folded before Flop (didn't bet)
Seat 5: Hero folded before Flop (didn't bet)
Seat 6: d0a9f233 (button) folded before Flop (didn't bet)


Poker Hand #HD1155439736: Hold'em No Limit  ($0.02/$0.05) - 2023/03/11 12:52:32
Table 'NLHBlue71' 6-max Seat #5 is the button
Seat 1: fd27d9e5 ($11.01 in chips)
Seat 2: 273f76b6 ($5.19 in chips)
Seat 3: 68baefc0 ($5 in chips)
Seat 4: f610ebff ($5.79 in chips)
Seat 5: Hero ($6.18 in chips)
Seat 6: d0a9f233 ($4.13 in chips)
d0a9f233: posts small blind $0.02
fd27d9e5: posts big blind $0.05
*** HOLE CARDS ***
Dealt to fd27d9e5 
Dealt to 273f76b6 
Dealt to 68baefc0 
Dealt to f610ebff 
Dealt to Hero [Qs Kh]
Dealt to d0a9f233 
273f76b6: folds
68baefc0: folds
f610ebff: folds
Hero: raises $0.07 to $0.12
d0a9f233: calls $0.1
fd27d9e5: folds
*** FLOP *** [6c 8s 9s]
d0a9f233: checks
Hero: checks
*** TURN *** [6c 8s 9s] [4h]
d0a9f233: bets $0.1
Hero: calls $0.1
*** RIVER *** [6c 8s 9s 4h] [9c]
d0a9f233: checks
Hero: checks
d0a9f233: shows [5d 8d] (Pair of Nines and Pair of Eights)
Hero: shows [Qs Kh] (Pair of Nines)
*** SHOWDOWN ***
d0a9f233 collected $0.47 from pot
*** SUMMARY ***
Total pot $0.49 | Rake $0.02 | Jackpot $0 | Bingo $0 | Fortune $0
Board [6c 8s 9s 4h 9c]
Seat 1: fd27d9e5 (big blind) folded before Flop
Seat 2: 273f76b6 folded before Flop (didn't bet)
Seat 3: 68baefc0 folded before Flop (didn't bet)
Seat 4: f610ebff folded before Flop (didn't bet)
Seat 5: Hero (button) showed [Qs Kh] and lost with Pair of Nines
Seat 6: d0a9f233 (small blind) showed [5d 8d] and won ($0.47) with Pair of Nines and Pair of Eights


Poker Hand #HD1155439674: Hold'em No Limit  ($0.02/$0.05) - 2023/03/11 12:52:08
Table 'NLHBlue71' 6-max Seat #4 is the button
Seat 1: fd27d9e5 ($11.01 in chips)
Seat 2: 273f76b6 ($5.19 in chips)
Seat 3: 68baefc0 ($5 in chips)
Seat 4: f610ebff ($5.68 in chips)
Seat 5: Hero ($6.2 in chips)
Seat 6: d0a9f233 ($4.23 in chips)
Hero: posts small blind $0.02
d0a9f233: posts big blind $0.05
*** HOLE CARDS ***
Dealt to fd27d9e5 
Dealt to 273f76b6 
Dealt to 68baefc0 
Dealt to f610ebff 
Dealt to Hero [3h Kd]
Dealt to d0a9f233 
fd27d9e5: folds
273f76b6: folds
68baefc0: folds
f610ebff: raises $0.05 to $0.1
Hero: folds
d0a9f233: calls $0.05
*** FLOP *** [3c Th 3s]
d0a9f233: checks
f610ebff: bets $0.11
d0a9f233: folds
Uncalled bet ($0.11) returned to f610ebff
*** SHOWDOWN ***
f610ebff collected $0.21 from pot
*** SUMMARY ***
Total pot $0.22 | Rake $0.01 | Jackpot $0 | Bingo $0 | Fortune $0
Board [3c Th 3s]
Seat 1: fd27d9e5 folded before Flop (didn't bet)
Seat 2: 273f76b6 folded before Flop (didn't bet)
Seat 3: 68baefc0 folded before Flop (didn't bet)
Seat 4: f610ebff (button) won ($0.21)
Seat 5: Hero (small blind) folded before Flop
Seat 6: d0a9f233 (big blind) folded on the Flop


Poker Hand #HD1155439621: Hold'em No Limit  ($0.02/$0.05) - 2023/03/11 12:51:38
Table 'NLHBlue71' 6-max Seat #3 is the button
Seat 1: fd27d9e5 ($11.14 in chips)
Seat 2: 273f76b6 ($5 in chips)
Seat 3: 68baefc0 ($5 in chips)
Seat 4: f610ebff ($5.7 in chips)
Seat 5: Hero ($6.25 in chips)
Seat 6: d0a9f233 ($4.23 in chips)
f610ebff: posts small blind $0.02
Hero: posts big blind $0.05
*** HOLE CARDS ***
Dealt to fd27d9e5 
Dealt to 273f76b6 
Dealt to 68baefc0 
Dealt to f610ebff 
Dealt to Hero [8d 6h]
Dealt to d0a9f233 
d0a9f233: folds
fd27d9e5: raises $0.08 to $0.13
273f76b6: raises $0.33 to $0.46
68baefc0: folds
f610ebff: folds
Hero: folds
fd27d9e5: folds
Uncalled bet ($0.33) returned to 273f76b6
*** SHOWDOWN ***
273f76b6 collected $0.32 from pot
*** SUMMARY ***
Total pot $0.33 | Rake $0.01 | Jackpot $0 | Bingo $0 | Fortune $0
Seat 1: fd27d9e5 folded before Flop
Seat 2: 273f76b6 collected ($0.32)
Seat 3: 68baefc0 (button) folded before Flop (didn't bet)
Seat 4: f610ebff (small blind) folded before Flop
Seat 5: Hero (big blind) folded before Flop
Seat 6: d0a9f233 folded before Flop (didn't bet)


Poker Hand #HD1155439523: Hold'em No Limit  ($0.02/$0.05) - 2023/03/11 12:50:58
Table 'NLHBlue71' 6-max Seat #2 is the button
Seat 2: 273f76b6 ($5 in chips)
Seat 3: 68baefc0 ($5.21 in chips)
Seat 4: f610ebff ($5.44 in chips)
Seat 5: Hero ($6.25 in chips)
Seat 6: d0a9f233 ($4.23 in chips)
68baefc0: posts small blind $0.02
f610ebff: posts big blind $0.05
*** HOLE CARDS ***
Dealt to 273f76b6 
Dealt to 68baefc0 
Dealt to f610ebff 
Dealt to Hero [9c Jh]
Dealt to d0a9f233 
Hero: folds
d0a9f233: folds
273f76b6: folds
68baefc0: raises $0.06 to $0.11
f610ebff: raises $0.17 to $0.28
68baefc0: calls $0.17
*** FLOP *** [3d 6h Ac]
68baefc0: checks
f610ebff: bets $0.28
68baefc0: folds
Uncalled bet ($0.28) returned to f610ebff
*** SHOWDOWN ***
f610ebff collected $0.54 from pot
*** SUMMARY ***
Total pot $0.56 | Rake $0.02 | Jackpot $0 | Bingo $0 | Fortune $0
Board [3d 6h Ac]
Seat 2: 273f76b6 (button) folded before Flop (didn't bet)
Seat 3: 68baefc0 (small blind) folded on the Flop
Seat 4: f610ebff (big blind) won ($0.54)
Seat 5: Hero folded before Flop (didn't bet)
Seat 6: d0a9f233 folded before Flop (didn't bet)


Poker Hand #HD1155439375: Hold'em No Limit  ($0.02/$0.05) - 2023/03/11 12:50:02
Table 'NLHBlue71' 6-max Seat #1 is the button
Seat 1: fd27d9e5 ($11.14 in chips)
Seat 2: 273f76b6 ($5 in chips)
Seat 3: 68baefc0 ($5.26 in chips)
Seat 4: f610ebff ($5.64 in chips)
Seat 5: Hero ($6.25 in chips)
Seat 6: d0a9f233 ($3.98 in chips)
273f76b6: posts small blind $0.02
68baefc0: posts big blind $0.05
*** HOLE CARDS ***
Dealt to fd27d9e5 
Dealt to 273f76b6 
Dealt to 68baefc0 
Dealt to f610ebff 
Dealt to Hero [2d Ad]
Dealt to d0a9f233 
f610ebff: raises $0.05 to $0.1
Hero: folds
d0a9f233: calls $0.1
fd27d9e5: folds
273f76b6: folds
68baefc0: folds
*** FLOP *** [4d 4c 3h]
f610ebff: checks
d0a9f233: bets $0.05
f610ebff: calls $0.05
*** TURN *** [4d 4c 3h] [8d]
f610ebff: checks
d0a9f233: bets $0.05
f610ebff: calls $0.05
*** RIVER *** [4d 4c 3h 8d] [7h]
f610ebff: checks
d0a9f233: bets $0.35
f610ebff: folds
Uncalled bet ($0.35) returned to d0a9f233
*** SHOWDOWN ***
d0a9f233 collected $0.45 from pot
*** SUMMARY ***
Total pot $0.47 | Rake $0.02 | Jackpot $0 | Bingo $0 | Fortune $0
Board [4d 4c 3h 8d 7h]
Seat 1: fd27d9e5 (button) folded before Flop (didn't bet)
Seat 2: 273f76b6 (small blind) folded before Flop
Seat 3: 68baefc0 (big blind) folded before Flop
Seat 4: f610ebff folded on the River
Seat 5: Hero folded before Flop (didn't bet)
Seat 6: d0a9f233 won ($0.45)


Poker Hand #HD1155439339: Hold'em No Limit  ($0.02/$0.05) - 2023/03/11 12:49:46
Table 'NLHBlue71' 6-max Seat #6 is the button
Seat 1: fd27d9e5 ($11.09 in chips)
Seat 2: 273f76b6 ($5 in chips)
Seat 3: 68baefc0 ($5.26 in chips)
Seat 4: f610ebff ($5.64 in chips)
Seat 5: Hero ($6.25 in chips)
Seat 6: d0a9f233 ($3.98 in chips)
fd27d9e5: posts small blind $0.02
273f76b6: posts big blind $0.05
*** HOLE CARDS ***
Dealt to fd27d9e5 
Dealt to 273f76b6 
Dealt to 68baefc0 
Dealt to f610ebff 
Dealt to Hero [Kc 8h]
Dealt to d0a9f233 
68baefc0: folds
f610ebff: folds
Hero: folds
d0a9f233: folds
fd27d9e5: raises $0.1 to $0.15
273f76b6: folds
Uncalled bet ($0.1) returned to fd27d9e5
*** SHOWDOWN ***
fd27d9e5 collected $0.1 from pot
*** SUMMARY ***
Total pot $0.1 | Rake $0 | Jackpot $0 | Bingo $0 | Fortune $0
Seat 1: fd27d9e5 (small blind) collected ($0.1)
Seat 2: 273f76b6 (big blind) folded before Flop
Seat 3: 68baefc0 folded before Flop (didn't bet)
Seat 4: f610ebff folded before Flop (didn't bet)
Seat 5: Hero folded before Flop (didn't bet)
Seat 6: d0a9f233 (button) folded before Flop (didn't bet)


Poker Hand #HD1155439239: Hold'em No Limit  ($0.02/$0.05) - 2023/03/11 12:49:09
Table 'NLHBlue71' 6-max Seat #5 is the button
Seat 1: fd27d9e5 ($11.14 in chips)
Seat 2: 273f76b6 ($5 in chips)
Seat 3: 68baefc0 ($5.37 in chips)
Seat 4: f610ebff ($5.64 in chips)
Seat 5: Hero ($6.25 in chips)
Seat 6: d0a9f233 ($3.83 in chips)
d0a9f233: posts small blind $0.02
fd27d9e5: posts big blind $0.05
*** HOLE CARDS ***
Dealt to fd27d9e5 
Dealt to 273f76b6 
Dealt to 68baefc0 
Dealt to f610ebff 
Dealt to Hero [7h 9c]
Dealt to d0a9f233 
273f76b6: folds
68baefc0: raises $0.06 to $0.11
f610ebff: folds
Hero: folds
d0a9f233: calls $0.09
fd27d9e5: folds
*** FLOP *** [2s 6s Qh]
d0a9f233: bets $0.15
68baefc0: folds
Uncalled bet ($0.15) returned to d0a9f233
*** SHOWDOWN ***
d0a9f233 collected $0.26 from pot
*** SUMMARY ***
Total pot $0.27 | Rake $0.01 | Jackpot $0 | Bingo $0 | Fortune $0
Board [2s 6s Qh]
Seat 1: fd27d9e5 (big blind) folded before Flop
Seat 2: 273f76b6 folded before Flop (didn't bet)
Seat 3: 68baefc0 folded on the Flop
Seat 4: f610ebff folded before Flop (didn't bet)
Seat 5: Hero (button) folded before Flop (didn't bet)
Seat 6: d0a9f233 (small blind) won ($0.26)


Poker Hand #HD1155439145: Hold'em No Limit  ($0.02/$0.05) - 2023/03/11 12:48:26
Table 'NLHBlue71' 6-max Seat #4 is the button
Seat 1: fd27d9e5 ($11.14 in chips)
Seat 2: 273f76b6 ($5 in chips)
Seat 3: 68baefc0 ($5.37 in chips)
Seat 4: f610ebff ($5.35 in chips)
Seat 5: Hero ($6.27 in chips)
Seat 6: d0a9f233 ($4.13 in chips)
Hero: posts small blind $0.02
d0a9f233: posts big blind $0.05
*** HOLE CARDS ***
Dealt to fd27d9e5 
Dealt to 273f76b6 
Dealt to 68baefc0 
Dealt to f610ebff 
Dealt to Hero [5d 4s]
Dealt to d0a9f233 
fd27d9e5: folds
273f76b6: folds
68baefc0: folds
f610ebff: raises $0.05 to $0.1
Hero: folds
d0a9f233: calls $0.05
*** FLOP *** [7c 4d 4c]
d0a9f233: bets $0.1
f610ebff: calls $0.1
*** TURN *** [7c 4d 4c] [3h]
d0a9f233: bets $0.1
f610ebff: calls $0.1
*** RIVER *** [7c 4d 4c 3h] [5c]
d0a9f233: checks
f610ebff: bets $0.47
d0a9f233: folds
Uncalled bet ($0.47) returned to f610ebff
*** SHOWDOWN ***
f610ebff collected $0.59 from pot
*** SUMMARY ***
Total pot $0.62 | Rake $0.03 | Jackpot $0 | Bingo $0 | Fortune $0
Board [7c 4d 4c 3h 5c]
Seat 1: fd27d9e5 folded before Flop (didn't bet)
Seat 2: 273f76b6 folded before Flop (didn't bet)
Seat 3: 68baefc0 folded before Flop (didn't bet)
Seat 4: f610ebff (button) won ($0.59)
Seat 5: Hero (small blind) folded before Flop
Seat 6: d0a9f233 (big blind) folded on the River


Poker Hand #HD1155439079: Hold'em No Limit  ($0.02/$0.05) - 2023/03/11 12:47:58
Table 'NLHBlue71' 6-max Seat #3 is the button
Seat 1: fd27d9e5 ($11.14 in chips)
Seat 2: 273f76b6 ($5 in chips)
Seat 3: 68baefc0 ($5.05 in chips)
Seat 4: f610ebff ($5.37 in chips)
Seat 5: Hero ($6.43 in chips)
Seat 6: d0a9f233 ($4.29 in chips)
f610ebff: posts small blind $0.02
Hero: posts big blind $0.05
*** HOLE CARDS ***
Dealt to fd27d9e5 
Dealt to 273f76b6 
Dealt to 68baefc0 
Dealt to f610ebff 
Dealt to Hero [Jd Kh]
Dealt to d0a9f233 
d0a9f233: calls $0.05
fd27d9e5: folds
273f76b6: folds
68baefc0: raises $0.11 to $0.16
f610ebff: folds
Hero: calls $0.11
d0a9f233: calls $0.11
*** FLOP *** [8h 7c 3h]
Hero: checks
d0a9f233: checks
68baefc0: bets $0.3
Hero: folds
d0a9f233: folds
Uncalled bet ($0.3) returned to 68baefc0
*** SHOWDOWN ***
68baefc0 collected $0.48 from pot
*** SUMMARY ***
Total pot $0.5 | Rake $0.02 | Jackpot $0 | Bingo $0 | Fortune $0
Board [8h 7c 3h]
Seat 1: fd27d9e5 folded before Flop (didn't bet)
Seat 2: 273f76b6 folded before Flop (didn't bet)
Seat 3: 68baefc0 (button) won ($0.48)
Seat 4: f610ebff (small blind) folded before Flop
Seat 5: Hero (big blind) folded on the Flop
Seat 6: d0a9f233 folded on the Flop


Poker Hand #HD1155439013: Hold'em No Limit  ($0.02/$0.05) - 2023/03/11 12:47:33
Table 'NLHBlue71' 6-max Seat #2 is the button
Seat 1: fd27d9e5 ($11.14 in chips)
Seat 2: 273f76b6 ($5 in chips)
Seat 3: 68baefc0 ($5 in chips)
Seat 4: f610ebff ($5.42 in chips)
Seat 5: Hero ($6.43 in chips)
Seat 6: d0a9f233 ($4.29 in chips)
68baefc0: posts small blind $0.02
f610ebff: posts big blind $0.05
*** HOLE CARDS ***
Dealt to fd27d9e5 
Dealt to 273f76b6 
Dealt to 68baefc0 
Dealt to f610ebff 
Dealt to Hero [Ad 6s]
Dealt to d0a9f233 
Hero: folds
d0a9f233: folds
fd27d9e5: folds
273f76b6: folds
68baefc0: raises $0.06 to $0.11
f610ebff: folds
Uncalled bet ($0.06) returned to 68baefc0
*** SHOWDOWN ***
68baefc0 collected $0.1 from pot
*** SUMMARY ***
Total pot $0.1 | Rake $0 | Jackpot $0 | Bingo $0 | Fortune $0
Seat 1: fd27d9e5 folded before Flop (didn't bet)
Seat 2: 273f76b6 (button) folded before Flop (didn't bet)
Seat 3: 68baefc0 (small blind) collected ($0.1)
Seat 4: f610ebff (big blind) folded before Flop
Seat 5: Hero folded before Flop (didn't bet)
Seat 6: d0a9f233 folded before Flop (didn't bet)


Poker Hand #HD1155438898: Hold'em No Limit  ($0.02/$0.05) - 2023/03/11 12:46:50
Table 'NLHBlue71' 6-max Seat #1 is the button
Seat 1: fd27d9e5 ($11.14 in chips)
Seat 2: 273f76b6 ($5 in chips)
Seat 3: 68baefc0 ($5 in chips)
Seat 4: f610ebff ($5.42 in chips)
Seat 5: Hero ($6.43 in chips)
Seat 6: d0a9f233 ($4 in chips)
273f76b6: posts small blind $0.02
68baefc0: posts big blind $0.05
*** HOLE CARDS ***
Dealt to fd27d9e5 
Dealt to 273f76b6 
Dealt to 68baefc0 
Dealt to f610ebff 
Dealt to Hero [Tc 8s]
Dealt to d0a9f233 
f610ebff: folds
Hero: folds
d0a9f233: raises $0.05 to $0.1
fd27d9e5: folds
273f76b6: folds
68baefc0: calls $0.05
*** FLOP *** [6d Ks 4c]
68baefc0: checks
d0a9f233: bets $0.1
68baefc0: calls $0.1
*** TURN *** [6d Ks 4c] [7c]
68baefc0: checks
d0a9f233: bets $0.1
68baefc0: calls $0.1
*** RIVER *** [6d Ks 4c 7c] [Ad]
68baefc0: checks
d0a9f233: checks
68baefc0: shows [Kd Th] (Pair of Kings)
d0a9f233: shows [Jh Kc] (Pair of Kings)
*** SHOWDOWN ***
d0a9f233 collected $0.59 from pot
*** SUMMARY ***
Total pot $0.62 | Rake $0.03 | Jackpot $0 | Bingo $0 | Fortune $0
Board [6d Ks 4c 7c Ad]
Seat 1: fd27d9e5 (button) folded before Flop (didn't bet)
Seat 2: 273f76b6 (small blind) folded before Flop
Seat 3: 68baefc0 (big blind) showed [Kd Th] and lost with Pair of Kings
Seat 4: f610ebff folded before Flop (didn't bet)
Seat 5: Hero folded before Flop (didn't bet)
Seat 6: d0a9f233 showed [Jh Kc] and won ($0.59) with Pair of Kings


Poker Hand #HD1155438833: Hold'em No Limit  ($0.02/$0.05) - 2023/03/11 12:46:23
Table 'NLHBlue71' 6-max Seat #6 is the button
Seat 1: fd27d9e5 ($11.16 in chips)
Seat 2: 273f76b6 ($5 in chips)
Seat 3: 68baefc0 ($5 in chips)
Seat 4: f610ebff ($5.42 in chips)
Seat 5: Hero ($6.55 in chips)
Seat 6: d0a9f233 ($3.82 in chips)
fd27d9e5: posts small blind $0.02
273f76b6: posts big blind $0.05
*** HOLE CARDS ***
Dealt to fd27d9e5 
Dealt to 273f76b6 
Dealt to 68baefc0 
Dealt to f610ebff 
Dealt to Hero [Th Jh]
Dealt to d0a9f233 
68baefc0: folds
f610ebff: folds
Hero: raises $0.07 to $0.12
d0a9f233: calls $0.12
fd27d9e5: folds
273f76b6: folds
*** FLOP *** [7c 5d 6d]
Hero: checks
d0a9f233: bets $0.05
Hero: folds
Uncalled bet ($0.05) returned to d0a9f233
*** SHOWDOWN ***
d0a9f233 collected $0.3 from pot
*** SUMMARY ***
Total pot $0.31 | Rake $0.01 | Jackpot $0 | Bingo $0 | Fortune $0
Board [7c 5d 6d]
Seat 1: fd27d9e5 (small blind) folded before Flop
Seat 2: 273f76b6 (big blind) folded before Flop
Seat 3: 68baefc0 folded before Flop (didn't bet)
Seat 4: f610ebff folded before Flop (didn't bet)
Seat 5: Hero folded on the Flop
Seat 6: d0a9f233 (button) won ($0.3)


Poker Hand #HD1155438678: Hold'em No Limit  ($0.02/$0.05) - 2023/03/11 12:45:19
Table 'NLHBlue71' 6-max Seat #5 is the button
Seat 1: fd27d9e5 ($10.7 in chips)
Seat 2: 273f76b6 ($5 in chips)
Seat 3: 68baefc0 ($5 in chips)
Seat 4: f610ebff ($5.52 in chips)
Seat 5: Hero ($6.85 in chips)
Seat 6: d0a9f233 ($3.92 in chips)
d0a9f233: posts small blind $0.02
fd27d9e5: posts big blind $0.05
*** HOLE CARDS ***
Dealt to fd27d9e5 
Dealt to 273f76b6 
Dealt to 68baefc0 
Dealt to f610ebff 
Dealt to Hero [Jd 9d]
Dealt to d0a9f233 
273f76b6: folds
68baefc0: folds
f610ebff: raises $0.05 to $0.1
Hero: calls $0.1
d0a9f233: calls $0.08
fd27d9e5: calls $0.05
*** FLOP *** [4d 3s 3h]
d0a9f233: checks
fd27d9e5: checks
f610ebff: checks
Hero: checks
*** TURN *** [4d 3s 3h] [6d]
d0a9f233: checks
fd27d9e5: checks
f610ebff: checks
Hero: bets $0.2
d0a9f233: folds
fd27d9e5: raises $0.5 to $0.7
f610ebff: folds
Hero: folds
Uncalled bet ($0.5) returned to fd27d9e5
*** SHOWDOWN ***
fd27d9e5 collected $0.76 from pot
*** SUMMARY ***
Total pot $0.8 | Rake $0.04 | Jackpot $0 | Bingo $0 | Fortune $0
Board [4d 3s 3h 6d]
Seat 1: fd27d9e5 (big blind) won ($0.76)
Seat 2: 273f76b6 folded before Flop (didn't bet)
Seat 3: 68baefc0 folded before Flop (didn't bet)
Seat 4: f610ebff folded on the Turn
Seat 5: Hero (button) folded on the Turn
Seat 6: d0a9f233 (small blind) folded on the Turn


Poker Hand #HD1155438583: Hold'em No Limit  ($0.02/$0.05) - 2023/03/11 12:44:35
Table 'NLHBlue71' 6-max Seat #4 is the button
Seat 1: fd27d9e5 ($10.7 in chips)
Seat 2: 273f76b6 ($5 in chips)
Seat 3: 68baefc0 ($5 in chips)
Seat 4: f610ebff ($5.62 in chips)
Seat 5: Hero ($6.26 in chips)
Seat 6: d0a9f233 ($4.46 in chips)
Hero: posts small blind $0.02
d0a9f233: posts big blind $0.05
*** HOLE CARDS ***
Dealt to fd27d9e5 
Dealt to 273f76b6 
Dealt to 68baefc0 
Dealt to f610ebff 
Dealt to Hero [7d 7h]
Dealt to d0a9f233 
fd27d9e5: folds
273f76b6: folds
68baefc0: folds
f610ebff: raises $0.05 to $0.1
Hero: raises $0.44 to $0.54
d0a9f233: calls $0.49
f610ebff: folds
*** FLOP *** [Js 7c 3d]
Hero: bets $0.39
d0a9f233: folds
Uncalled bet ($0.39) returned to Hero
*** SHOWDOWN ***
Hero collected $1.13 from pot
*** SUMMARY ***
Total pot $1.18 | Rake $0.05 | Jackpot $0 | Bingo $0 | Fortune $0
Board [Js 7c 3d]
Seat 1: fd27d9e5 folded before Flop (didn't bet)
Seat 2: 273f76b6 folded before Flop (didn't bet)
Seat 3: 68baefc0 folded before Flop (didn't bet)
Seat 4: f610ebff (button) folded before Flop
Seat 5: Hero (small blind) won ($1.13)
Seat 6: d0a9f233 (big blind) folded on the Flop


Poker Hand #HD1155438474: Hold'em No Limit  ($0.02/$0.05) - 2023/03/11 12:43:50
Table 'NLHBlue71' 6-max Seat #3 is the button
Seat 1: fd27d9e5 ($10.7 in chips)
Seat 2: 273f76b6 ($5 in chips)
Seat 3: 68baefc0 ($5 in chips)
Seat 4: f610ebff ($5.63 in chips)
Seat 5: Hero ($6.27 in chips)
Seat 6: d0a9f233 ($4.46 in chips)
f610ebff: posts small blind $0.02
Hero: posts big blind $0.05
*** HOLE CARDS ***
Dealt to fd27d9e5 
Dealt to 273f76b6 
Dealt to 68baefc0 
Dealt to f610ebff 
Dealt to Hero [Jd Th]
Dealt to d0a9f233 
d0a9f233: folds
fd27d9e5: folds
273f76b6: folds
68baefc0: folds
f610ebff: calls $0.03
Hero: checks
*** FLOP *** [2c Kh Qh]
f610ebff: checks
Hero: bets $0.05
f610ebff: calls $0.05
*** TURN *** [2c Kh Qh] [Qc]
f610ebff: checks
Hero: bets $0.12
f610ebff: calls $0.12
*** RIVER *** [2c Kh Qh Qc] [2h]
f610ebff: checks
Hero: checks
f610ebff: shows [Td 9c] (Pair of Queens and Pair of Twos)
Hero: shows [Jd Th] (Pair of Queens and Pair of Twos)
*** SHOWDOWN ***
f610ebff collected $0.21 from pot
Hero collected $0.21 from pot
*** SUMMARY ***
Total pot $0.44 | Rake $0.02 | Jackpot $0 | Bingo $0 | Fortune $0
Board [2c Kh Qh Qc 2h]
Seat 1: fd27d9e5 folded before Flop (didn't bet)
Seat 2: 273f76b6 folded before Flop (didn't bet)
Seat 3: 68baefc0 (button) folded before Flop (didn't bet)
Seat 4: f610ebff (small blind) showed [Td 9c] and won ($0.21) with Pair of Queens and Pair of Twos
Seat 5: Hero (big blind) showed [Jd Th] and won ($0.21) with Pair of Queens and Pair of Twos
Seat 6: d0a9f233 folded before Flop (didn't bet)


Poker Hand #HD1155438438: Hold'em No Limit  ($0.02/$0.05) - 2023/03/11 12:43:32
Table 'NLHBlue71' 6-max Seat #2 is the button
Seat 1: fd27d9e5 ($10.7 in chips)
Seat 2: 273f76b6 ($5 in chips)
Seat 3: 68baefc0 ($5 in chips)
Seat 4: f610ebff ($5.68 in chips)
Seat 5: Hero ($6.27 in chips)
Seat 6: d0a9f233 ($4.39 in chips)
68baefc0: posts small blind $0.02
f610ebff: posts big blind $0.05
d0a9f233: posts big blind $0.05
*** HOLE CARDS ***
Dealt to fd27d9e5 
Dealt to 273f76b6 
Dealt to 68baefc0 
Dealt to f610ebff 
Dealt to Hero [5d 6s]
Dealt to d0a9f233 
Hero: folds
d0a9f233: checks
fd27d9e5: folds
273f76b6: folds
68baefc0: folds
f610ebff: checks
*** FLOP *** [5h Qc Ad]
f610ebff: checks
d0a9f233: bets $0.05
f610ebff: folds
Uncalled bet ($0.05) returned to d0a9f233
*** SHOWDOWN ***
d0a9f233 collected $0.12 from pot
*** SUMMARY ***
Total pot $0.12 | Rake $0 | Jackpot $0 | Bingo $0 | Fortune $0
Board [5h Qc Ad]
Seat 1: fd27d9e5 folded before Flop (didn't bet)
Seat 2: 273f76b6 (button) folded before Flop (didn't bet)
Seat 3: 68baefc0 (small blind) folded before Flop
Seat 4: f610ebff (big blind) folded on the Flop
Seat 5: Hero folded before Flop (didn't bet)
Seat 6: d0a9f233 won ($0.12)


Poker Hand #HD1155438264: Hold'em No Limit  ($0.02/$0.05) - 2023/03/11 12:42:22
Table 'NLHBlue71' 6-max Seat #1 is the button
Seat 1: fd27d9e5 ($10.7 in chips)
Seat 2: 273f76b6 ($5.07 in chips)
Seat 3: 68baefc0 ($5.07 in chips)
Seat 4: f610ebff ($5.09 in chips)
Seat 5: Hero ($6.27 in chips)
Seat 6: 51fa2c17 ($6.03 in chips)
273f76b6: posts small blind $0.02
68baefc0: posts big blind $0.05
*** HOLE CARDS ***
Dealt to fd27d9e5 
Dealt to 273f76b6 
Dealt to 68baefc0 
Dealt to f610ebff 
Dealt to Hero [2d 2h]
Dealt to 51fa2c17 
f610ebff: raises $0.05 to $0.1
Hero: folds
51fa2c17: folds
fd27d9e5: folds
273f76b6: calls $0.08
68baefc0: calls $0.05
*** FLOP *** [9h Ah Js]
273f76b6: checks
68baefc0: checks
f610ebff: bets $0.15
273f76b6: folds
68baefc0: calls $0.15
*** TURN *** [9h Ah Js] [Jd]
68baefc0: checks
f610ebff: bets $0.3
68baefc0: calls $0.3
*** RIVER *** [9h Ah Js Jd] [3h]
68baefc0: checks
f610ebff: checks
68baefc0: shows [Qc Td] (Pair of Jacks)
f610ebff: shows [Qh Ad] (Pair of Aces and Pair of Jacks)
*** SHOWDOWN ***
f610ebff collected $1.14 from pot
*** SUMMARY ***
Total pot $1.2 | Rake $0.06 | Jackpot $0 | Bingo $0 | Fortune $0
Board [9h Ah Js Jd 3h]
Seat 1: fd27d9e5 (button) folded before Flop (didn't bet)
Seat 2: 273f76b6 (small blind) folded on the Flop
Seat 3: 68baefc0 (big blind) showed [Qc Td] and lost with Pair of Jacks
Seat 4: f610ebff showed [Qh Ad] and won ($1.14) with Pair of Aces and Pair of Jacks
Seat 5: Hero folded before Flop (didn't bet)
Seat 6: 51fa2c17 folded before Flop (didn't bet)


Poker Hand #HD1155438188: Hold'em No Limit  ($0.02/$0.05) - 2023/03/11 12:41:52
Table 'NLHBlue71' 6-max Seat #6 is the button
Seat 1: fd27d9e5 ($10.72 in chips)
Seat 2: 273f76b6 ($5.12 in chips)
Seat 3: 68baefc0 ($5.07 in chips)
Seat 4: f610ebff ($5.09 in chips)
Seat 5: Hero ($6.39 in chips)
Seat 6: 51fa2c17 ($5.85 in chips)
fd27d9e5: posts small blind $0.02
273f76b6: posts big blind $0.05
*** HOLE CARDS ***
Dealt to fd27d9e5 
Dealt to 273f76b6 
Dealt to 68baefc0 
Dealt to f610ebff 
Dealt to Hero [Js Ah]
Dealt to 51fa2c17 
68baefc0: folds
f610ebff: folds
Hero: raises $0.07 to $0.12
51fa2c17: raises $0.33 to $0.45
fd27d9e5: folds
273f76b6: folds
Hero: folds
Uncalled bet ($0.33) returned to 51fa2c17
*** SHOWDOWN ***
51fa2c17 collected $0.3 from pot
*** SUMMARY ***
Total pot $0.31 | Rake $0.01 | Jackpot $0 | Bingo $0 | Fortune $0
Seat 1: fd27d9e5 (small blind) folded before Flop
Seat 2: 273f76b6 (big blind) folded before Flop
Seat 3: 68baefc0 folded before Flop (didn't bet)
Seat 4: f610ebff folded before Flop (didn't bet)
Seat 5: Hero folded before Flop
Seat 6: 51fa2c17 (button) collected ($0.3)


Poker Hand #HD1155438140: Hold'em No Limit  ($0.02/$0.05) - 2023/03/11 12:41:34
Table 'NLHBlue71' 6-max Seat #5 is the button
Seat 1: fd27d9e5 ($10.7 in chips)
Seat 2: 273f76b6 ($5.12 in chips)
Seat 3: 68baefc0 ($5.07 in chips)
Seat 4: f610ebff ($5.09 in chips)
Seat 5: Hero ($6.39 in chips)
Seat 6: 51fa2c17 ($5.87 in chips)
51fa2c17: posts small blind $0.02
fd27d9e5: posts big blind $0.05
*** HOLE CARDS ***
Dealt to fd27d9e5 
Dealt to 273f76b6 
Dealt to 68baefc0 
Dealt to f610ebff 
Dealt to Hero [7h 5d]
Dealt to 51fa2c17 
273f76b6: folds
68baefc0: folds
f610ebff: folds
Hero: folds
51fa2c17: folds
Uncalled bet ($0.03) returned to fd27d9e5
*** SHOWDOWN ***
fd27d9e5 collected $0.04 from pot
*** SUMMARY ***
Total pot $0.04 | Rake $0 | Jackpot $0 | Bingo $0 | Fortune $0
Seat 1: fd27d9e5 (big blind) collected ($0.04)
Seat 2: 273f76b6 folded before Flop (didn't bet)
Seat 3: 68baefc0 folded before Flop (didn't bet)
Seat 4: f610ebff folded before Flop (didn't bet)
Seat 5: Hero (button) folded before Flop (didn't bet)
Seat 6: 51fa2c17 (small blind) folded before Flop


Poker Hand #HD1155438110: Hold'em No Limit  ($0.02/$0.05) - 2023/03/11 12:41:19
Table 'NLHBlue71' 6-max Seat #4 is the button
Seat 1: fd27d9e5 ($10.7 in chips)
Seat 2: 273f76b6 ($5.12 in chips)
Seat 3: 68baefc0 ($5 in chips)
Seat 4: f610ebff ($5.09 in chips)
Seat 5: Hero ($6.41 in chips)
Seat 6: 51fa2c17 ($5.92 in chips)
Hero: posts small blind $0.02
51fa2c17: posts big blind $0.05
*** HOLE CARDS ***
Dealt to fd27d9e5 
Dealt to 273f76b6 
Dealt to 68baefc0 
Dealt to f610ebff 
Dealt to Hero [Kh 8c]
Dealt to 51fa2c17 
fd27d9e5: folds
273f76b6: folds
68baefc0: raises $0.06 to $0.11
f610ebff: folds
Hero: folds
51fa2c17: folds
Uncalled bet ($0.06) returned to 68baefc0
*** SHOWDOWN ***
68baefc0 collected $0.12 from pot
*** SUMMARY ***
Total pot $0.12 | Rake $0 | Jackpot $0 | Bingo $0 | Fortune $0
Seat 1: fd27d9e5 folded before Flop (didn't bet)
Seat 2: 273f76b6 folded before Flop (didn't bet)
Seat 3: 68baefc0 collected ($0.12)
Seat 4: f610ebff (button) folded before Flop (didn't bet)
Seat 5: Hero (small blind) folded before Flop
Seat 6: 51fa2c17 (big blind) folded before Flop


Poker Hand #HD1155438076: Hold'em No Limit  ($0.02/$0.05) - 2023/03/11 12:41:04
Table 'NLHBlue71' 6-max Seat #3 is the button
Seat 1: fd27d9e5 ($10.7 in chips)
Seat 2: 273f76b6 ($5.05 in chips)
Seat 3: 68baefc0 ($5 in chips)
Seat 4: f610ebff ($5.11 in chips)
Seat 5: Hero ($6.46 in chips)
Seat 6: 51fa2c17 ($5.92 in chips)
f610ebff: posts small blind $0.02
Hero: posts big blind $0.05
*** HOLE CARDS ***
Dealt to fd27d9e5 
Dealt to 273f76b6 
Dealt to 68baefc0 
Dealt to f610ebff 
Dealt to Hero [5s 4d]
Dealt to 51fa2c17 
51fa2c17: folds
fd27d9e5: folds
273f76b6: raises $0.1 to $0.15
68baefc0: folds
f610ebff: folds
Hero: folds
Uncalled bet ($0.1) returned to 273f76b6
*** SHOWDOWN ***
273f76b6 collected $0.12 from pot
*** SUMMARY ***
Total pot $0.12 | Rake $0 | Jackpot $0 | Bingo $0 | Fortune $0
Seat 1: fd27d9e5 folded before Flop (didn't bet)
Seat 2: 273f76b6 collected ($0.12)
Seat 3: 68baefc0 (button) folded before Flop (didn't bet)
Seat 4: f610ebff (small blind) folded before Flop
Seat 5: Hero (big blind) folded before Flop
Seat 6: 51fa2c17 folded before Flop (didn't bet)


Poker Hand #HD1155437914: Hold'em No Limit  ($0.02/$0.05) - 2023/03/11 12:40:00
Table 'NLHBlue71' 6-max Seat #2 is the button
Seat 1: fd27d9e5 ($10.7 in chips)
Seat 2: 273f76b6 ($5.05 in chips)
Seat 3: 68baefc0 ($5 in chips)
Seat 4: f610ebff ($4.7 in chips)
Seat 5: Hero ($6.89 in chips)
Seat 6: 51fa2c17 ($5.92 in chips)
68baefc0: posts small blind $0.02
f610ebff: posts big blind $0.05
*** HOLE CARDS ***
Dealt to fd27d9e5 
Dealt to 273f76b6 
Dealt to 68baefc0 
Dealt to f610ebff 
Dealt to Hero [3h 3c]
Dealt to 51fa2c17 
Hero: raises $0.07 to $0.12
51fa2c17: folds
fd27d9e5: folds
273f76b6: folds
68baefc0: folds
f610ebff: calls $0.07
*** FLOP *** [5c Jd 5h]
f610ebff: checks
Hero: bets $0.09
f610ebff: calls $0.09
*** TURN *** [5c Jd 5h] [2c]
f610ebff: checks
Hero: bets $0.22
f610ebff: calls $0.22
*** RIVER *** [5c Jd 5h 2c] [9d]
f610ebff: checks
Hero: checks
f610ebff: shows [Jc 7c] (Pair of Jacks and Pair of Fives)
Hero: shows [3h 3c] (Pair of Fives and Pair of Treys)
*** SHOWDOWN ***
f610ebff collected $0.84 from pot
*** SUMMARY ***
Total pot $0.88 | Rake $0.04 | Jackpot $0 | Bingo $0 | Fortune $0
Board [5c Jd 5h 2c 9d]
Seat 1: fd27d9e5 folded before Flop (didn't bet)
Seat 2: 273f76b6 (button) folded before Flop (didn't bet)
Seat 3: 68baefc0 (small blind) folded before Flop
Seat 4: f610ebff (big blind) showed [Jc 7c] and won ($0.84) with Pair of Jacks and Pair of Fives
Seat 5: Hero showed [3h 3c] and lost with Pair of Fives and Pair of Treys
Seat 6: 51fa2c17 folded before Flop (didn't bet)


Poker Hand #HD1155437887: Hold'em No Limit  ($0.02/$0.05) - 2023/03/11 12:39:48
Table 'NLHBlue71' 6-max Seat #1 is the button
Seat 1: fd27d9e5 ($10.7 in chips)
Seat 2: 273f76b6 ($5.07 in chips)
Seat 3: 68baefc0 ($5 in chips)
Seat 4: f610ebff ($4.7 in chips)
Seat 5: Hero ($6.89 in chips)
Seat 6: 51fa2c17 ($5.85 in chips)
273f76b6: posts small blind $0.02
68baefc0: posts big blind $0.05
*** HOLE CARDS ***
Dealt to fd27d9e5 
Dealt to 273f76b6 
Dealt to 68baefc0 
Dealt to f610ebff 
Dealt to Hero [5s Td]
Dealt to 51fa2c17 
f610ebff: folds
Hero: folds
51fa2c17: raises $0.1 to $0.15
fd27d9e5: folds
273f76b6: folds
68baefc0: folds
Uncalled bet ($0.1) returned to 51fa2c17
*** SHOWDOWN ***
51fa2c17 collected $0.12 from pot
*** SUMMARY ***
Total pot $0.12 | Rake $0 | Jackpot $0 | Bingo $0 | Fortune $0
Seat 1: fd27d9e5 (button) folded before Flop (didn't bet)
Seat 2: 273f76b6 (small blind) folded before Flop
Seat 3: 68baefc0 (big blind) folded before Flop
Seat 4: f610ebff folded before Flop (didn't bet)
Seat 5: Hero folded before Flop (didn't bet)
Seat 6: 51fa2c17 collected ($0.12)


Poker Hand #HD1155437775: Hold'em No Limit  ($0.02/$0.05) - 2023/03/11 12:39:05
Table 'NLHBlue71' 6-max Seat #6 is the button
Seat 1: fd27d9e5 ($10.72 in chips)
Seat 2: 273f76b6 ($5.07 in chips)
Seat 3: 68baefc0 ($5 in chips)
Seat 4: f610ebff ($4.7 in chips)
Seat 5: Hero ($6.89 in chips)
Seat 6: 51fa2c17 ($5.85 in chips)
fd27d9e5: posts small blind $0.02
273f76b6: posts big blind $0.05
*** HOLE CARDS ***
Dealt to fd27d9e5 
Dealt to 273f76b6 
Dealt to 68baefc0 
Dealt to f610ebff 
Dealt to Hero [3c Qd]
Dealt to 51fa2c17 
68baefc0: folds
f610ebff: folds
Hero: folds
51fa2c17: raises $0.08 to $0.13
fd27d9e5: folds
273f76b6: calls $0.08
*** FLOP *** [3h 2h 9s]
273f76b6: checks
51fa2c17: bets $0.19
273f76b6: calls $0.19
*** TURN *** [3h 2h 9s] [Jc]
273f76b6: checks
51fa2c17: checks
*** RIVER *** [3h 2h 9s Jc] [Th]
273f76b6: checks
51fa2c17: checks
273f76b6: shows [Tc 9c] (Pair of Tens and Pair of Nines)
51fa2c17: shows [Td 9d] (Pair of Tens and Pair of Nines)
*** SHOWDOWN ***
273f76b6 collected $0.32 from pot
51fa2c17 collected $0.32 from pot
*** SUMMARY ***
Total pot $0.66 | Rake $0.02 | Jackpot $0 | Bingo $0 | Fortune $0
Board [3h 2h 9s Jc Th]
Seat 1: fd27d9e5 (small blind) folded before Flop
Seat 2: 273f76b6 (big blind) showed [Tc 9c] and won ($0.32) with Pair of Tens and Pair of Nines
Seat 3: 68baefc0 folded before Flop (didn't bet)
Seat 4: f610ebff folded before Flop (didn't bet)
Seat 5: Hero folded before Flop (didn't bet)
Seat 6: 51fa2c17 (button) showed [Td 9d] and won ($0.32) with Pair of Tens and Pair of Nines


Poker Hand #HD1155437555: Hold'em No Limit  ($0.02/$0.05) - 2023/03/11 12:37:39
Table 'NLHBlue71' 6-max Seat #5 is the button
Seat 1: fd27d9e5 ($10.77 in chips)
Seat 2: 273f76b6 ($5.07 in chips)
Seat 3: 68baefc0 ($5 in chips)
Seat 4: f610ebff ($6.56 in chips)
Seat 5: Hero ($5.19 in chips)
Seat 6: 51fa2c17 ($5.87 in chips)
51fa2c17: posts small blind $0.02
fd27d9e5: posts big blind $0.05
*** HOLE CARDS ***
Dealt to fd27d9e5 
Dealt to 273f76b6 
Dealt to 68baefc0 
Dealt to f610ebff 
Dealt to Hero [Js 9s]
Dealt to 51fa2c17 
273f76b6: folds
68baefc0: folds
f610ebff: raises $0.05 to $0.1
Hero: raises $0.2 to $0.3
51fa2c17: folds
fd27d9e5: folds
f610ebff: raises $0.23 to $0.53
Hero: calls $0.23
*** FLOP *** [4d Qd Kc]
f610ebff: bets $0.38
Hero: calls $0.38
*** TURN *** [4d Qd Kc] [Td]
f610ebff: bets $0.95
Hero: raises $1.19 to $2.14
f610ebff: folds
Uncalled bet ($1.19) returned to Hero
f610ebff: shows [Ac As] (Pair of Aces)
*** SHOWDOWN ***
Hero collected $3.56 from pot
*** SUMMARY ***
Total pot $3.79 | Rake $0.18 | Jackpot $0.05 | Bingo $0 | Fortune $0
Board [4d Qd Kc Td]
Seat 1: fd27d9e5 (big blind) folded before Flop
Seat 2: 273f76b6 folded before Flop (didn't bet)
Seat 3: 68baefc0 folded before Flop (didn't bet)
Seat 4: f610ebff folded on the Turn
Seat 5: Hero (button) won ($3.56)
Seat 6: 51fa2c17 (small blind) folded before Flop


Poker Hand #HD1155437505: Hold'em No Limit  ($0.02/$0.05) - 2023/03/11 12:37:18
Table 'NLHBlue71' 6-max Seat #4 is the button
Seat 1: fd27d9e5 ($10.77 in chips)
Seat 2: 273f76b6 ($5.07 in chips)
Seat 3: 68baefc0 ($5 in chips)
Seat 4: f610ebff ($6.56 in chips)
Seat 5: Hero ($5.14 in chips)
Seat 6: 51fa2c17 ($5.92 in chips)
Hero: posts small blind $0.02
51fa2c17: posts big blind $0.05
*** HOLE CARDS ***
Dealt to fd27d9e5 
Dealt to 273f76b6 
Dealt to 68baefc0 
Dealt to f610ebff 
Dealt to Hero [Qd 5d]
Dealt to 51fa2c17 
fd27d9e5: folds
273f76b6: folds
68baefc0: folds
f610ebff: folds
Hero: raises $0.09 to $0.14
51fa2c17: folds
Uncalled bet ($0.09) returned to Hero
*** SHOWDOWN ***
Hero collected $0.1 from pot
*** SUMMARY ***
Total pot $0.1 | Rake $0 | Jackpot $0 | Bingo $0 | Fortune $0
Seat 1: fd27d9e5 folded before Flop (didn't bet)
Seat 2: 273f76b6 folded before Flop (didn't bet)
Seat 3: 68baefc0 folded before Flop (didn't bet)
Seat 4: f610ebff (button) folded before Flop (didn't bet)
Seat 5: Hero (small blind) collected ($0.1)
Seat 6: 51fa2c17 (big blind) folded before Flop


Poker Hand #HD1155437472: Hold'em No Limit  ($0.02/$0.05) - 2023/03/11 12:37:01
Table 'NLHBlue71' 6-max Seat #3 is the button
Seat 1: fd27d9e5 ($10.77 in chips)
Seat 2: 273f76b6 ($5 in chips)
Seat 3: 68baefc0 ($5 in chips)
Seat 4: f610ebff ($6.58 in chips)
Seat 5: Hero ($5.19 in chips)
Seat 6: 51fa2c17 ($5.92 in chips)
f610ebff: posts small blind $0.02
Hero: posts big blind $0.05
*** HOLE CARDS ***
Dealt to fd27d9e5 
Dealt to 273f76b6 
Dealt to 68baefc0 
Dealt to f610ebff 
Dealt to Hero [3c 4h]
Dealt to 51fa2c17 
51fa2c17: folds
fd27d9e5: folds
273f76b6: raises $0.1 to $0.15
68baefc0: folds
f610ebff: folds
Hero: folds
Uncalled bet ($0.1) returned to 273f76b6
*** SHOWDOWN ***
273f76b6 collected $0.12 from pot
*** SUMMARY ***
Total pot $0.12 | Rake $0 | Jackpot $0 | Bingo $0 | Fortune $0
Seat 1: fd27d9e5 folded before Flop (didn't bet)
Seat 2: 273f76b6 collected ($0.12)
Seat 3: 68baefc0 (button) folded before Flop (didn't bet)
Seat 4: f610ebff (small blind) folded before Flop
Seat 5: Hero (big blind) folded before Flop
Seat 6: 51fa2c17 folded before Flop (didn't bet)


Poker Hand #HD1155437417: Hold'em No Limit  ($0.02/$0.05) - 2023/03/11 12:36:40
Table 'NLHBlue71' 6-max Seat #2 is the button
Seat 1: fd27d9e5 ($10.77 in chips)
Seat 2: 273f76b6 ($5 in chips)
Seat 3: 68baefc0 ($5 in chips)
Seat 4: f610ebff ($6.48 in chips)
Seat 5: Hero ($5.19 in chips)
Seat 6: 51fa2c17 ($5.92 in chips)
68baefc0: posts small blind $0.02
f610ebff: posts big blind $0.05
*** HOLE CARDS ***
Dealt to fd27d9e5 
Dealt to 273f76b6 
Dealt to 68baefc0 
Dealt to f610ebff 
Dealt to Hero [2d Td]
Dealt to 51fa2c17 
Hero: folds
51fa2c17: folds
fd27d9e5: folds
273f76b6: folds
68baefc0: raises $0.06 to $0.11
f610ebff: calls $0.06
*** FLOP *** [3d Tc Qd]
68baefc0: checks
f610ebff: bets $0.08
68baefc0: folds
Uncalled bet ($0.08) returned to f610ebff
*** SHOWDOWN ***
f610ebff collected $0.21 from pot
*** SUMMARY ***
Total pot $0.22 | Rake $0.01 | Jackpot $0 | Bingo $0 | Fortune $0
Board [3d Tc Qd]
Seat 1: fd27d9e5 folded before Flop (didn't bet)
Seat 2: 273f76b6 (button) folded before Flop (didn't bet)
Seat 3: 68baefc0 (small blind) folded on the Flop
Seat 4: f610ebff (big blind) won ($0.21)
Seat 5: Hero folded before Flop (didn't bet)
Seat 6: 51fa2c17 folded before Flop (didn't bet)


Poker Hand #HD1155437374: Hold'em No Limit  ($0.02/$0.05) - 2023/03/11 12:36:22
Table 'NLHBlue71' 6-max Seat #1 is the button
Seat 1: fd27d9e5 ($10.77 in chips)
Seat 2: 273f76b6 ($5 in chips)
Seat 3: 68baefc0 ($5 in chips)
Seat 4: f610ebff ($6.48 in chips)
Seat 5: Hero ($5.12 in chips)
Seat 6: 51fa2c17 ($5.92 in chips)
273f76b6: posts small blind $0.02
68baefc0: posts big blind $0.05
*** HOLE CARDS ***
Dealt to fd27d9e5 
Dealt to 273f76b6 
Dealt to 68baefc0 
Dealt to f610ebff 
Dealt to Hero [8c 8s]
Dealt to 51fa2c17 
f610ebff: folds
Hero: raises $0.07 to $0.12
51fa2c17: folds
fd27d9e5: folds
273f76b6: folds
68baefc0: folds
Uncalled bet ($0.07) returned to Hero
*** SHOWDOWN ***
Hero collected $0.12 from pot
*** SUMMARY ***
Total pot $0.12 | Rake $0 | Jackpot $0 | Bingo $0 | Fortune $0
Seat 1: fd27d9e5 (button) folded before Flop (didn't bet)
Seat 2: 273f76b6 (small blind) folded before Flop
Seat 3: 68baefc0 (big blind) folded before Flop
Seat 4: f610ebff folded before Flop (didn't bet)
Seat 5: Hero collected ($0.12)
Seat 6: 51fa2c17 folded before Flop (didn't bet)


Poker Hand #HD1155437336: Hold'em No Limit  ($0.02/$0.05) - 2023/03/11 12:36:04
Table 'NLHBlue71' 6-max Seat #6 is the button
Seat 1: fd27d9e5 ($10.79 in chips)
Seat 2: 273f76b6 ($5 in chips)
Seat 3: 68baefc0 ($5 in chips)
Seat 4: f610ebff ($6.41 in chips)
Seat 5: Hero ($5.12 in chips)
Seat 6: 51fa2c17 ($5.92 in chips)
fd27d9e5: posts small blind $0.02
273f76b6: posts big blind $0.05
*** HOLE CARDS ***
Dealt to fd27d9e5 
Dealt to 273f76b6 
Dealt to 68baefc0 
Dealt to f610ebff 
Dealt to Hero [2d As]
Dealt to 51fa2c17 
68baefc0: folds
f610ebff: raises $0.05 to $0.1
Hero: folds
51fa2c17: folds
fd27d9e5: folds
273f76b6: folds
Uncalled bet ($0.05) returned to f610ebff
*** SHOWDOWN ***
f610ebff collected $0.12 from pot
*** SUMMARY ***
Total pot $0.12 | Rake $0 | Jackpot $0 | Bingo $0 | Fortune $0
Seat 1: fd27d9e5 (small blind) folded before Flop
Seat 2: 273f76b6 (big blind) folded before Flop
Seat 3: 68baefc0 folded before Flop (didn't bet)
Seat 4: f610ebff collected ($0.12)
Seat 5: Hero folded before Flop (didn't bet)
Seat 6: 51fa2c17 (button) folded before Flop (didn't bet)


Poker Hand #HD1155437194: Hold'em No Limit  ($0.02/$0.05) - 2023/03/11 12:35:06
Table 'NLHBlue71' 6-max Seat #5 is the button
Seat 1: fd27d9e5 ($10.84 in chips)
Seat 2: 273f76b6 ($5 in chips)
Seat 3: 68baefc0 ($5.35 in chips)
Seat 4: f610ebff ($6.41 in chips)
Seat 5: Hero ($5.12 in chips)
Seat 6: 51fa2c17 ($5 in chips)
51fa2c17: posts small blind $0.02
fd27d9e5: posts big blind $0.05
*** HOLE CARDS ***
Dealt to fd27d9e5 
Dealt to 273f76b6 
Dealt to 68baefc0 
Dealt to f610ebff 
Dealt to Hero [Ad 8h]
Dealt to 51fa2c17 
273f76b6: folds
68baefc0: raises $0.08 to $0.13
f610ebff: folds
Hero: folds
51fa2c17: raises $0.47 to $0.6
fd27d9e5: folds
68baefc0: calls $0.47
*** FLOP *** [Jd Qh 5s]
51fa2c17: bets $0.42
68baefc0: calls $0.42
*** TURN *** [Jd Qh 5s] [As]
51fa2c17: bets $1.36
68baefc0: folds
Uncalled bet ($1.36) returned to 51fa2c17
*** SHOWDOWN ***
51fa2c17 collected $1.94 from pot
*** SUMMARY ***
Total pot $2.09 | Rake $0.1 | Jackpot $0.05 | Bingo $0 | Fortune $0
Board [Jd Qh 5s As]
Seat 1: fd27d9e5 (big blind) folded before Flop
Seat 2: 273f76b6 folded before Flop (didn't bet)
Seat 3: 68baefc0 folded on the Turn
Seat 4: f610ebff folded before Flop (didn't bet)
Seat 5: Hero (button) folded before Flop (didn't bet)
Seat 6: 51fa2c17 (small blind) won ($1.94)


Poker Hand #HD1155437113: Hold'em No Limit  ($0.02/$0.05) - 2023/03/11 12:34:31
Table 'NLHBlue71' 6-max Seat #4 is the button
Seat 1: fd27d9e5 ($10.84 in chips)
Seat 2: 273f76b6 ($5 in chips)
Seat 3: 68baefc0 ($5.21 in chips)
Seat 4: f610ebff ($6.41 in chips)
Seat 5: Hero ($5.14 in chips)
Seat 6: 51fa2c17 ($5 in chips)
Hero: posts small blind $0.02
51fa2c17: posts big blind $0.05
*** HOLE CARDS ***
Dealt to fd27d9e5 
Dealt to 273f76b6 
Dealt to 68baefc0 
Dealt to f610ebff 
Dealt to Hero [3h Td]
Dealt to 51fa2c17 
fd27d9e5: folds
273f76b6: folds
68baefc0: raises $0.08 to $0.13
f610ebff: folds
Hero: folds
51fa2c17: calls $0.08
*** FLOP *** [9h Ad 4d]
51fa2c17: checks
68baefc0: bets $0.07
51fa2c17: folds
Uncalled bet ($0.07) returned to 68baefc0
*** SHOWDOWN ***
68baefc0 collected $0.27 from pot
*** SUMMARY ***
Total pot $0.28 | Rake $0.01 | Jackpot $0 | Bingo $0 | Fortune $0
Board [9h Ad 4d]
Seat 1: fd27d9e5 folded before Flop (didn't bet)
Seat 2: 273f76b6 folded before Flop (didn't bet)
Seat 3: 68baefc0 won ($0.27)
Seat 4: f610ebff (button) folded before Flop (didn't bet)
Seat 5: Hero (small blind) folded before Flop
Seat 6: 51fa2c17 (big blind) folded on the Flop


Poker Hand #HD1155436975: Hold'em No Limit  ($0.02/$0.05) - 2023/03/11 12:33:37
Table 'NLHBlue71' 6-max Seat #3 is the button
Seat 1: fd27d9e5 ($9.65 in chips)
Seat 2: 273f76b6 ($5 in chips)
Seat 3: 68baefc0 ($6.51 in chips)
Seat 4: f610ebff ($6.43 in chips)
Seat 5: Hero ($5.19 in chips)
f610ebff: posts small blind $0.02
Hero: posts big blind $0.05
*** HOLE CARDS ***
Dealt to fd27d9e5 
Dealt to 273f76b6 
Dealt to 68baefc0 
Dealt to f610ebff 
Dealt to Hero [2d 6h]
fd27d9e5: raises $0.08 to $0.13
273f76b6: folds
68baefc0: raises $0.3 to $0.43
f610ebff: folds
Hero: folds
fd27d9e5: raises $0.87 to $1.3
68baefc0: calls $0.87
*** FLOP *** [5d Ah Kd]
fd27d9e5: bets $0.55
68baefc0: folds
Uncalled bet ($0.55) returned to fd27d9e5
*** SHOWDOWN ***
fd27d9e5 collected $2.49 from pot
*** SUMMARY ***
Total pot $2.67 | Rake $0.13 | Jackpot $0.05 | Bingo $0 | Fortune $0
Board [5d Ah Kd]
Seat 1: fd27d9e5 won ($2.49)
Seat 2: 273f76b6 folded before Flop (didn't bet)
Seat 3: 68baefc0 (button) folded on the Flop
Seat 4: f610ebff (small blind) folded before Flop
Seat 5: Hero (big blind) folded before Flop


Poker Hand #HD1155436957: Hold'em No Limit  ($0.02/$0.05) - 2023/03/11 12:33:29
Table 'NLHBlue71' 6-max Seat #2 is the button
Seat 1: fd27d9e5 ($9.65 in chips)
Seat 2: 273f76b6 ($5 in chips)
Seat 3: 68baefc0 ($6.53 in chips)
Seat 4: f610ebff ($6.41 in chips)
Seat 5: Hero ($5.19 in chips)
68baefc0: posts small blind $0.02
f610ebff: posts big blind $0.05
*** HOLE CARDS ***
Dealt to fd27d9e5 
Dealt to 273f76b6 
Dealt to 68baefc0 
Dealt to f610ebff 
Dealt to Hero [6d 9h]
Hero: folds
fd27d9e5: folds
273f76b6: folds
68baefc0: folds
Uncalled bet ($0.03) returned to f610ebff
*** SHOWDOWN ***
f610ebff collected $0.04 from pot
*** SUMMARY ***
Total pot $0.04 | Rake $0 | Jackpot $0 | Bingo $0 | Fortune $0
Seat 1: fd27d9e5 folded before Flop (didn't bet)
Seat 2: 273f76b6 (button) folded before Flop (didn't bet)
Seat 3: 68baefc0 (small blind) folded before Flop
Seat 4: f610ebff (big blind) collected ($0.04)
Seat 5: Hero folded before Flop (didn't bet)


Poker Hand #HD1155436895: Hold'em No Limit  ($0.02/$0.05) - 2023/03/11 12:33:02
Table 'NLHBlue71' 6-max Seat #1 is the button
Seat 1: fd27d9e5 ($9.65 in chips)
Seat 2: 273f76b6 ($5 in chips)
Seat 3: 68baefc0 ($6.39 in chips)
Seat 4: f610ebff ($6.41 in chips)
Seat 5: Hero ($5.19 in chips)
273f76b6: posts small blind $0.02
68baefc0: posts big blind $0.05
*** HOLE CARDS ***
Dealt to fd27d9e5 
Dealt to 273f76b6 
Dealt to 68baefc0 
Dealt to f610ebff 
Dealt to Hero [Jh 6c]
f610ebff: folds
Hero: folds
fd27d9e5: folds
273f76b6: raises $0.1 to $0.15
68baefc0: calls $0.1
*** FLOP *** [As Th 6s]
273f76b6: checks
68baefc0: bets $0.18
273f76b6: folds
Uncalled bet ($0.18) returned to 68baefc0
*** SHOWDOWN ***
68baefc0 collected $0.29 from pot
*** SUMMARY ***
Total pot $0.3 | Rake $0.01 | Jackpot $0 | Bingo $0 | Fortune $0
Board [As Th 6s]
Seat 1: fd27d9e5 (button) folded before Flop (didn't bet)
Seat 2: 273f76b6 (small blind) folded on the Flop
Seat 3: 68baefc0 (big blind) won ($0.29)
Seat 4: f610ebff folded before Flop (didn't bet)
Seat 5: Hero folded before Flop (didn't bet)


Poker Hand #HD1155436809: Hold'em No Limit  ($0.02/$0.05) - 2023/03/11 12:32:37
Table 'NLHBlue71' 6-max Seat #5 is the button
Seat 1: fd27d9e5 ($9.51 in chips)
Seat 2: 273f76b6 ($5 in chips)
Seat 3: 68baefc0 ($6.39 in chips)
Seat 4: f610ebff ($6.51 in chips)
Seat 5: Hero ($5.19 in chips)
fd27d9e5: posts small blind $0.02
273f76b6: posts big blind $0.05
*** HOLE CARDS ***
Dealt to fd27d9e5 
Dealt to 273f76b6 
Dealt to 68baefc0 
Dealt to f610ebff 
Dealt to Hero [9d 5h]
68baefc0: folds
f610ebff: raises $0.05 to $0.1
Hero: folds
fd27d9e5: raises $0.3 to $0.4
273f76b6: folds
f610ebff: folds
Uncalled bet ($0.3) returned to fd27d9e5
*** SHOWDOWN ***
fd27d9e5 collected $0.24 from pot
*** SUMMARY ***
Total pot $0.25 | Rake $0.01 | Jackpot $0 | Bingo $0 | Fortune $0
Seat 1: fd27d9e5 (small blind) collected ($0.24)
Seat 2: 273f76b6 (big blind) folded before Flop
Seat 3: 68baefc0 folded before Flop (didn't bet)
Seat 4: f610ebff folded before Flop
Seat 5: Hero (button) folded before Flop (didn't bet)


Poker Hand #HD1155436678: Hold'em No Limit  ($0.02/$0.05) - 2023/03/11 12:31:48
Table 'NLHBlue71' 6-max Seat #4 is the button
Seat 1: fd27d9e5 ($8.92 in chips)
Seat 2: 273f76b6 ($5 in chips)
Seat 3: 68baefc0 ($6.39 in chips)
Seat 4: f610ebff ($7.14 in chips)
Seat 5: Hero ($5.21 in chips)
Hero: posts small blind $0.02
fd27d9e5: posts big blind $0.05
*** HOLE CARDS ***
Dealt to fd27d9e5 
Dealt to 273f76b6 
Dealt to 68baefc0 
Dealt to f610ebff 
Dealt to Hero [4h Ac]
273f76b6: folds
68baefc0: folds
f610ebff: raises $0.05 to $0.1
Hero: folds
fd27d9e5: calls $0.05
*** FLOP *** [5h 5c 6c]
fd27d9e5: checks
f610ebff: bets $0.08
fd27d9e5: calls $0.08
*** TURN *** [5h 5c 6c] [6h]
fd27d9e5: checks
f610ebff: checks
*** RIVER *** [5h 5c 6c 6h] [8c]
fd27d9e5: bets $0.45
f610ebff: calls $0.45
fd27d9e5: shows [Ah 5d] (Fives Full over Sixes)
f610ebff: shows [9h 9c] (Pair of Nines and Pair of Sixes)
*** SHOWDOWN ***
fd27d9e5 collected $1.22 from pot
*** SUMMARY ***
Total pot $1.28 | Rake $0.06 | Jackpot $0 | Bingo $0 | Fortune $0
Board [5h 5c 6c 6h 8c]
Seat 1: fd27d9e5 (big blind) showed [Ah 5d] and won ($1.22) with Fives Full over Sixes
Seat 2: 273f76b6 folded before Flop (didn't bet)
Seat 3: 68baefc0 folded before Flop (didn't bet)
Seat 4: f610ebff (button) showed [9h 9c] and lost with Pair of Nines and Pair of Sixes
Seat 5: Hero (small blind) folded before Flop


Poker Hand #HD1155436599: Hold'em No Limit  ($0.02/$0.05) - 2023/03/11 12:31:17
Table 'NLHBlue71' 6-max Seat #3 is the button
Seat 1: fd27d9e5 ($8.92 in chips)
Seat 2: 273f76b6 ($5 in chips)
Seat 3: 68baefc0 ($6.39 in chips)
Seat 4: f610ebff ($7.19 in chips)
Seat 5: Hero ($5.16 in chips)
Seat 6: 87fa29d1 ($5.16 in chips)
f610ebff: posts small blind $0.02
Hero: posts big blind $0.05
*** HOLE CARDS ***
Dealt to fd27d9e5 
Dealt to 273f76b6 
Dealt to 68baefc0 
Dealt to f610ebff 
Dealt to Hero [Ah 5d]
Dealt to 87fa29d1 
87fa29d1: folds
fd27d9e5: folds
273f76b6: folds
68baefc0: folds
f610ebff: calls $0.03
Hero: checks
*** FLOP *** [As 5s Qh]
f610ebff: checks
Hero: bets $0.08
f610ebff: folds
Uncalled bet ($0.08) returned to Hero
*** SHOWDOWN ***
Hero collected $0.1 from pot
*** SUMMARY ***
Total pot $0.1 | Rake $0 | Jackpot $0 | Bingo $0 | Fortune $0
Board [As 5s Qh]
Seat 1: fd27d9e5 folded before Flop (didn't bet)
Seat 2: 273f76b6 folded before Flop (didn't bet)
Seat 3: 68baefc0 (button) folded before Flop (didn't bet)
Seat 4: f610ebff (small blind) folded on the Flop
Seat 5: Hero (big blind) won ($0.1)
Seat 6: 87fa29d1 folded before Flop (didn't bet)


Poker Hand #HD1155436533: Hold'em No Limit  ($0.02/$0.05) - 2023/03/11 12:30:53
Table 'NLHBlue71' 6-max Seat #2 is the button
Seat 1: fd27d9e5 ($8.92 in chips)
Seat 2: 273f76b6 ($5 in chips)
Seat 3: 68baefc0 ($6.5 in chips)
Seat 4: f610ebff ($7.09 in chips)
Seat 5: Hero ($5.16 in chips)
Seat 6: 87fa29d1 ($5.16 in chips)
68baefc0: posts small blind $0.02
f610ebff: posts big blind $0.05
*** HOLE CARDS ***
Dealt to fd27d9e5 
Dealt to 273f76b6 
Dealt to 68baefc0 
Dealt to f610ebff 
Dealt to Hero [4h Kc]
Dealt to 87fa29d1 
Hero: folds
87fa29d1: folds
fd27d9e5: folds
273f76b6: folds
68baefc0: raises $0.06 to $0.11
f610ebff: calls $0.06
*** FLOP *** [5d 8s 9d]
68baefc0: checks
f610ebff: bets $0.08
68baefc0: folds
Uncalled bet ($0.08) returned to f610ebff
*** SHOWDOWN ***
f610ebff collected $0.21 from pot
*** SUMMARY ***
Total pot $0.22 | Rake $0.01 | Jackpot $0 | Bingo $0 | Fortune $0
Board [5d 8s 9d]
Seat 1: fd27d9e5 folded before Flop (didn't bet)
Seat 2: 273f76b6 (button) folded before Flop (didn't bet)
Seat 3: 68baefc0 (small blind) folded on the Flop
Seat 4: f610ebff (big blind) won ($0.21)
Seat 5: Hero folded before Flop (didn't bet)
Seat 6: 87fa29d1 folded before Flop (didn't bet)


Poker Hand #HD1155436364: Hold'em No Limit  ($0.02/$0.05) - 2023/03/11 12:29:40
Table 'NLHBlue71' 6-max Seat #1 is the button
Seat 1: fd27d9e5 ($8.92 in chips)
Seat 2: 273f76b6 ($5 in chips)
Seat 3: 68baefc0 ($6.36 in chips)
Seat 5: Hero ($5.16 in chips)
Seat 6: 87fa29d1 ($5.29 in chips)
273f76b6: posts small blind $0.02
68baefc0: posts big blind $0.05
*** HOLE CARDS ***
Dealt to fd27d9e5 
Dealt to 273f76b6 
Dealt to 68baefc0 
Dealt to Hero [7c 5d]
Dealt to 87fa29d1 
Hero: folds
87fa29d1: raises $0.08 to $0.13
fd27d9e5: folds
273f76b6: folds
68baefc0: calls $0.08
*** FLOP *** [Ac 3s 6h]
68baefc0: checks
87fa29d1: checks
*** TURN *** [Ac 3s 6h] [4c]
68baefc0: checks
87fa29d1: checks
*** RIVER *** [Ac 3s 6h 4c] [2d]
68baefc0: checks
87fa29d1: checks
68baefc0: shows [Kc 6c] (Pair of Sixes)
87fa29d1: shows [Th Kh] (Ace-High)
*** SHOWDOWN ***
68baefc0 collected $0.27 from pot
*** SUMMARY ***
Total pot $0.28 | Rake $0.01 | Jackpot $0 | Bingo $0 | Fortune $0
Board [Ac 3s 6h 4c 2d]
Seat 1: fd27d9e5 (button) folded before Flop (didn't bet)
Seat 2: 273f76b6 (small blind) folded before Flop
Seat 3: 68baefc0 (big blind) showed [Kc 6c] and won ($0.27) with Pair of Sixes
Seat 5: Hero folded before Flop (didn't bet)
Seat 6: 87fa29d1 showed [Th Kh] and lost with Ace-High


Poker Hand #HD1155436293: Hold'em No Limit  ($0.02/$0.05) - 2023/03/11 12:29:14
Table 'NLHBlue71' 6-max Seat #6 is the button
Seat 1: fd27d9e5 ($8.94 in chips)
Seat 2: 273f76b6 ($5 in chips)
Seat 3: 68baefc0 ($6.36 in chips)
Seat 4: f610ebff ($7.09 in chips)
Seat 5: Hero ($5.16 in chips)
Seat 6: 87fa29d1 ($5.22 in chips)
fd27d9e5: posts small blind $0.02
273f76b6: posts big blind $0.05
*** HOLE CARDS ***
Dealt to fd27d9e5 
Dealt to 273f76b6 
Dealt to 68baefc0 
Dealt to f610ebff 
Dealt to Hero [8c Jh]
Dealt to 87fa29d1 
68baefc0: folds
f610ebff: folds
Hero: folds
87fa29d1: raises $0.08 to $0.13
fd27d9e5: folds
273f76b6: folds
Uncalled bet ($0.08) returned to 87fa29d1
*** SHOWDOWN ***
87fa29d1 collected $0.12 from pot
*** SUMMARY ***
Total pot $0.12 | Rake $0 | Jackpot $0 | Bingo $0 | Fortune $0
Seat 1: fd27d9e5 (small blind) folded before Flop
Seat 2: 273f76b6 (big blind) folded before Flop
Seat 3: 68baefc0 folded before Flop (didn't bet)
Seat 4: f610ebff folded before Flop (didn't bet)
Seat 5: Hero folded before Flop (didn't bet)
Seat 6: 87fa29d1 (button) collected ($0.12)


Poker Hand #HD1155436252: Hold'em No Limit  ($0.02/$0.05) - 2023/03/11 12:28:58
Table 'NLHBlue71' 6-max Seat #5 is the button
Seat 1: fd27d9e5 ($8.92 in chips)
Seat 3: 68baefc0 ($6.36 in chips)
Seat 4: f610ebff ($7.09 in chips)
Seat 5: Hero ($5.16 in chips)
Seat 6: 87fa29d1 ($5.24 in chips)
87fa29d1: posts small blind $0.02
fd27d9e5: posts big blind $0.05
*** HOLE CARDS ***
Dealt to fd27d9e5 
Dealt to 68baefc0 
Dealt to f610ebff 
Dealt to Hero [Tc 7d]
Dealt to 87fa29d1 
68baefc0: folds
f610ebff: folds
Hero: folds
87fa29d1: folds
Uncalled bet ($0.03) returned to fd27d9e5
*** SHOWDOWN ***
fd27d9e5 collected $0.04 from pot
*** SUMMARY ***
Total pot $0.04 | Rake $0 | Jackpot $0 | Bingo $0 | Fortune $0
Seat 1: fd27d9e5 (big blind) collected ($0.04)
Seat 3: 68baefc0 folded before Flop (didn't bet)
Seat 4: f610ebff folded before Flop (didn't bet)
Seat 5: Hero (button) folded before Flop (didn't bet)
Seat 6: 87fa29d1 (small blind) folded before Flop


Poker Hand #HD1155436226: Hold'em No Limit  ($0.02/$0.05) - 2023/03/11 12:28:49
Table 'NLHBlue71' 6-max Seat #4 is the button
Seat 1: fd27d9e5 ($8.92 in chips)
Seat 3: 68baefc0 ($6.36 in chips)
Seat 4: f610ebff ($7.09 in chips)
Seat 5: Hero ($5.18 in chips)
Seat 6: 87fa29d1 ($5.22 in chips)
Hero: posts small blind $0.02
87fa29d1: posts big blind $0.05
*** HOLE CARDS ***
Dealt to fd27d9e5 
Dealt to 68baefc0 
Dealt to f610ebff 
Dealt to Hero [3c 5d]
Dealt to 87fa29d1 
fd27d9e5: folds
68baefc0: folds
f610ebff: folds
Hero: folds
Uncalled bet ($0.03) returned to 87fa29d1
*** SHOWDOWN ***
87fa29d1 collected $0.04 from pot
*** SUMMARY ***
Total pot $0.04 | Rake $0 | Jackpot $0 | Bingo $0 | Fortune $0
Seat 1: fd27d9e5 folded before Flop (didn't bet)
Seat 3: 68baefc0 folded before Flop (didn't bet)
Seat 4: f610ebff (button) folded before Flop (didn't bet)
Seat 5: Hero (small blind) folded before Flop
Seat 6: 87fa29d1 (big blind) collected ($0.04)


Poker Hand #HD1155436182: Hold'em No Limit  ($0.02/$0.05) - 2023/03/11 12:28:33
Table 'NLHBlue71' 6-max Seat #3 is the button
Seat 1: fd27d9e5 ($8.92 in chips)
Seat 3: 68baefc0 ($6.36 in chips)
Seat 4: f610ebff ($7.14 in chips)
Seat 5: Hero ($5.13 in chips)
Seat 6: 87fa29d1 ($5.22 in chips)
f610ebff: posts small blind $0.02
Hero: posts big blind $0.05
*** HOLE CARDS ***
Dealt to fd27d9e5 
Dealt to 68baefc0 
Dealt to f610ebff 
Dealt to Hero [Jc Kh]
Dealt to 87fa29d1 
87fa29d1: folds
fd27d9e5: folds
68baefc0: folds
f610ebff: calls $0.03
Hero: raises $0.15 to $0.2
f610ebff: folds
Uncalled bet ($0.15) returned to Hero
*** SHOWDOWN ***
Hero collected $0.1 from pot
*** SUMMARY ***
Total pot $0.1 | Rake $0 | Jackpot $0 | Bingo $0 | Fortune $0
Seat 1: fd27d9e5 folded before Flop (didn't bet)
Seat 3: 68baefc0 (button) folded before Flop (didn't bet)
Seat 4: f610ebff (small blind) folded before Flop
Seat 5: Hero (big blind) collected ($0.1)
Seat 6: 87fa29d1 folded before Flop (didn't bet)


Poker Hand #HD1155436130: Hold'em No Limit  ($0.02/$0.05) - 2023/03/11 12:28:11
Table 'NLHBlue71' 6-max Seat #1 is the button
Seat 1: fd27d9e5 ($8.92 in chips)
Seat 3: 68baefc0 ($6.31 in chips)
Seat 4: f610ebff ($7.19 in chips)
Seat 5: Hero ($5.13 in chips)
Seat 6: 87fa29d1 ($5.22 in chips)
68baefc0: posts small blind $0.02
f610ebff: posts big blind $0.05
*** HOLE CARDS ***
Dealt to fd27d9e5 
Dealt to 68baefc0 
Dealt to f610ebff 
Dealt to Hero [Ac 6h]
Dealt to 87fa29d1 
Hero: folds
87fa29d1: folds
fd27d9e5: folds
68baefc0: raises $0.06 to $0.11
f610ebff: folds
Uncalled bet ($0.06) returned to 68baefc0
*** SHOWDOWN ***
68baefc0 collected $0.1 from pot
*** SUMMARY ***
Total pot $0.1 | Rake $0 | Jackpot $0 | Bingo $0 | Fortune $0
Seat 1: fd27d9e5 (button) folded before Flop (didn't bet)
Seat 3: 68baefc0 (small blind) collected ($0.1)
Seat 4: f610ebff (big blind) folded before Flop
Seat 5: Hero folded before Flop (didn't bet)
Seat 6: 87fa29d1 folded before Flop (didn't bet)


Poker Hand #HD1155436081: Hold'em No Limit  ($0.02/$0.05) - 2023/03/11 12:27:54
Table 'NLHBlue71' 6-max Seat #6 is the button
Seat 1: fd27d9e5 ($8.94 in chips)
Seat 3: 68baefc0 ($6.36 in chips)
Seat 4: f610ebff ($7.19 in chips)
Seat 5: Hero ($5.13 in chips)
Seat 6: 87fa29d1 ($5.15 in chips)
fd27d9e5: posts small blind $0.02
68baefc0: posts big blind $0.05
*** HOLE CARDS ***
Dealt to fd27d9e5 
Dealt to 68baefc0 
Dealt to f610ebff 
Dealt to Hero [7s 2h]
Dealt to 87fa29d1 
f610ebff: folds
Hero: folds
87fa29d1: raises $0.08 to $0.13
fd27d9e5: folds
68baefc0: folds
Uncalled bet ($0.08) returned to 87fa29d1
*** SHOWDOWN ***
87fa29d1 collected $0.12 from pot
*** SUMMARY ***
Total pot $0.12 | Rake $0 | Jackpot $0 | Bingo $0 | Fortune $0
Seat 1: fd27d9e5 (small blind) folded before Flop
Seat 3: 68baefc0 (big blind) folded before Flop
Seat 4: f610ebff folded before Flop (didn't bet)
Seat 5: Hero folded before Flop (didn't bet)
Seat 6: 87fa29d1 (button) collected ($0.12)


Poker Hand #HD1155436032: Hold'em No Limit  ($0.02/$0.05) - 2023/03/11 12:27:35
Table 'NLHBlue71' 6-max Seat #5 is the button
Seat 1: fd27d9e5 ($9.06 in chips)
Seat 3: 68baefc0 ($6.36 in chips)
Seat 4: f610ebff ($7.19 in chips)
Seat 5: Hero ($5 in chips)
Seat 6: 87fa29d1 ($5.17 in chips)
87fa29d1: posts small blind $0.02
fd27d9e5: posts big blind $0.05
*** HOLE CARDS ***
Dealt to fd27d9e5 
Dealt to 68baefc0 
Dealt to f610ebff 
Dealt to Hero [Ad Td]
Dealt to 87fa29d1 
68baefc0: folds
f610ebff: folds
Hero: raises $0.07 to $0.12
87fa29d1: folds
fd27d9e5: calls $0.07
*** FLOP *** [Qs 4d Tc]
fd27d9e5: checks
Hero: bets $0.09
fd27d9e5: folds
Uncalled bet ($0.09) returned to Hero
*** SHOWDOWN ***
Hero collected $0.25 from pot
*** SUMMARY ***
Total pot $0.26 | Rake $0.01 | Jackpot $0 | Bingo $0 | Fortune $0
Board [Qs 4d Tc]
Seat 1: fd27d9e5 (big blind) folded on the Flop
Seat 3: 68baefc0 folded before Flop (didn't bet)
Seat 4: f610ebff folded before Flop (didn't bet)
Seat 5: Hero (button) won ($0.25)
Seat 6: 87fa29d1 (small blind) folded before Flop


Poker Hand #HD1155435846: Hold'em No Limit  ($0.02/$0.05) - 2023/03/11 12:26:13
Table 'NLHBlue71' 6-max Seat #4 is the button
Seat 1: fd27d9e5 ($5 in chips)
Seat 2: 3637d8e ($4.48 in chips)
Seat 3: 68baefc0 ($6.36 in chips)
Seat 4: f610ebff ($7.19 in chips)
Seat 5: Hero ($5 in chips)
Seat 6: 87fa29d1 ($5.22 in chips)
Hero: posts small blind $0.02
87fa29d1: posts big blind $0.05
*** HOLE CARDS ***
Dealt to fd27d9e5 
Dealt to 3637d8e 
Dealt to 68baefc0 
Dealt to f610ebff 
Dealt to Hero [4c 2s]
Dealt to 87fa29d1 
fd27d9e5: raises $0.08 to $0.13
3637d8e: raises $0.08 to $0.21
68baefc0: folds
f610ebff: folds
Hero: folds
87fa29d1: folds
fd27d9e5: calls $0.08
*** FLOP *** [7s 8h Ts]
fd27d9e5: checks
3637d8e: bets $0.2
fd27d9e5: raises $0.7 to $0.9
3637d8e: calls $0.7
*** TURN *** [7s 8h Ts] [4h]
fd27d9e5: bets $1.72
3637d8e: raises $1.65 to $3.37 and is all-in
fd27d9e5: calls $1.65
3637d8e: shows [Tc Qh] (Pair of Tens)
fd27d9e5: shows [7d 7c] (Three Sevens)
*** RIVER *** [7s 8h Ts 4h] [3c]
*** SHOWDOWN ***
fd27d9e5 collected $8.54 from pot
*** SUMMARY ***
Total pot $9.03 | Rake $0.44 | Jackpot $0.05 | Bingo $0 | Fortune $0
Board [7s 8h Ts 4h 3c]
Seat 1: fd27d9e5 showed [7d 7c] and won ($8.54) with Three Sevens
Seat 2: 3637d8e showed [Tc Qh] and lost with Pair of Tens
Seat 3: 68baefc0 folded before Flop (didn't bet)
Seat 4: f610ebff (button) folded before Flop (didn't bet)
Seat 5: Hero (small blind) folded before Flop
Seat 6: 87fa29d1 (big blind) folded before Flop


Poker Hand #HD1155435820: Hold'em No Limit  ($0.02/$0.05) - 2023/03/11 12:25:59
Table 'NLHBlue71' 6-max Seat #3 is the button
Seat 1: fd27d9e5 ($5 in chips)
Seat 2: 3637d8e ($4.48 in chips)
Seat 3: 68baefc0 ($6.36 in chips)
Seat 4: f610ebff ($7.14 in chips)
Seat 5: Hero ($5 in chips)
Seat 6: 87fa29d1 ($5.22 in chips)
f610ebff: posts small blind $0.02
Hero: posts big blind $0.05
*** HOLE CARDS ***
Dealt to fd27d9e5 
Dealt to 3637d8e 
Dealt to 68baefc0 
Dealt to f610ebff 
Dealt to Hero [9s 2d]
Dealt to 87fa29d1 
87fa29d1: folds
fd27d9e5: folds
3637d8e: folds
68baefc0: folds
f610ebff: raises $0.1 to $0.15
Hero: folds
Uncalled bet ($0.1) returned to f610ebff
*** SHOWDOWN ***
f610ebff collected $0.1 from pot
*** SUMMARY ***
Total pot $0.1 | Rake $0 | Jackpot $0 | Bingo $0 | Fortune $0
Seat 1: fd27d9e5 folded before Flop (didn't bet)
Seat 2: 3637d8e folded before Flop (didn't bet)
Seat 3: 68baefc0 (button) folded before Flop (didn't bet)
Seat 4: f610ebff (small blind) collected ($0.1)
Seat 5: Hero (big blind) folded before Flop
Seat 6: 87fa29d1 folded before Flop (didn't bet)


Poker Hand #HD1155435692: Hold'em No Limit  ($0.02/$0.05) - 2023/03/11 12:25:08
Table 'NLHBlue71' 6-max Seat #2 is the button
Seat 1: fd27d9e5 ($5 in chips)
Seat 2: 3637d8e ($4.48 in chips)
Seat 3: 68baefc0 ($6.38 in chips)
Seat 4: f610ebff ($6.42 in chips)
Seat 5: Hero ($5 in chips)
Seat 6: 87fa29d1 ($5.22 in chips)
68baefc0: posts small blind $0.02
f610ebff: posts big blind $0.05
*** HOLE CARDS ***
Dealt to fd27d9e5 
Dealt to 3637d8e 
Dealt to 68baefc0 
Dealt to f610ebff 
Dealt to Hero [7s 5c]
Dealt to 87fa29d1 
Hero: folds
87fa29d1: folds
fd27d9e5: raises $0.08 to $0.13
3637d8e: folds
68baefc0: folds
f610ebff: calls $0.08
*** FLOP *** [9c 6s Ts]
f610ebff: checks
fd27d9e5: checks
*** TURN *** [9c 6s Ts] [Qd]
f610ebff: bets $0.14
fd27d9e5: calls $0.14
*** RIVER *** [9c 6s Ts Qd] [5h]
f610ebff: bets $0.56
fd27d9e5: calls $0.56
f610ebff: shows [Jc Kd] (Kings-High Straight)
fd27d9e5: shows [Qh Kh] (Pair of Queens)
*** SHOWDOWN ***
f610ebff collected $1.55 from pot
*** SUMMARY ***
Total pot $1.68 | Rake $0.08 | Jackpot $0.05 | Bingo $0 | Fortune $0
Board [9c 6s Ts Qd 5h]
Seat 1: fd27d9e5 showed [Qh Kh] and lost with Pair of Queens
Seat 2: 3637d8e (button) folded before Flop (didn't bet)
Seat 3: 68baefc0 (small blind) folded before Flop
Seat 4: f610ebff (big blind) showed [Jc Kd] and won ($1.55) with Kings-High Straight
Seat 5: Hero folded before Flop (didn't bet)
Seat 6: 87fa29d1 folded before Flop (didn't bet)


Poker Hand #HD1155355606: Hold'em No Limit  ($0.02/$0.05) - 2023/03/11 12:24:32
Table 'NLHBlue71' 6-max Seat #1 is the button
Seat 1: fd27d9e5 ($5 in chips)
Seat 2: 3637d8e ($4.58 in chips)
Seat 3: 68baefc0 ($6.43 in chips)
Seat 4: f610ebff ($6.18 in chips)
Seat 5: Hero ($5 in chips)
Seat 6: 87fa29d1 ($5.22 in chips)
3637d8e: posts small blind $0.02
68baefc0: posts big blind $0.05
*** HOLE CARDS ***
Dealt to fd27d9e5 
Dealt to 3637d8e 
Dealt to 68baefc0 
Dealt to f610ebff 
Dealt to Hero [Tc 5h]
Dealt to 87fa29d1 
f610ebff: raises $0.05 to $0.1
Hero: folds
87fa29d1: folds
fd27d9e5: calls $0.1
3637d8e: calls $0.08
68baefc0: folds
*** FLOP *** [9s Ks 9c]
3637d8e: checks
f610ebff: bets $0.12
fd27d9e5: folds
3637d8e: folds
Uncalled bet ($0.12) returned to f610ebff
*** SHOWDOWN ***
f610ebff collected $0.34 from pot
*** SUMMARY ***
Total pot $0.35 | Rake $0.01 | Jackpot $0 | Bingo $0 | Fortune $0
Board [9s Ks 9c]
Seat 1: fd27d9e5 (button) folded on the Flop
Seat 2: 3637d8e (small blind) folded on the Flop
Seat 3: 68baefc0 (big blind) folded before Flop
Seat 4: f610ebff won ($0.34)
Seat 5: Hero folded before Flop (didn't bet)
Seat 6: 87fa29d1 folded before Flop (didn't bet)


Poker Hand #HD1155355481: Hold'em No Limit  ($0.02/$0.05) - 2023/03/11 12:23:37
Table 'NLHBlue71' 6-max Seat #6 is the button
Seat 1: fd27d9e5 ($5.11 in chips)
Seat 2: 3637d8e ($4.4 in chips)
Seat 3: 68baefc0 ($6.43 in chips)
Seat 4: f610ebff ($6.18 in chips)
Seat 5: Hero ($5 in chips)
Seat 6: 87fa29d1 ($5.22 in chips)
fd27d9e5: posts small blind $0.02
3637d8e: posts big blind $0.05
*** HOLE CARDS ***
Dealt to fd27d9e5 
Dealt to 3637d8e 
Dealt to 68baefc0 
Dealt to f610ebff 
Dealt to Hero [7h 6d]
Dealt to 87fa29d1 
68baefc0: folds
f610ebff: folds
Hero: folds
87fa29d1: folds
fd27d9e5: calls $0.03
3637d8e: checks
*** FLOP *** [7s 3s 4h]
fd27d9e5: bets $0.05
3637d8e: calls $0.05
*** TURN *** [7s 3s 4h] [Qc]
fd27d9e5: bets $0.1
3637d8e: calls $0.1
*** RIVER *** [7s 3s 4h Qc] [Kh]
fd27d9e5: checks
3637d8e: bets $0.3
fd27d9e5: folds
Uncalled bet ($0.3) returned to 3637d8e
*** SHOWDOWN ***
3637d8e collected $0.38 from pot
*** SUMMARY ***
Total pot $0.4 | Rake $0.02 | Jackpot $0 | Bingo $0 | Fortune $0
Board [7s 3s 4h Qc Kh]
Seat 1: fd27d9e5 (small blind) folded on the River
Seat 2: 3637d8e (big blind) won ($0.38)
Seat 3: 68baefc0 folded before Flop (didn't bet)
Seat 4: f610ebff folded before Flop (didn't bet)
Seat 5: Hero folded before Flop (didn't bet)
Seat 6: 87fa29d1 (button) folded before Flop (didn't bet)


Poker Hand #HD1155355392: Hold'em No Limit  ($0.02/$0.05) - 2023/03/11 12:22:59
Table 'NLHBlue71' 6-max Seat #5 is the button
Seat 1: fd27d9e5 ($5 in chips)
Seat 2: 3637d8e ($4.4 in chips)
Seat 3: 68baefc0 ($6.43 in chips)
Seat 4: f610ebff ($6.28 in chips)
Seat 5: Hero ($5 in chips)
Seat 6: 87fa29d1 ($5.24 in chips)
87fa29d1: posts small blind $0.02
fd27d9e5: posts big blind $0.05
*** HOLE CARDS ***
Dealt to fd27d9e5 
Dealt to 3637d8e 
Dealt to 68baefc0 
Dealt to f610ebff 
Dealt to Hero [8c Jh]
Dealt to 87fa29d1 
3637d8e: folds
68baefc0: folds
f610ebff: raises $0.05 to $0.1
Hero: folds
87fa29d1: folds
fd27d9e5: raises $0.26 to $0.36
f610ebff: folds
Uncalled bet ($0.26) returned to fd27d9e5
*** SHOWDOWN ***
fd27d9e5 collected $0.21 from pot
*** SUMMARY ***
Total pot $0.22 | Rake $0.01 | Jackpot $0 | Bingo $0 | Fortune $0
Seat 1: fd27d9e5 (big blind) collected ($0.21)
Seat 2: 3637d8e folded before Flop (didn't bet)
Seat 3: 68baefc0 folded before Flop (didn't bet)
Seat 4: f610ebff folded before Flop
Seat 5: Hero (button) folded before Flop (didn't bet)
Seat 6: 87fa29d1 (small blind) folded before Flop


Poker Hand #HD1155355354: Hold'em No Limit  ($0.02/$0.05) - 2023/03/11 12:22:42
Table 'NLHBlue71' 6-max Seat #4 is the button
Seat 1: fd27d9e5 ($5 in chips)
Seat 2: 3637d8e ($4.4 in chips)
Seat 3: 68baefc0 ($6.36 in chips)
Seat 4: f610ebff ($6.28 in chips)
Seat 5: Hero ($5 in chips)
Seat 6: 87fa29d1 ($5.29 in chips)
Hero: posts small blind $0.02
87fa29d1: posts big blind $0.05
*** HOLE CARDS ***
Dealt to fd27d9e5 
Dealt to 3637d8e 
Dealt to 68baefc0 
Dealt to f610ebff 
Dealt to Hero [4h 4c]
Dealt to 87fa29d1 
fd27d9e5: folds
3637d8e: folds
68baefc0: raises $0.08 to $0.13
f610ebff: folds
Hero: folds
87fa29d1: folds
Uncalled bet ($0.08) returned to 68baefc0
*** SHOWDOWN ***
68baefc0 collected $0.12 from pot
*** SUMMARY ***
Total pot $0.12 | Rake $0 | Jackpot $0 | Bingo $0 | Fortune $0
Seat 1: fd27d9e5 folded before Flop (didn't bet)
Seat 2: 3637d8e folded before Flop (didn't bet)
Seat 3: 68baefc0 collected ($0.12)
Seat 4: f610ebff (button) folded before Flop (didn't bet)
Seat 5: Hero (small blind) folded before Flop
Seat 6: 87fa29d1 (big blind) folded before Flop


Poker Hand #HD1155355321: Hold'em No Limit  ($0.02/$0.05) - 2023/03/11 12:22:29
Table 'NLHBlue71' 6-max Seat #3 is the button
Seat 1: fd27d9e5 ($5 in chips)
Seat 2: 3637d8e ($4.4 in chips)
Seat 3: 68baefc0 ($6.36 in chips)
Seat 4: f610ebff ($6.3 in chips)
Seat 5: Hero ($5 in chips)
Seat 6: 87fa29d1 ($5.22 in chips)
f610ebff: posts small blind $0.02
Hero: posts big blind $0.05
*** HOLE CARDS ***
Dealt to fd27d9e5 
Dealt to 3637d8e 
Dealt to 68baefc0 
Dealt to f610ebff 
Dealt to Hero [5d 6c]
Dealt to 87fa29d1 
87fa29d1: raises $0.08 to $0.13
fd27d9e5: folds
3637d8e: folds
68baefc0: folds
f610ebff: folds
Hero: folds
Uncalled bet ($0.08) returned to 87fa29d1
*** SHOWDOWN ***
87fa29d1 collected $0.12 from pot
*** SUMMARY ***
Total pot $0.12 | Rake $0 | Jackpot $0 | Bingo $0 | Fortune $0
Seat 1: fd27d9e5 folded before Flop (didn't bet)
Seat 2: 3637d8e folded before Flop (didn't bet)
Seat 3: 68baefc0 (button) folded before Flop (didn't bet)
Seat 4: f610ebff (small blind) folded before Flop
Seat 5: Hero (big blind) folded before Flop
Seat 6: 87fa29d1 collected ($0.12)


