Poker Hand #HD1163158595: Hold'em No Limit  ($0.02/$0.05) - 2023/03/16 20:10:21
Table 'NLHBlue114' 6-max Seat #4 is the button
Seat 1: 609cbf14 ($10.47 in chips)
Seat 2: Hero ($7.16 in chips)
Seat 3: b560beff ($5.09 in chips)
Seat 4: f1cea915 ($6.41 in chips)
Seat 5: 22cf30fb ($5.29 in chips)
Seat 6: 352327f6 ($6.18 in chips)
22cf30fb: posts small blind $0.02
352327f6: posts big blind $0.05
*** HOLE CARDS ***
Dealt to 609cbf14 
Dealt to Hero [Kd 3s]
Dealt to b560beff 
Dealt to f1cea915 
Dealt to 22cf30fb 
Dealt to 352327f6 
609cbf14: folds
Hero: folds
b560beff: raises $0.08 to $0.13
f1cea915: folds
22cf30fb: folds
352327f6: folds
Uncalled bet ($0.08) returned to b560beff
*** SHOWDOWN ***
b560beff collected $0.12 from pot
*** SUMMARY ***
Total pot $0.12 | Rake $0 | Jackpot $0 | Bingo $0 | Fortune $0
Seat 1: 609cbf14 folded before Flop (didn't bet)
Seat 2: Hero folded before Flop (didn't bet)
Seat 3: b560beff collected ($0.12)
Seat 4: f1cea915 (button) folded before Flop (didn't bet)
Seat 5: 22cf30fb (small blind) folded before Flop
Seat 6: 352327f6 (big blind) folded before Flop


Poker Hand #HD1163158556: Hold'em No Limit  ($0.02/$0.05) - 2023/03/16 20:10:04
Table 'NLHBlue114' 6-max Seat #3 is the button
Seat 1: 609cbf14 ($10.47 in chips)
Seat 2: Hero ($7.16 in chips)
Seat 3: b560beff ($5.09 in chips)
Seat 4: f1cea915 ($6.43 in chips)
Seat 5: 22cf30fb ($5.34 in chips)
Seat 6: 352327f6 ($6.11 in chips)
f1cea915: posts small blind $0.02
22cf30fb: posts big blind $0.05
*** HOLE CARDS ***
Dealt to 609cbf14 
Dealt to Hero [6s Kh]
Dealt to b560beff 
Dealt to f1cea915 
Dealt to 22cf30fb 
Dealt to 352327f6 
352327f6: raises $0.08 to $0.13
609cbf14: folds
Hero: folds
b560beff: folds
f1cea915: folds
22cf30fb: folds
Uncalled bet ($0.08) returned to 352327f6
*** SHOWDOWN ***
352327f6 collected $0.12 from pot
*** SUMMARY ***
Total pot $0.12 | Rake $0 | Jackpot $0 | Bingo $0 | Fortune $0
Seat 1: 609cbf14 folded before Flop (didn't bet)
Seat 2: Hero folded before Flop (didn't bet)
Seat 3: b560beff (button) folded before Flop (didn't bet)
Seat 4: f1cea915 (small blind) folded before Flop
Seat 5: 22cf30fb (big blind) folded before Flop
Seat 6: 352327f6 collected ($0.12)


Poker Hand #HD1163158453: Hold'em No Limit  ($0.02/$0.05) - 2023/03/16 20:09:29
Table 'NLHBlue114' 6-max Seat #2 is the button
Seat 1: 609cbf14 ($10.47 in chips)
Seat 2: Hero ($7.03 in chips)
Seat 3: b560beff ($5.11 in chips)
Seat 4: f1cea915 ($6.55 in chips)
Seat 5: 22cf30fb ($5.34 in chips)
Seat 6: 352327f6 ($6.11 in chips)
b560beff: posts small blind $0.02
f1cea915: posts big blind $0.05
*** HOLE CARDS ***
Dealt to 609cbf14 
Dealt to Hero [Ac Qs]
Dealt to b560beff 
Dealt to f1cea915 
Dealt to 22cf30fb 
Dealt to 352327f6 
22cf30fb: folds
352327f6: folds
609cbf14: folds
Hero: raises $0.07 to $0.12
b560beff: folds
f1cea915: calls $0.07
*** FLOP *** [7d 9h 9c]
f1cea915: checks
Hero: bets $0.13
f1cea915: folds
Uncalled bet ($0.13) returned to Hero
*** SHOWDOWN ***
Hero collected $0.25 from pot
*** SUMMARY ***
Total pot $0.26 | Rake $0.01 | Jackpot $0 | Bingo $0 | Fortune $0
Board [7d 9h 9c]
Seat 1: 609cbf14 folded before Flop (didn't bet)
Seat 2: Hero (button) won ($0.25)
Seat 3: b560beff (small blind) folded before Flop
Seat 4: f1cea915 (big blind) folded on the Flop
Seat 5: 22cf30fb folded before Flop (didn't bet)
Seat 6: 352327f6 folded before Flop (didn't bet)


Poker Hand #HD1163158416: Hold'em No Limit  ($0.02/$0.05) - 2023/03/16 20:09:14
Table 'NLHBlue114' 6-max Seat #1 is the button
Seat 1: 609cbf14 ($10.47 in chips)
Seat 2: Hero ($7.05 in chips)
Seat 3: b560beff ($5.16 in chips)
Seat 4: f1cea915 ($6.55 in chips)
Seat 5: 22cf30fb ($5.34 in chips)
Seat 6: 352327f6 ($6.04 in chips)
Hero: posts small blind $0.02
b560beff: posts big blind $0.05
*** HOLE CARDS ***
Dealt to 609cbf14 
Dealt to Hero [8c 4d]
Dealt to b560beff 
Dealt to f1cea915 
Dealt to 22cf30fb 
Dealt to 352327f6 
f1cea915: folds
22cf30fb: folds
352327f6: raises $0.08 to $0.13
609cbf14: folds
Hero: folds
b560beff: folds
Uncalled bet ($0.08) returned to 352327f6
*** SHOWDOWN ***
352327f6 collected $0.12 from pot
*** SUMMARY ***
Total pot $0.12 | Rake $0 | Jackpot $0 | Bingo $0 | Fortune $0
Seat 1: 609cbf14 (button) folded before Flop (didn't bet)
Seat 2: Hero (small blind) folded before Flop
Seat 3: b560beff (big blind) folded before Flop
Seat 4: f1cea915 folded before Flop (didn't bet)
Seat 5: 22cf30fb folded before Flop (didn't bet)
Seat 6: 352327f6 collected ($0.12)


Poker Hand #HD1163158374: Hold'em No Limit  ($0.02/$0.05) - 2023/03/16 20:08:58
Table 'NLHBlue114' 6-max Seat #6 is the button
Seat 1: 609cbf14 ($10.49 in chips)
Seat 2: Hero ($7.1 in chips)
Seat 3: b560beff ($5.09 in chips)
Seat 4: f1cea915 ($6.55 in chips)
Seat 5: 22cf30fb ($5.34 in chips)
Seat 6: 352327f6 ($6.04 in chips)
609cbf14: posts small blind $0.02
Hero: posts big blind $0.05
*** HOLE CARDS ***
Dealt to 609cbf14 
Dealt to Hero [4d 2c]
Dealt to b560beff 
Dealt to f1cea915 
Dealt to 22cf30fb 
Dealt to 352327f6 
b560beff: raises $0.08 to $0.13
f1cea915: folds
22cf30fb: folds
352327f6: folds
609cbf14: folds
Hero: folds
Uncalled bet ($0.08) returned to b560beff
*** SHOWDOWN ***
b560beff collected $0.12 from pot
*** SUMMARY ***
Total pot $0.12 | Rake $0 | Jackpot $0 | Bingo $0 | Fortune $0
Seat 1: 609cbf14 (small blind) folded before Flop
Seat 2: Hero (big blind) folded before Flop
Seat 3: b560beff collected ($0.12)
Seat 4: f1cea915 folded before Flop (didn't bet)
Seat 5: 22cf30fb folded before Flop (didn't bet)
Seat 6: 352327f6 (button) folded before Flop (didn't bet)


Poker Hand #HD1163158261: Hold'em No Limit  ($0.02/$0.05) - 2023/03/16 20:08:16
Table 'NLHBlue114' 6-max Seat #5 is the button
Seat 1: 609cbf14 ($10.36 in chips)
Seat 2: Hero ($7.22 in chips)
Seat 3: b560beff ($5.09 in chips)
Seat 4: f1cea915 ($6.55 in chips)
Seat 5: 22cf30fb ($5.34 in chips)
Seat 6: 352327f6 ($6.06 in chips)
352327f6: posts small blind $0.02
609cbf14: posts big blind $0.05
*** HOLE CARDS ***
Dealt to 609cbf14 
Dealt to Hero [Kc Qs]
Dealt to b560beff 
Dealt to f1cea915 
Dealt to 22cf30fb 
Dealt to 352327f6 
Hero: raises $0.07 to $0.12
b560beff: folds
f1cea915: folds
22cf30fb: folds
352327f6: folds
609cbf14: calls $0.07
*** FLOP *** [4h 4c 8c]
609cbf14: checks
Hero: checks
*** TURN *** [4h 4c 8c] [6h]
609cbf14: bets $0.16
Hero: folds
Uncalled bet ($0.16) returned to 609cbf14
*** SHOWDOWN ***
609cbf14 collected $0.25 from pot
*** SUMMARY ***
Total pot $0.26 | Rake $0.01 | Jackpot $0 | Bingo $0 | Fortune $0
Board [4h 4c 8c 6h]
Seat 1: 609cbf14 (big blind) won ($0.25)
Seat 2: Hero folded on the Turn
Seat 3: b560beff folded before Flop (didn't bet)
Seat 4: f1cea915 folded before Flop (didn't bet)
Seat 5: 22cf30fb (button) folded before Flop (didn't bet)
Seat 6: 352327f6 (small blind) folded before Flop


Poker Hand #HD1163158127: Hold'em No Limit  ($0.02/$0.05) - 2023/03/16 20:07:25
Table 'NLHBlue114' 6-max Seat #4 is the button
Seat 1: 609cbf14 ($10.74 in chips)
Seat 2: Hero ($7.22 in chips)
Seat 3: b560beff ($5.09 in chips)
Seat 4: f1cea915 ($6.14 in chips)
Seat 5: 22cf30fb ($5.36 in chips)
Seat 6: 352327f6 ($6.11 in chips)
22cf30fb: posts small blind $0.02
352327f6: posts big blind $0.05
*** HOLE CARDS ***
Dealt to 609cbf14 
Dealt to Hero [6c 6h]
Dealt to b560beff 
Dealt to f1cea915 
Dealt to 22cf30fb 
Dealt to 352327f6 
609cbf14: raises $0.08 to $0.13
Hero: folds
b560beff: folds
f1cea915: raises $0.25 to $0.38
22cf30fb: folds
352327f6: folds
609cbf14: calls $0.25
*** FLOP *** [8s 9c Qd]
609cbf14: checks
f1cea915: bets $0.28
609cbf14: folds
Uncalled bet ($0.28) returned to f1cea915
*** SHOWDOWN ***
f1cea915 collected $0.79 from pot
*** SUMMARY ***
Total pot $0.83 | Rake $0.04 | Jackpot $0 | Bingo $0 | Fortune $0
Board [8s 9c Qd]
Seat 1: 609cbf14 folded on the Flop
Seat 2: Hero folded before Flop (didn't bet)
Seat 3: b560beff folded before Flop (didn't bet)
Seat 4: f1cea915 (button) won ($0.79)
Seat 5: 22cf30fb (small blind) folded before Flop
Seat 6: 352327f6 (big blind) folded before Flop


Poker Hand #HD1163158085: Hold'em No Limit  ($0.02/$0.05) - 2023/03/16 20:07:09
Table 'NLHBlue114' 6-max Seat #3 is the button
Seat 1: 609cbf14 ($10.74 in chips)
Seat 2: Hero ($7.22 in chips)
Seat 3: b560beff ($5.09 in chips)
Seat 4: f1cea915 ($6.16 in chips)
Seat 5: 22cf30fb ($5.34 in chips)
Seat 6: 352327f6 ($6.11 in chips)
f1cea915: posts small blind $0.02
22cf30fb: posts big blind $0.05
*** HOLE CARDS ***
Dealt to 609cbf14 
Dealt to Hero [4d Qd]
Dealt to b560beff 
Dealt to f1cea915 
Dealt to 22cf30fb 
Dealt to 352327f6 
352327f6: folds
609cbf14: folds
Hero: folds
b560beff: folds
f1cea915: folds
Uncalled bet ($0.03) returned to 22cf30fb
*** SHOWDOWN ***
22cf30fb collected $0.04 from pot
*** SUMMARY ***
Total pot $0.04 | Rake $0 | Jackpot $0 | Bingo $0 | Fortune $0
Seat 1: 609cbf14 folded before Flop (didn't bet)
Seat 2: Hero folded before Flop (didn't bet)
Seat 3: b560beff (button) folded before Flop (didn't bet)
Seat 4: f1cea915 (small blind) folded before Flop
Seat 5: 22cf30fb (big blind) collected ($0.04)
Seat 6: 352327f6 folded before Flop (didn't bet)


Poker Hand #HD1163157898: Hold'em No Limit  ($0.02/$0.05) - 2023/03/16 20:05:59
Table 'NLHBlue114' 6-max Seat #2 is the button
Seat 1: 609cbf14 ($10.74 in chips)
Seat 2: Hero ($8.51 in chips)
Seat 3: b560beff ($5.11 in chips)
Seat 4: f1cea915 ($5.02 in chips)
Seat 5: 22cf30fb ($5.34 in chips)
Seat 6: 352327f6 ($6.11 in chips)
b560beff: posts small blind $0.02
f1cea915: posts big blind $0.05
*** HOLE CARDS ***
Dealt to 609cbf14 
Dealt to Hero [Js As]
Dealt to b560beff 
Dealt to f1cea915 
Dealt to 22cf30fb 
Dealt to 352327f6 
22cf30fb: folds
352327f6: folds
609cbf14: folds
Hero: raises $0.09 to $0.14
b560beff: folds
f1cea915: calls $0.09
*** FLOP *** [2s Ah Td]
f1cea915: checks
Hero: bets $0.15
f1cea915: calls $0.15
*** TURN *** [2s Ah Td] [6c]
f1cea915: checks
Hero: bets $0.3
f1cea915: raises $0.7 to $1
Hero: calls $0.7
*** RIVER *** [2s Ah Td 6c] [3d]
f1cea915: bets $1.72
Hero: folds
Uncalled bet ($1.72) returned to f1cea915
*** SHOWDOWN ***
f1cea915 collected $2.43 from pot
*** SUMMARY ***
Total pot $2.6 | Rake $0.12 | Jackpot $0.05 | Bingo $0 | Fortune $0
Board [2s Ah Td 6c 3d]
Seat 1: 609cbf14 folded before Flop (didn't bet)
Seat 2: Hero (button) folded on the River
Seat 3: b560beff (small blind) folded before Flop
Seat 4: f1cea915 (big blind) won ($2.43)
Seat 5: 22cf30fb folded before Flop (didn't bet)
Seat 6: 352327f6 folded before Flop (didn't bet)


Poker Hand #HD1163157773: Hold'em No Limit  ($0.02/$0.05) - 2023/03/16 20:05:13
Table 'NLHBlue114' 6-max Seat #1 is the button
Seat 1: 609cbf14 ($11.04 in chips)
Seat 2: Hero ($8.53 in chips)
Seat 3: b560beff ($5.16 in chips)
Seat 4: f1cea915 ($5.02 in chips)
Seat 5: 22cf30fb ($5 in chips)
Seat 6: 352327f6 ($6.11 in chips)
Hero: posts small blind $0.02
b560beff: posts big blind $0.05
*** HOLE CARDS ***
Dealt to 609cbf14 
Dealt to Hero [8h 6c]
Dealt to b560beff 
Dealt to f1cea915 
Dealt to 22cf30fb 
Dealt to 352327f6 
f1cea915: folds
22cf30fb: raises $0.05 to $0.1
352327f6: folds
609cbf14: raises $0.2 to $0.3
Hero: folds
b560beff: folds
22cf30fb: calls $0.2
*** FLOP *** [7c 4s Qh]
22cf30fb: checks
609cbf14: checks
*** TURN *** [7c 4s Qh] [3h]
22cf30fb: checks
609cbf14: checks
*** RIVER *** [7c 4s Qh 3h] [2s]
22cf30fb: bets $0.67
609cbf14: folds
Uncalled bet ($0.67) returned to 22cf30fb
*** SHOWDOWN ***
22cf30fb collected $0.64 from pot
*** SUMMARY ***
Total pot $0.67 | Rake $0.03 | Jackpot $0 | Bingo $0 | Fortune $0
Board [7c 4s Qh 3h 2s]
Seat 1: 609cbf14 (button) folded on the River
Seat 2: Hero (small blind) folded before Flop
Seat 3: b560beff (big blind) folded before Flop
Seat 4: f1cea915 folded before Flop (didn't bet)
Seat 5: 22cf30fb won ($0.64)
Seat 6: 352327f6 folded before Flop (didn't bet)


Poker Hand #HD1163157733: Hold'em No Limit  ($0.02/$0.05) - 2023/03/16 20:04:59
Table 'NLHBlue114' 6-max Seat #6 is the button
Seat 1: 609cbf14 ($10.99 in chips)
Seat 2: Hero ($8.58 in chips)
Seat 3: b560beff ($5.16 in chips)
Seat 4: f1cea915 ($5.02 in chips)
Seat 5: 22cf30fb ($5 in chips)
Seat 6: 352327f6 ($6.11 in chips)
609cbf14: posts small blind $0.02
Hero: posts big blind $0.05
*** HOLE CARDS ***
Dealt to 609cbf14 
Dealt to Hero [5h Kd]
Dealt to b560beff 
Dealt to f1cea915 
Dealt to 22cf30fb 
Dealt to 352327f6 
b560beff: folds
f1cea915: folds
22cf30fb: folds
352327f6: folds
609cbf14: raises $0.1 to $0.15
Hero: folds
Uncalled bet ($0.1) returned to 609cbf14
*** SHOWDOWN ***
609cbf14 collected $0.1 from pot
*** SUMMARY ***
Total pot $0.1 | Rake $0 | Jackpot $0 | Bingo $0 | Fortune $0
Seat 1: 609cbf14 (small blind) collected ($0.1)
Seat 2: Hero (big blind) folded before Flop
Seat 3: b560beff folded before Flop (didn't bet)
Seat 4: f1cea915 folded before Flop (didn't bet)
Seat 5: 22cf30fb folded before Flop (didn't bet)
Seat 6: 352327f6 (button) folded before Flop (didn't bet)


Poker Hand #HD1163157704: Hold'em No Limit  ($0.02/$0.05) - 2023/03/16 20:04:46
Table 'NLHBlue114' 6-max Seat #5 is the button
Seat 1: 609cbf14 ($11.04 in chips)
Seat 2: Hero ($8.51 in chips)
Seat 3: b560beff ($5.16 in chips)
Seat 4: f1cea915 ($5.02 in chips)
Seat 5: 22cf30fb ($5 in chips)
Seat 6: 352327f6 ($6.13 in chips)
352327f6: posts small blind $0.02
609cbf14: posts big blind $0.05
*** HOLE CARDS ***
Dealt to 609cbf14 
Dealt to Hero [Kc Js]
Dealt to b560beff 
Dealt to f1cea915 
Dealt to 22cf30fb 
Dealt to 352327f6 
Hero: raises $0.07 to $0.12
b560beff: folds
f1cea915: folds
22cf30fb: folds
352327f6: folds
609cbf14: folds
Uncalled bet ($0.07) returned to Hero
*** SHOWDOWN ***
Hero collected $0.12 from pot
*** SUMMARY ***
Total pot $0.12 | Rake $0 | Jackpot $0 | Bingo $0 | Fortune $0
Seat 1: 609cbf14 (big blind) folded before Flop
Seat 2: Hero collected ($0.12)
Seat 3: b560beff folded before Flop (didn't bet)
Seat 4: f1cea915 folded before Flop (didn't bet)
Seat 5: 22cf30fb (button) folded before Flop (didn't bet)
Seat 6: 352327f6 (small blind) folded before Flop


Poker Hand #HD1163157658: Hold'em No Limit  ($0.02/$0.05) - 2023/03/16 20:04:28
Table 'NLHBlue114' 6-max Seat #4 is the button
Seat 1: 609cbf14 ($11.04 in chips)
Seat 2: Hero ($8.44 in chips)
Seat 3: b560beff ($5.16 in chips)
Seat 4: f1cea915 ($5.02 in chips)
Seat 5: 22cf30fb ($5 in chips)
Seat 6: 352327f6 ($6.18 in chips)
22cf30fb: posts small blind $0.02
352327f6: posts big blind $0.05
*** HOLE CARDS ***
Dealt to 609cbf14 
Dealt to Hero [Ts As]
Dealt to b560beff 
Dealt to f1cea915 
Dealt to 22cf30fb 
Dealt to 352327f6 
609cbf14: folds
Hero: raises $0.07 to $0.12
b560beff: folds
f1cea915: folds
22cf30fb: folds
352327f6: folds
Uncalled bet ($0.07) returned to Hero
*** SHOWDOWN ***
Hero collected $0.12 from pot
*** SUMMARY ***
Total pot $0.12 | Rake $0 | Jackpot $0 | Bingo $0 | Fortune $0
Seat 1: 609cbf14 folded before Flop (didn't bet)
Seat 2: Hero collected ($0.12)
Seat 3: b560beff folded before Flop (didn't bet)
Seat 4: f1cea915 (button) folded before Flop (didn't bet)
Seat 5: 22cf30fb (small blind) folded before Flop
Seat 6: 352327f6 (big blind) folded before Flop


Poker Hand #HD1163157625: Hold'em No Limit  ($0.02/$0.05) - 2023/03/16 20:04:14
Table 'NLHBlue114' 6-max Seat #3 is the button
Seat 1: 609cbf14 ($11.04 in chips)
Seat 2: Hero ($8.44 in chips)
Seat 3: b560beff ($5.16 in chips)
Seat 4: f1cea915 ($5.04 in chips)
Seat 5: 22cf30fb ($5 in chips)
Seat 6: 352327f6 ($6.11 in chips)
f1cea915: posts small blind $0.02
22cf30fb: posts big blind $0.05
*** HOLE CARDS ***
Dealt to 609cbf14 
Dealt to Hero [Qs 3s]
Dealt to b560beff 
Dealt to f1cea915 
Dealt to 22cf30fb 
Dealt to 352327f6 
352327f6: raises $0.08 to $0.13
609cbf14: folds
Hero: folds
b560beff: folds
f1cea915: folds
22cf30fb: folds
Uncalled bet ($0.08) returned to 352327f6
*** SHOWDOWN ***
352327f6 collected $0.12 from pot
*** SUMMARY ***
Total pot $0.12 | Rake $0 | Jackpot $0 | Bingo $0 | Fortune $0
Seat 1: 609cbf14 folded before Flop (didn't bet)
Seat 2: Hero folded before Flop (didn't bet)
Seat 3: b560beff (button) folded before Flop (didn't bet)
Seat 4: f1cea915 (small blind) folded before Flop
Seat 5: 22cf30fb (big blind) folded before Flop
Seat 6: 352327f6 collected ($0.12)


Poker Hand #HD1163157518: Hold'em No Limit  ($0.02/$0.05) - 2023/03/16 20:03:38
Table 'NLHBlue114' 6-max Seat #2 is the button
Seat 1: 609cbf14 ($11.04 in chips)
Seat 2: Hero ($8.44 in chips)
Seat 3: b560beff ($4.79 in chips)
Seat 4: f1cea915 ($5.09 in chips)
Seat 5: 22cf30fb ($5.08 in chips)
Seat 6: 352327f6 ($6.11 in chips)
b560beff: posts small blind $0.02
f1cea915: posts big blind $0.05
*** HOLE CARDS ***
Dealt to 609cbf14 
Dealt to Hero [Ah Tc]
Dealt to b560beff 
Dealt to f1cea915 
Dealt to 22cf30fb 
Dealt to 352327f6 
22cf30fb: raises $0.05 to $0.1
352327f6: folds
609cbf14: folds
Hero: folds
b560beff: raises $0.25 to $0.35
f1cea915: folds
22cf30fb: calls $0.25
*** FLOP *** [2h Jh 4s]
b560beff: checks
22cf30fb: checks
*** TURN *** [2h Jh 4s] [7s]
b560beff: bets $0.57
22cf30fb: folds
Uncalled bet ($0.57) returned to b560beff
*** SHOWDOWN ***
b560beff collected $0.72 from pot
*** SUMMARY ***
Total pot $0.75 | Rake $0.03 | Jackpot $0 | Bingo $0 | Fortune $0
Board [2h Jh 4s 7s]
Seat 1: 609cbf14 folded before Flop (didn't bet)
Seat 2: Hero (button) folded before Flop (didn't bet)
Seat 3: b560beff (small blind) won ($0.72)
Seat 4: f1cea915 (big blind) folded before Flop
Seat 5: 22cf30fb folded on the Turn
Seat 6: 352327f6 folded before Flop (didn't bet)


Poker Hand #HD1163157478: Hold'em No Limit  ($0.02/$0.05) - 2023/03/16 20:03:23
Table 'NLHBlue114' 6-max Seat #1 is the button
Seat 1: 609cbf14 ($11.04 in chips)
Seat 2: Hero ($8.46 in chips)
Seat 3: b560beff ($4.84 in chips)
Seat 4: f1cea915 ($5.02 in chips)
Seat 5: 22cf30fb ($5.08 in chips)
Seat 6: 352327f6 ($6.11 in chips)
Hero: posts small blind $0.02
b560beff: posts big blind $0.05
*** HOLE CARDS ***
Dealt to 609cbf14 
Dealt to Hero [7d 8d]
Dealt to b560beff 
Dealt to f1cea915 
Dealt to 22cf30fb 
Dealt to 352327f6 
f1cea915: raises $0.08 to $0.13
22cf30fb: folds
352327f6: folds
609cbf14: folds
Hero: folds
b560beff: folds
Uncalled bet ($0.08) returned to f1cea915
*** SHOWDOWN ***
f1cea915 collected $0.12 from pot
*** SUMMARY ***
Total pot $0.12 | Rake $0 | Jackpot $0 | Bingo $0 | Fortune $0
Seat 1: 609cbf14 (button) folded before Flop (didn't bet)
Seat 2: Hero (small blind) folded before Flop
Seat 3: b560beff (big blind) folded before Flop
Seat 4: f1cea915 collected ($0.12)
Seat 5: 22cf30fb folded before Flop (didn't bet)
Seat 6: 352327f6 folded before Flop (didn't bet)


Poker Hand #HD1163157380: Hold'em No Limit  ($0.02/$0.05) - 2023/03/16 20:02:41
Table 'NLHBlue114' 6-max Seat #6 is the button
Seat 1: 609cbf14 ($10.9 in chips)
Seat 2: Hero ($8.61 in chips)
Seat 3: b560beff ($4.84 in chips)
Seat 4: f1cea915 ($5.02 in chips)
Seat 5: 22cf30fb ($5.08 in chips)
Seat 6: 352327f6 ($6.11 in chips)
609cbf14: posts small blind $0.02
Hero: posts big blind $0.05
*** HOLE CARDS ***
Dealt to 609cbf14 
Dealt to Hero [Td Kh]
Dealt to b560beff 
Dealt to f1cea915 
Dealt to 22cf30fb 
Dealt to 352327f6 
b560beff: folds
f1cea915: folds
22cf30fb: folds
352327f6: folds
609cbf14: raises $0.1 to $0.15
Hero: calls $0.1
*** FLOP *** [Qs 4c 7d]
609cbf14: checks
Hero: checks
*** TURN *** [Qs 4c 7d] [9s]
609cbf14: checks
Hero: checks
*** RIVER *** [Qs 4c 7d 9s] [Qh]
609cbf14: checks
Hero: checks
609cbf14: shows [Tc Ad] (Pair of Queens)
Hero: shows [Td Kh] (Pair of Queens)
*** SHOWDOWN ***
609cbf14 collected $0.29 from pot
*** SUMMARY ***
Total pot $0.3 | Rake $0.01 | Jackpot $0 | Bingo $0 | Fortune $0
Board [Qs 4c 7d 9s Qh]
Seat 1: 609cbf14 (small blind) showed [Tc Ad] and won ($0.29) with Pair of Queens
Seat 2: Hero (big blind) showed [Td Kh] and lost with Pair of Queens
Seat 3: b560beff folded before Flop (didn't bet)
Seat 4: f1cea915 folded before Flop (didn't bet)
Seat 5: 22cf30fb folded before Flop (didn't bet)
Seat 6: 352327f6 (button) folded before Flop (didn't bet)


Poker Hand #HD1163157332: Hold'em No Limit  ($0.02/$0.05) - 2023/03/16 20:02:24
Table 'NLHBlue114' 6-max Seat #5 is the button
Seat 1: 609cbf14 ($10.88 in chips)
Seat 2: Hero ($8.61 in chips)
Seat 3: b560beff ($4.84 in chips)
Seat 4: f1cea915 ($5.02 in chips)
Seat 5: 22cf30fb ($5.08 in chips)
Seat 6: 352327f6 ($6.13 in chips)
352327f6: posts small blind $0.02
609cbf14: posts big blind $0.05
*** HOLE CARDS ***
Dealt to 609cbf14 
Dealt to Hero [4h 8h]
Dealt to b560beff 
Dealt to f1cea915 
Dealt to 22cf30fb 
Dealt to 352327f6 
Hero: folds
b560beff: folds
f1cea915: folds
22cf30fb: folds
352327f6: folds
Uncalled bet ($0.03) returned to 609cbf14
*** SHOWDOWN ***
609cbf14 collected $0.04 from pot
*** SUMMARY ***
Total pot $0.04 | Rake $0 | Jackpot $0 | Bingo $0 | Fortune $0
Seat 1: 609cbf14 (big blind) collected ($0.04)
Seat 2: Hero folded before Flop (didn't bet)
Seat 3: b560beff folded before Flop (didn't bet)
Seat 4: f1cea915 folded before Flop (didn't bet)
Seat 5: 22cf30fb (button) folded before Flop (didn't bet)
Seat 6: 352327f6 (small blind) folded before Flop


Poker Hand #HD1163157294: Hold'em No Limit  ($0.02/$0.05) - 2023/03/16 20:02:08
Table 'NLHBlue114' 6-max Seat #4 is the button
Seat 1: 609cbf14 ($10.88 in chips)
Seat 2: Hero ($8.61 in chips)
Seat 3: b560beff ($4.84 in chips)
Seat 4: f1cea915 ($5.02 in chips)
Seat 5: 22cf30fb ($5.03 in chips)
Seat 6: 352327f6 ($6.18 in chips)
22cf30fb: posts small blind $0.02
352327f6: posts big blind $0.05
*** HOLE CARDS ***
Dealt to 609cbf14 
Dealt to Hero [Kh 3h]
Dealt to b560beff 
Dealt to f1cea915 
Dealt to 22cf30fb 
Dealt to 352327f6 
609cbf14: folds
Hero: folds
b560beff: folds
f1cea915: folds
22cf30fb: raises $0.05 to $0.1
352327f6: folds
Uncalled bet ($0.05) returned to 22cf30fb
*** SHOWDOWN ***
22cf30fb collected $0.1 from pot
*** SUMMARY ***
Total pot $0.1 | Rake $0 | Jackpot $0 | Bingo $0 | Fortune $0
Seat 1: 609cbf14 folded before Flop (didn't bet)
Seat 2: Hero folded before Flop (didn't bet)
Seat 3: b560beff folded before Flop (didn't bet)
Seat 4: f1cea915 (button) folded before Flop (didn't bet)
Seat 5: 22cf30fb (small blind) collected ($0.1)
Seat 6: 352327f6 (big blind) folded before Flop


Poker Hand #HD1163157227: Hold'em No Limit  ($0.02/$0.05) - 2023/03/16 20:01:36
Table 'NLHBlue114' 6-max Seat #3 is the button
Seat 1: 609cbf14 ($10.88 in chips)
Seat 2: Hero ($8.61 in chips)
Seat 3: b560beff ($4.77 in chips)
Seat 4: f1cea915 ($5.04 in chips)
Seat 5: 22cf30fb ($5.02 in chips)
Seat 6: 352327f6 ($6.18 in chips)
f1cea915: posts small blind $0.02
22cf30fb: posts big blind $0.05
*** HOLE CARDS ***
Dealt to 609cbf14 
Dealt to Hero [4h 3s]
Dealt to b560beff 
Dealt to f1cea915 
Dealt to 22cf30fb 
Dealt to 352327f6 
352327f6: folds
609cbf14: folds
Hero: folds
b560beff: raises $0.08 to $0.13
f1cea915: folds
22cf30fb: folds
Uncalled bet ($0.08) returned to b560beff
*** SHOWDOWN ***
b560beff collected $0.12 from pot
*** SUMMARY ***
Total pot $0.12 | Rake $0 | Jackpot $0 | Bingo $0 | Fortune $0
Seat 1: 609cbf14 folded before Flop (didn't bet)
Seat 2: Hero folded before Flop (didn't bet)
Seat 3: b560beff (button) collected ($0.12)
Seat 4: f1cea915 (small blind) folded before Flop
Seat 5: 22cf30fb (big blind) folded before Flop
Seat 6: 352327f6 folded before Flop (didn't bet)


Poker Hand #HD1163157106: Hold'em No Limit  ($0.02/$0.05) - 2023/03/16 20:00:48
Table 'NLHBlue114' 6-max Seat #2 is the button
Seat 1: 609cbf14 ($10.88 in chips)
Seat 2: Hero ($8.61 in chips)
Seat 3: b560beff ($4.79 in chips)
Seat 4: f1cea915 ($4.93 in chips)
Seat 5: 22cf30fb ($5.12 in chips)
Seat 6: 352327f6 ($6.18 in chips)
b560beff: posts small blind $0.02
f1cea915: posts big blind $0.05
*** HOLE CARDS ***
Dealt to 609cbf14 
Dealt to Hero [3s 7h]
Dealt to b560beff 
Dealt to f1cea915 
Dealt to 22cf30fb 
Dealt to 352327f6 
22cf30fb: raises $0.05 to $0.1
352327f6: folds
609cbf14: folds
Hero: folds
b560beff: folds
f1cea915: calls $0.05
*** FLOP *** [4s Qc 2h]
f1cea915: checks
22cf30fb: checks
*** TURN *** [4s Qc 2h] [3d]
f1cea915: bets $0.3
22cf30fb: folds
Uncalled bet ($0.3) returned to f1cea915
*** SHOWDOWN ***
f1cea915 collected $0.21 from pot
*** SUMMARY ***
Total pot $0.22 | Rake $0.01 | Jackpot $0 | Bingo $0 | Fortune $0
Board [4s Qc 2h 3d]
Seat 1: 609cbf14 folded before Flop (didn't bet)
Seat 2: Hero (button) folded before Flop (didn't bet)
Seat 3: b560beff (small blind) folded before Flop
Seat 4: f1cea915 (big blind) won ($0.21)
Seat 5: 22cf30fb folded on the Turn
Seat 6: 352327f6 folded before Flop (didn't bet)


Poker Hand #HD1163156989: Hold'em No Limit  ($0.02/$0.05) - 2023/03/16 19:59:57
Table 'NLHBlue114' 6-max Seat #1 is the button
Seat 1: 609cbf14 ($10.88 in chips)
Seat 2: Hero ($8.48 in chips)
Seat 3: b560beff ($4.93 in chips)
Seat 4: f1cea915 ($4.93 in chips)
Seat 5: 22cf30fb ($5.12 in chips)
Seat 6: 352327f6 ($6.18 in chips)
Hero: posts small blind $0.02
b560beff: posts big blind $0.05
*** HOLE CARDS ***
Dealt to 609cbf14 
Dealt to Hero [Qc 9h]
Dealt to b560beff 
Dealt to f1cea915 
Dealt to 22cf30fb 
Dealt to 352327f6 
f1cea915: folds
22cf30fb: folds
352327f6: folds
609cbf14: folds
Hero: raises $0.09 to $0.14
b560beff: calls $0.09
*** FLOP *** [3c 3h 4s]
Hero: checks
b560beff: checks
*** TURN *** [3c 3h 4s] [Ac]
Hero: checks
b560beff: checks
*** RIVER *** [3c 3h 4s Ac] [6h]
Hero: checks
b560beff: checks
Hero: shows [Qc 9h] (Pair of Treys)
b560beff: shows [Th 9c] (Pair of Treys)
*** SHOWDOWN ***
Hero collected $0.27 from pot
*** SUMMARY ***
Total pot $0.28 | Rake $0.01 | Jackpot $0 | Bingo $0 | Fortune $0
Board [3c 3h 4s Ac 6h]
Seat 1: 609cbf14 (button) folded before Flop (didn't bet)
Seat 2: Hero (small blind) showed [Qc 9h] and won ($0.27) with Pair of Treys
Seat 3: b560beff (big blind) showed [Th 9c] and lost with Pair of Treys
Seat 4: f1cea915 folded before Flop (didn't bet)
Seat 5: 22cf30fb folded before Flop (didn't bet)
Seat 6: 352327f6 folded before Flop (didn't bet)


Poker Hand #HD1163156792: Hold'em No Limit  ($0.02/$0.05) - 2023/03/16 19:58:41
Table 'NLHBlue114' 6-max Seat #6 is the button
Seat 1: 609cbf14 ($10.9 in chips)
Seat 2: Hero ($8.59 in chips)
Seat 3: b560beff ($4.93 in chips)
Seat 4: f1cea915 ($4.6 in chips)
Seat 5: 22cf30fb ($5.12 in chips)
Seat 6: 352327f6 ($6.41 in chips)
609cbf14: posts small blind $0.02
Hero: posts big blind $0.05
*** HOLE CARDS ***
Dealt to 609cbf14 
Dealt to Hero [2d 2c]
Dealt to b560beff 
Dealt to f1cea915 
Dealt to 22cf30fb 
Dealt to 352327f6 
b560beff: folds
f1cea915: raises $0.06 to $0.11
22cf30fb: folds
352327f6: calls $0.11
609cbf14: folds
Hero: calls $0.06
*** FLOP *** [Jh 8d 4h]
Hero: checks
f1cea915: checks
352327f6: bets $0.12
Hero: folds
f1cea915: calls $0.12
*** TURN *** [Jh 8d 4h] [Ad]
f1cea915: checks
352327f6: checks
*** RIVER *** [Jh 8d 4h Ad] [7s]
f1cea915: bets $0.8
352327f6: folds
Uncalled bet ($0.8) returned to f1cea915
*** SHOWDOWN ***
f1cea915 collected $0.56 from pot
*** SUMMARY ***
Total pot $0.59 | Rake $0.03 | Jackpot $0 | Bingo $0 | Fortune $0
Board [Jh 8d 4h Ad 7s]
Seat 1: 609cbf14 (small blind) folded before Flop
Seat 2: Hero (big blind) folded on the Flop
Seat 3: b560beff folded before Flop (didn't bet)
Seat 4: f1cea915 won ($0.56)
Seat 5: 22cf30fb folded before Flop (didn't bet)
Seat 6: 352327f6 (button) folded on the River


Poker Hand #HD1163156675: Hold'em No Limit  ($0.02/$0.05) - 2023/03/16 19:57:50
Table 'NLHBlue114' 6-max Seat #5 is the button
Seat 1: 609cbf14 ($10.52 in chips)
Seat 2: Hero ($8.59 in chips)
Seat 3: b560beff ($4.93 in chips)
Seat 4: f1cea915 ($5 in chips)
Seat 5: 22cf30fb ($5.12 in chips)
Seat 6: 352327f6 ($6.43 in chips)
352327f6: posts small blind $0.02
609cbf14: posts big blind $0.05
*** HOLE CARDS ***
Dealt to 609cbf14 
Dealt to Hero [Js 4d]
Dealt to b560beff 
Dealt to f1cea915 
Dealt to 22cf30fb 
Dealt to 352327f6 
Hero: folds
b560beff: folds
f1cea915: raises $0.06 to $0.11
22cf30fb: folds
352327f6: folds
609cbf14: raises $0.29 to $0.4
f1cea915: calls $0.29
*** FLOP *** [Qh Ts 4h]
609cbf14: bets $0.5
f1cea915: folds
Uncalled bet ($0.5) returned to 609cbf14
*** SHOWDOWN ***
609cbf14 collected $0.78 from pot
*** SUMMARY ***
Total pot $0.82 | Rake $0.04 | Jackpot $0 | Bingo $0 | Fortune $0
Board [Qh Ts 4h]
Seat 1: 609cbf14 (big blind) won ($0.78)
Seat 2: Hero folded before Flop (didn't bet)
Seat 3: b560beff folded before Flop (didn't bet)
Seat 4: f1cea915 folded on the Flop
Seat 5: 22cf30fb (button) folded before Flop (didn't bet)
Seat 6: 352327f6 (small blind) folded before Flop


Poker Hand #HD1163156639: Hold'em No Limit  ($0.02/$0.05) - 2023/03/16 19:57:36
Table 'NLHBlue114' 6-max Seat #4 is the button
Seat 1: 609cbf14 ($10.52 in chips)
Seat 2: Hero ($8.59 in chips)
Seat 3: b560beff ($4.93 in chips)
Seat 4: f1cea915 ($4.93 in chips)
Seat 5: 22cf30fb ($5.14 in chips)
Seat 6: 352327f6 ($6.48 in chips)
22cf30fb: posts small blind $0.02
352327f6: posts big blind $0.05
*** HOLE CARDS ***
Dealt to 609cbf14 
Dealt to Hero [3h Qh]
Dealt to b560beff 
Dealt to f1cea915 
Dealt to 22cf30fb 
Dealt to 352327f6 
609cbf14: folds
Hero: folds
b560beff: folds
f1cea915: raises $0.08 to $0.13
22cf30fb: folds
352327f6: folds
Uncalled bet ($0.08) returned to f1cea915
*** SHOWDOWN ***
f1cea915 collected $0.12 from pot
*** SUMMARY ***
Total pot $0.12 | Rake $0 | Jackpot $0 | Bingo $0 | Fortune $0
Seat 1: 609cbf14 folded before Flop (didn't bet)
Seat 2: Hero folded before Flop (didn't bet)
Seat 3: b560beff folded before Flop (didn't bet)
Seat 4: f1cea915 (button) collected ($0.12)
Seat 5: 22cf30fb (small blind) folded before Flop
Seat 6: 352327f6 (big blind) folded before Flop


Poker Hand #HD1163156598: Hold'em No Limit  ($0.02/$0.05) - 2023/03/16 19:57:20
Table 'NLHBlue114' 6-max Seat #3 is the button
Seat 1: 609cbf14 ($10.52 in chips)
Seat 2: Hero ($8.59 in chips)
Seat 3: b560beff ($4.93 in chips)
Seat 4: f1cea915 ($4.95 in chips)
Seat 5: 22cf30fb ($5.12 in chips)
Seat 6: 352327f6 ($6.48 in chips)
f1cea915: posts small blind $0.02
22cf30fb: posts big blind $0.05
*** HOLE CARDS ***
Dealt to 609cbf14 
Dealt to Hero [Jc Ts]
Dealt to b560beff 
Dealt to f1cea915 
Dealt to 22cf30fb 
Dealt to 352327f6 
352327f6: folds
609cbf14: folds
Hero: folds
b560beff: folds
f1cea915: folds
Uncalled bet ($0.03) returned to 22cf30fb
*** SHOWDOWN ***
22cf30fb collected $0.04 from pot
*** SUMMARY ***
Total pot $0.04 | Rake $0 | Jackpot $0 | Bingo $0 | Fortune $0
Seat 1: 609cbf14 folded before Flop (didn't bet)
Seat 2: Hero folded before Flop (didn't bet)
Seat 3: b560beff (button) folded before Flop (didn't bet)
Seat 4: f1cea915 (small blind) folded before Flop
Seat 5: 22cf30fb (big blind) collected ($0.04)
Seat 6: 352327f6 folded before Flop (didn't bet)


Poker Hand #HD1163156532: Hold'em No Limit  ($0.02/$0.05) - 2023/03/16 19:56:55
Table 'NLHBlue114' 6-max Seat #2 is the button
Seat 1: 609cbf14 ($10.52 in chips)
Seat 2: Hero ($8.59 in chips)
Seat 3: b560beff ($4.95 in chips)
Seat 4: f1cea915 ($5 in chips)
Seat 5: 22cf30fb ($5.22 in chips)
Seat 6: 352327f6 ($6.32 in chips)
b560beff: posts small blind $0.02
f1cea915: posts big blind $0.05
*** HOLE CARDS ***
Dealt to 609cbf14 
Dealt to Hero [Ac 4s]
Dealt to b560beff 
Dealt to f1cea915 
Dealt to 22cf30fb 
Dealt to 352327f6 
22cf30fb: raises $0.05 to $0.1
352327f6: raises $0.28 to $0.38
609cbf14: folds
Hero: folds
b560beff: folds
f1cea915: folds
22cf30fb: folds
Uncalled bet ($0.28) returned to 352327f6
*** SHOWDOWN ***
352327f6 collected $0.26 from pot
*** SUMMARY ***
Total pot $0.27 | Rake $0.01 | Jackpot $0 | Bingo $0 | Fortune $0
Seat 1: 609cbf14 folded before Flop (didn't bet)
Seat 2: Hero (button) folded before Flop (didn't bet)
Seat 3: b560beff (small blind) folded before Flop
Seat 4: f1cea915 (big blind) folded before Flop
Seat 5: 22cf30fb folded before Flop
Seat 6: 352327f6 collected ($0.26)


Poker Hand #HD1163156490: Hold'em No Limit  ($0.02/$0.05) - 2023/03/16 19:56:37
Table 'NLHBlue114' 6-max Seat #1 is the button
Seat 1: 609cbf14 ($10.45 in chips)
Seat 2: Hero ($8.61 in chips)
Seat 3: b560beff ($5 in chips)
Seat 4: f1cea915 ($5 in chips)
Seat 5: 22cf30fb ($5.22 in chips)
Seat 6: 352327f6 ($6.32 in chips)
Hero: posts small blind $0.02
b560beff: posts big blind $0.05
*** HOLE CARDS ***
Dealt to 609cbf14 
Dealt to Hero [5d Jh]
Dealt to b560beff 
Dealt to f1cea915 
Dealt to 22cf30fb 
Dealt to 352327f6 
f1cea915: folds
22cf30fb: folds
352327f6: folds
609cbf14: raises $0.08 to $0.13
Hero: folds
b560beff: folds
Uncalled bet ($0.08) returned to 609cbf14
*** SHOWDOWN ***
609cbf14 collected $0.12 from pot
*** SUMMARY ***
Total pot $0.12 | Rake $0 | Jackpot $0 | Bingo $0 | Fortune $0
Seat 1: 609cbf14 (button) collected ($0.12)
Seat 2: Hero (small blind) folded before Flop
Seat 3: b560beff (big blind) folded before Flop
Seat 4: f1cea915 folded before Flop (didn't bet)
Seat 5: 22cf30fb folded before Flop (didn't bet)
Seat 6: 352327f6 folded before Flop (didn't bet)


Poker Hand #HD1163156366: Hold'em No Limit  ($0.02/$0.05) - 2023/03/16 19:55:49
Table 'NLHBlue114' 6-max Seat #6 is the button
Seat 1: 609cbf14 ($10.47 in chips)
Seat 2: Hero ($8.42 in chips)
Seat 4: f1cea915 ($4.6 in chips)
Seat 5: 22cf30fb ($5.22 in chips)
Seat 6: 352327f6 ($6.32 in chips)
609cbf14: posts small blind $0.02
Hero: posts big blind $0.05
*** HOLE CARDS ***
Dealt to 609cbf14 
Dealt to Hero [Qd Tc]
Dealt to f1cea915 
Dealt to 22cf30fb 
Dealt to 352327f6 
f1cea915: raises $0.06 to $0.11
22cf30fb: folds
352327f6: folds
609cbf14: folds
Hero: calls $0.06
*** FLOP *** [4d Qh 6d]
Hero: checks
f1cea915: bets $0.08
Hero: raises $0.22 to $0.3
f1cea915: folds
Uncalled bet ($0.22) returned to Hero
*** SHOWDOWN ***
Hero collected $0.38 from pot
*** SUMMARY ***
Total pot $0.4 | Rake $0.02 | Jackpot $0 | Bingo $0 | Fortune $0
Board [4d Qh 6d]
Seat 1: 609cbf14 (small blind) folded before Flop
Seat 2: Hero (big blind) won ($0.38)
Seat 4: f1cea915 folded on the Flop
Seat 5: 22cf30fb folded before Flop (didn't bet)
Seat 6: 352327f6 (button) folded before Flop (didn't bet)


Poker Hand #HD1163156303: Hold'em No Limit  ($0.02/$0.05) - 2023/03/16 19:55:27
Table 'NLHBlue114' 6-max Seat #5 is the button
Seat 1: 609cbf14 ($10.52 in chips)
Seat 2: Hero ($8.42 in chips)
Seat 3: 9d6cdde9 ($5.07 in chips)
Seat 4: f1cea915 ($4.6 in chips)
Seat 5: 22cf30fb ($5.22 in chips)
Seat 6: 352327f6 ($6.27 in chips)
352327f6: posts small blind $0.02
609cbf14: posts big blind $0.05
*** HOLE CARDS ***
Dealt to 609cbf14 
Dealt to Hero [Qd 5d]
Dealt to 9d6cdde9 
Dealt to f1cea915 
Dealt to 22cf30fb 
Dealt to 352327f6 
Hero: folds
9d6cdde9: folds
f1cea915: folds
22cf30fb: folds
352327f6: raises $0.1 to $0.15
609cbf14: folds
Uncalled bet ($0.1) returned to 352327f6
*** SHOWDOWN ***
352327f6 collected $0.1 from pot
*** SUMMARY ***
Total pot $0.1 | Rake $0 | Jackpot $0 | Bingo $0 | Fortune $0
Seat 1: 609cbf14 (big blind) folded before Flop
Seat 2: Hero folded before Flop (didn't bet)
Seat 3: 9d6cdde9 folded before Flop (didn't bet)
Seat 4: f1cea915 folded before Flop (didn't bet)
Seat 5: 22cf30fb (button) folded before Flop (didn't bet)
Seat 6: 352327f6 (small blind) collected ($0.1)


Poker Hand #HD1163156257: Hold'em No Limit  ($0.02/$0.05) - 2023/03/16 19:55:11
Table 'NLHBlue114' 6-max Seat #4 is the button
Seat 1: 609cbf14 ($10.52 in chips)
Seat 2: Hero ($8.42 in chips)
Seat 3: 9d6cdde9 ($5 in chips)
Seat 4: f1cea915 ($4.6 in chips)
Seat 5: 22cf30fb ($5.24 in chips)
Seat 6: 352327f6 ($6.32 in chips)
22cf30fb: posts small blind $0.02
352327f6: posts big blind $0.05
*** HOLE CARDS ***
Dealt to 609cbf14 
Dealt to Hero [3s 9d]
Dealt to 9d6cdde9 
Dealt to f1cea915 
Dealt to 22cf30fb 
Dealt to 352327f6 
609cbf14: folds
Hero: folds
9d6cdde9: raises $0.1 to $0.15
f1cea915: folds
22cf30fb: folds
352327f6: folds
Uncalled bet ($0.1) returned to 9d6cdde9
*** SHOWDOWN ***
9d6cdde9 collected $0.12 from pot
*** SUMMARY ***
Total pot $0.12 | Rake $0 | Jackpot $0 | Bingo $0 | Fortune $0
Seat 1: 609cbf14 folded before Flop (didn't bet)
Seat 2: Hero folded before Flop (didn't bet)
Seat 3: 9d6cdde9 collected ($0.12)
Seat 4: f1cea915 (button) folded before Flop (didn't bet)
Seat 5: 22cf30fb (small blind) folded before Flop
Seat 6: 352327f6 (big blind) folded before Flop


Poker Hand #HD1163156221: Hold'em No Limit  ($0.02/$0.05) - 2023/03/16 19:54:57
Table 'NLHBlue114' 6-max Seat #3 is the button
Seat 1: 609cbf14 ($10.45 in chips)
Seat 2: Hero ($8.42 in chips)
Seat 3: 9d6cdde9 ($5 in chips)
Seat 4: f1cea915 ($4.62 in chips)
Seat 5: 22cf30fb ($5.29 in chips)
Seat 6: 352327f6 ($6.32 in chips)
f1cea915: posts small blind $0.02
22cf30fb: posts big blind $0.05
*** HOLE CARDS ***
Dealt to 609cbf14 
Dealt to Hero [2h Ks]
Dealt to 9d6cdde9 
Dealt to f1cea915 
Dealt to 22cf30fb 
Dealt to 352327f6 
352327f6: folds
609cbf14: raises $0.08 to $0.13
Hero: folds
9d6cdde9: folds
f1cea915: folds
22cf30fb: folds
Uncalled bet ($0.08) returned to 609cbf14
*** SHOWDOWN ***
609cbf14 collected $0.12 from pot
*** SUMMARY ***
Total pot $0.12 | Rake $0 | Jackpot $0 | Bingo $0 | Fortune $0
Seat 1: 609cbf14 collected ($0.12)
Seat 2: Hero folded before Flop (didn't bet)
Seat 3: 9d6cdde9 (button) folded before Flop (didn't bet)
Seat 4: f1cea915 (small blind) folded before Flop
Seat 5: 22cf30fb (big blind) folded before Flop
Seat 6: 352327f6 folded before Flop (didn't bet)


Poker Hand #HD1163156064: Hold'em No Limit  ($0.02/$0.05) - 2023/03/16 19:53:58
Table 'NLHBlue114' 6-max Seat #2 is the button
Seat 1: 609cbf14 ($10.45 in chips)
Seat 2: Hero ($8.42 in chips)
Seat 3: 9d6cdde9 ($5 in chips)
Seat 4: f1cea915 ($4.8 in chips)
Seat 5: 22cf30fb ($5.1 in chips)
Seat 6: 352327f6 ($6.32 in chips)
9d6cdde9: posts small blind $0.02
f1cea915: posts big blind $0.05
*** HOLE CARDS ***
Dealt to 609cbf14 
Dealt to Hero [7h 9c]
Dealt to 9d6cdde9 
Dealt to f1cea915 
Dealt to 22cf30fb 
Dealt to 352327f6 
22cf30fb: raises $0.05 to $0.1
352327f6: folds
609cbf14: folds
Hero: folds
9d6cdde9: folds
f1cea915: calls $0.05
*** FLOP *** [Ts Ac 8s]
f1cea915: checks
22cf30fb: checks
*** TURN *** [Ts Ac 8s] [4h]
f1cea915: checks
22cf30fb: checks
*** RIVER *** [Ts Ac 8s 4h] [Td]
f1cea915: bets $0.08
22cf30fb: raises $0.27 to $0.35
f1cea915: folds
Uncalled bet ($0.27) returned to 22cf30fb
*** SHOWDOWN ***
22cf30fb collected $0.37 from pot
*** SUMMARY ***
Total pot $0.38 | Rake $0.01 | Jackpot $0 | Bingo $0 | Fortune $0
Board [Ts Ac 8s 4h Td]
Seat 1: 609cbf14 folded before Flop (didn't bet)
Seat 2: Hero (button) folded before Flop (didn't bet)
Seat 3: 9d6cdde9 (small blind) folded before Flop
Seat 4: f1cea915 (big blind) folded on the River
Seat 5: 22cf30fb won ($0.37)
Seat 6: 352327f6 folded before Flop (didn't bet)


Poker Hand #HD1163155995: Hold'em No Limit  ($0.02/$0.05) - 2023/03/16 19:53:28
Table 'NLHBlue114' 6-max Seat #1 is the button
Seat 1: 609cbf14 ($10.45 in chips)
Seat 2: Hero ($8.44 in chips)
Seat 3: 9d6cdde9 ($5 in chips)
Seat 4: f1cea915 ($4.8 in chips)
Seat 5: 22cf30fb ($5.1 in chips)
Seat 6: 352327f6 ($6.09 in chips)
Hero: posts small blind $0.02
9d6cdde9: posts big blind $0.05
*** HOLE CARDS ***
Dealt to 609cbf14 
Dealt to Hero [2h 4h]
Dealt to 9d6cdde9 
Dealt to f1cea915 
Dealt to 22cf30fb 
Dealt to 352327f6 
f1cea915: folds
22cf30fb: folds
352327f6: raises $0.08 to $0.13
609cbf14: folds
Hero: folds
9d6cdde9: calls $0.08
*** FLOP *** [Kd 8c 5c]
9d6cdde9: checks
352327f6: bets $0.1
9d6cdde9: calls $0.1
*** TURN *** [Kd 8c 5c] [3d]
9d6cdde9: checks
352327f6: bets $0.27
9d6cdde9: folds
Uncalled bet ($0.27) returned to 352327f6
*** SHOWDOWN ***
352327f6 collected $0.46 from pot
*** SUMMARY ***
Total pot $0.48 | Rake $0.02 | Jackpot $0 | Bingo $0 | Fortune $0
Board [Kd 8c 5c 3d]
Seat 1: 609cbf14 (button) folded before Flop (didn't bet)
Seat 2: Hero (small blind) folded before Flop
Seat 3: 9d6cdde9 (big blind) folded on the Turn
Seat 4: f1cea915 folded before Flop (didn't bet)
Seat 5: 22cf30fb folded before Flop (didn't bet)
Seat 6: 352327f6 won ($0.46)


Poker Hand #HD1163155864: Hold'em No Limit  ($0.02/$0.05) - 2023/03/16 19:52:38
Table 'NLHBlue114' 6-max Seat #6 is the button
Seat 1: 609cbf14 ($11.2 in chips)
Seat 2: Hero ($8.49 in chips)
Seat 4: f1cea915 ($4.91 in chips)
Seat 5: 22cf30fb ($5.1 in chips)
Seat 6: 352327f6 ($5.31 in chips)
609cbf14: posts small blind $0.02
Hero: posts big blind $0.05
*** HOLE CARDS ***
Dealt to 609cbf14 
Dealt to Hero [Ah 9h]
Dealt to f1cea915 
Dealt to 22cf30fb 
Dealt to 352327f6 
f1cea915: raises $0.06 to $0.11
22cf30fb: folds
352327f6: raises $0.27 to $0.38
609cbf14: calls $0.36
Hero: folds
f1cea915: folds
*** FLOP *** [6d Qh 4s]
609cbf14: checks
352327f6: checks
*** TURN *** [6d Qh 4s] [4c]
609cbf14: bets $0.37
352327f6: calls $0.37
*** RIVER *** [6d Qh 4s 4c] [5c]
609cbf14: checks
352327f6: checks
609cbf14: shows [9d Ad] (Pair of Fours)
352327f6: shows [Js As] (Pair of Fours)
*** SHOWDOWN ***
352327f6 collected $1.53 from pot
*** SUMMARY ***
Total pot $1.66 | Rake $0.08 | Jackpot $0.05 | Bingo $0 | Fortune $0
Board [6d Qh 4s 4c 5c]
Seat 1: 609cbf14 (small blind) showed [9d Ad] and lost with Pair of Fours
Seat 2: Hero (big blind) folded before Flop
Seat 4: f1cea915 folded before Flop
Seat 5: 22cf30fb folded before Flop (didn't bet)
Seat 6: 352327f6 (button) showed [Js As] and won ($1.53) with Pair of Fours


Poker Hand #HD1163155788: Hold'em No Limit  ($0.02/$0.05) - 2023/03/16 19:52:10
Table 'NLHBlue114' 6-max Seat #5 is the button
Seat 1: 609cbf14 ($11.32 in chips)
Seat 2: Hero ($8.36 in chips)
Seat 4: f1cea915 ($4.91 in chips)
Seat 5: 22cf30fb ($5.1 in chips)
Seat 6: 352327f6 ($5.33 in chips)
352327f6: posts small blind $0.02
609cbf14: posts big blind $0.05
*** HOLE CARDS ***
Dealt to 609cbf14 
Dealt to Hero [Qd Qh]
Dealt to f1cea915 
Dealt to 22cf30fb 
Dealt to 352327f6 
Hero: raises $0.07 to $0.12
f1cea915: folds
22cf30fb: folds
352327f6: folds
609cbf14: calls $0.07
*** FLOP *** [8d 5c 5h]
609cbf14: checks
Hero: bets $0.2
609cbf14: folds
Uncalled bet ($0.2) returned to Hero
*** SHOWDOWN ***
Hero collected $0.25 from pot
*** SUMMARY ***
Total pot $0.26 | Rake $0.01 | Jackpot $0 | Bingo $0 | Fortune $0
Board [8d 5c 5h]
Seat 1: 609cbf14 (big blind) folded on the Flop
Seat 2: Hero won ($0.25)
Seat 4: f1cea915 folded before Flop (didn't bet)
Seat 5: 22cf30fb (button) folded before Flop (didn't bet)
Seat 6: 352327f6 (small blind) folded before Flop


Poker Hand #HD1163155715: Hold'em No Limit  ($0.02/$0.05) - 2023/03/16 19:51:40
Table 'NLHBlue114' 6-max Seat #4 is the button
Seat 1: 609cbf14 ($11.45 in chips)
Seat 2: Hero ($8.36 in chips)
Seat 4: f1cea915 ($4.91 in chips)
Seat 5: 22cf30fb ($5.23 in chips)
Seat 6: 352327f6 ($5.09 in chips)
22cf30fb: posts small blind $0.02
352327f6: posts big blind $0.05
*** HOLE CARDS ***
Dealt to 609cbf14 
Dealt to Hero [2h 2c]
Dealt to f1cea915 
Dealt to 22cf30fb 
Dealt to 352327f6 
609cbf14: raises $0.08 to $0.13
Hero: folds
f1cea915: folds
22cf30fb: calls $0.11
352327f6: raises $0.57 to $0.7
609cbf14: folds
22cf30fb: folds
Uncalled bet ($0.57) returned to 352327f6
*** SHOWDOWN ***
352327f6 collected $0.37 from pot
*** SUMMARY ***
Total pot $0.39 | Rake $0.02 | Jackpot $0 | Bingo $0 | Fortune $0
Seat 1: 609cbf14 folded before Flop
Seat 2: Hero folded before Flop (didn't bet)
Seat 4: f1cea915 (button) folded before Flop (didn't bet)
Seat 5: 22cf30fb (small blind) folded before Flop
Seat 6: 352327f6 (big blind) collected ($0.37)


Poker Hand #HD1163155680: Hold'em No Limit  ($0.02/$0.05) - 2023/03/16 19:51:28
Table 'NLHBlue114' 6-max Seat #2 is the button
Seat 1: 609cbf14 ($11.38 in chips)
Seat 2: Hero ($8.36 in chips)
Seat 4: f1cea915 ($4.93 in chips)
Seat 5: 22cf30fb ($5.28 in chips)
Seat 6: 352327f6 ($5.09 in chips)
f1cea915: posts small blind $0.02
22cf30fb: posts big blind $0.05
*** HOLE CARDS ***
Dealt to 609cbf14 
Dealt to Hero [4h 6s]
Dealt to f1cea915 
Dealt to 22cf30fb 
Dealt to 352327f6 
352327f6: folds
609cbf14: raises $0.08 to $0.13
Hero: folds
f1cea915: folds
22cf30fb: folds
Uncalled bet ($0.08) returned to 609cbf14
*** SHOWDOWN ***
609cbf14 collected $0.12 from pot
*** SUMMARY ***
Total pot $0.12 | Rake $0 | Jackpot $0 | Bingo $0 | Fortune $0
Seat 1: 609cbf14 collected ($0.12)
Seat 2: Hero (button) folded before Flop (didn't bet)
Seat 4: f1cea915 (small blind) folded before Flop
Seat 5: 22cf30fb (big blind) folded before Flop
Seat 6: 352327f6 folded before Flop (didn't bet)


Poker Hand #HD1163155642: Hold'em No Limit  ($0.02/$0.05) - 2023/03/16 19:51:10
Table 'NLHBlue114' 6-max Seat #1 is the button
Seat 1: 609cbf14 ($11.38 in chips)
Seat 2: Hero ($8.38 in chips)
Seat 3: 8e7c967 ($4.5 in chips)
Seat 4: f1cea915 ($4.93 in chips)
Seat 5: 22cf30fb ($5.28 in chips)
Seat 6: 352327f6 ($5.09 in chips)
Hero: posts small blind $0.02
8e7c967: posts big blind $0.05
*** HOLE CARDS ***
Dealt to 609cbf14 
Dealt to Hero [Jh 6c]
Dealt to 8e7c967 
Dealt to f1cea915 
Dealt to 22cf30fb 
Dealt to 352327f6 
f1cea915: folds
22cf30fb: folds
352327f6: folds
609cbf14: folds
Hero: folds
Uncalled bet ($0.03) returned to 8e7c967
*** SHOWDOWN ***
8e7c967 collected $0.04 from pot
*** SUMMARY ***
Total pot $0.04 | Rake $0 | Jackpot $0 | Bingo $0 | Fortune $0
Seat 1: 609cbf14 (button) folded before Flop (didn't bet)
Seat 2: Hero (small blind) folded before Flop
Seat 3: 8e7c967 (big blind) collected ($0.04)
Seat 4: f1cea915 folded before Flop (didn't bet)
Seat 5: 22cf30fb folded before Flop (didn't bet)
Seat 6: 352327f6 folded before Flop (didn't bet)


Poker Hand #HD1163095542: Hold'em No Limit  ($0.02/$0.05) - 2023/03/16 19:50:30
Table 'NLHBlue114' 6-max Seat #6 is the button
Seat 1: 609cbf14 ($11.4 in chips)
Seat 2: Hero ($7.93 in chips)
Seat 3: 8e7c967 ($4.97 in chips)
Seat 4: f1cea915 ($4.93 in chips)
Seat 5: 22cf30fb ($5.28 in chips)
Seat 6: 352327f6 ($5.09 in chips)
609cbf14: posts small blind $0.02
Hero: posts big blind $0.05
*** HOLE CARDS ***
Dealt to 609cbf14 
Dealt to Hero [8s Ac]
Dealt to 8e7c967 
Dealt to f1cea915 
Dealt to 22cf30fb 
Dealt to 352327f6 
8e7c967: raises $0.06 to $0.11
f1cea915: folds
22cf30fb: folds
352327f6: folds
609cbf14: folds
Hero: calls $0.06
*** FLOP *** [Qc 9c Ad]
Hero: bets $0.12
8e7c967: calls $0.12
*** TURN *** [Qc 9c Ad] [4s]
Hero: checks
8e7c967: bets $0.24
Hero: calls $0.24
*** RIVER *** [Qc 9c Ad 4s] [2h]
Hero: checks
8e7c967: checks
Hero: shows [8s Ac] (Pair of Aces)
8e7c967: shows [Ts Th] (Pair of Tens)
*** SHOWDOWN ***
Hero collected $0.92 from pot
*** SUMMARY ***
Total pot $0.96 | Rake $0.04 | Jackpot $0 | Bingo $0 | Fortune $0
Board [Qc 9c Ad 4s 2h]
Seat 1: 609cbf14 (small blind) folded before Flop
Seat 2: Hero (big blind) showed [8s Ac] and won ($0.92) with Pair of Aces
Seat 3: 8e7c967 showed [Ts Th] and lost with Pair of Tens
Seat 4: f1cea915 folded before Flop (didn't bet)
Seat 5: 22cf30fb folded before Flop (didn't bet)
Seat 6: 352327f6 (button) folded before Flop (didn't bet)


Poker Hand #HD1163095454: Hold'em No Limit  ($0.02/$0.05) - 2023/03/16 19:49:56
Table 'NLHBlue114' 6-max Seat #5 is the button
Seat 1: 609cbf14 ($11.45 in chips)
Seat 2: Hero ($8.16 in chips)
Seat 3: 8e7c967 ($4.97 in chips)
Seat 4: f1cea915 ($4.93 in chips)
Seat 5: 22cf30fb ($5 in chips)
Seat 6: 352327f6 ($5.11 in chips)
352327f6: posts small blind $0.02
609cbf14: posts big blind $0.05
*** HOLE CARDS ***
Dealt to 609cbf14 
Dealt to Hero [8d 8h]
Dealt to 8e7c967 
Dealt to f1cea915 
Dealt to 22cf30fb 
Dealt to 352327f6 
Hero: raises $0.07 to $0.12
8e7c967: folds
f1cea915: folds
22cf30fb: calls $0.12
352327f6: folds
609cbf14: folds
*** FLOP *** [As Td Ts]
Hero: bets $0.11
22cf30fb: raises $0.28 to $0.39
Hero: folds
Uncalled bet ($0.28) returned to 22cf30fb
*** SHOWDOWN ***
22cf30fb collected $0.51 from pot
*** SUMMARY ***
Total pot $0.53 | Rake $0.02 | Jackpot $0 | Bingo $0 | Fortune $0
Board [As Td Ts]
Seat 1: 609cbf14 (big blind) folded before Flop
Seat 2: Hero folded on the Flop
Seat 3: 8e7c967 folded before Flop (didn't bet)
Seat 4: f1cea915 folded before Flop (didn't bet)
Seat 5: 22cf30fb (button) won ($0.51)
Seat 6: 352327f6 (small blind) folded before Flop


Poker Hand #HD1163095386: Hold'em No Limit  ($0.02/$0.05) - 2023/03/16 19:49:31
Table 'NLHBlue114' 6-max Seat #4 is the button
Seat 1: 609cbf14 ($11.45 in chips)
Seat 2: Hero ($8.16 in chips)
Seat 3: 8e7c967 ($4.9 in chips)
Seat 4: f1cea915 ($4.93 in chips)
Seat 5: 22cf30fb ($5 in chips)
Seat 6: 352327f6 ($5.16 in chips)
22cf30fb: posts small blind $0.02
352327f6: posts big blind $0.05
*** HOLE CARDS ***
Dealt to 609cbf14 
Dealt to Hero [9c Kh]
Dealt to 8e7c967 
Dealt to f1cea915 
Dealt to 22cf30fb 
Dealt to 352327f6 
609cbf14: folds
Hero: folds
8e7c967: raises $0.06 to $0.11
f1cea915: folds
22cf30fb: folds
352327f6: folds
Uncalled bet ($0.06) returned to 8e7c967
*** SHOWDOWN ***
8e7c967 collected $0.12 from pot
*** SUMMARY ***
Total pot $0.12 | Rake $0 | Jackpot $0 | Bingo $0 | Fortune $0
Seat 1: 609cbf14 folded before Flop (didn't bet)
Seat 2: Hero folded before Flop (didn't bet)
Seat 3: 8e7c967 collected ($0.12)
Seat 4: f1cea915 (button) folded before Flop (didn't bet)
Seat 5: 22cf30fb (small blind) folded before Flop
Seat 6: 352327f6 (big blind) folded before Flop


Poker Hand #HD1163095353: Hold'em No Limit  ($0.02/$0.05) - 2023/03/16 19:49:19
Table 'NLHBlue114' 6-max Seat #3 is the button
Seat 1: 609cbf14 ($11.45 in chips)
Seat 2: Hero ($8.09 in chips)
Seat 3: 8e7c967 ($4.9 in chips)
Seat 4: f1cea915 ($4.95 in chips)
Seat 5: 22cf30fb ($5 in chips)
Seat 6: 352327f6 ($5.16 in chips)
f1cea915: posts small blind $0.02
22cf30fb: posts big blind $0.05
*** HOLE CARDS ***
Dealt to 609cbf14 
Dealt to Hero [Ts Kh]
Dealt to 8e7c967 
Dealt to f1cea915 
Dealt to 22cf30fb 
Dealt to 352327f6 
352327f6: folds
609cbf14: folds
Hero: raises $0.07 to $0.12
8e7c967: folds
f1cea915: folds
22cf30fb: folds
Uncalled bet ($0.07) returned to Hero
*** SHOWDOWN ***
Hero collected $0.12 from pot
*** SUMMARY ***
Total pot $0.12 | Rake $0 | Jackpot $0 | Bingo $0 | Fortune $0
Seat 1: 609cbf14 folded before Flop (didn't bet)
Seat 2: Hero collected ($0.12)
Seat 3: 8e7c967 (button) folded before Flop (didn't bet)
Seat 4: f1cea915 (small blind) folded before Flop
Seat 5: 22cf30fb (big blind) folded before Flop
Seat 6: 352327f6 folded before Flop (didn't bet)


Poker Hand #HD1163095319: Hold'em No Limit  ($0.02/$0.05) - 2023/03/16 19:49:08
Table 'NLHBlue114' 6-max Seat #2 is the button
Seat 1: 609cbf14 ($11.45 in chips)
Seat 2: Hero ($8.09 in chips)
Seat 3: 8e7c967 ($4.92 in chips)
Seat 4: f1cea915 ($4.93 in chips)
Seat 5: 22cf30fb ($5 in chips)
Seat 6: 352327f6 ($5.16 in chips)
8e7c967: posts small blind $0.02
f1cea915: posts big blind $0.05
*** HOLE CARDS ***
Dealt to 609cbf14 
Dealt to Hero [6c 2d]
Dealt to 8e7c967 
Dealt to f1cea915 
Dealt to 22cf30fb 
Dealt to 352327f6 
22cf30fb: folds
352327f6: folds
609cbf14: folds
Hero: folds
8e7c967: folds
Uncalled bet ($0.03) returned to f1cea915
*** SHOWDOWN ***
f1cea915 collected $0.04 from pot
*** SUMMARY ***
Total pot $0.04 | Rake $0 | Jackpot $0 | Bingo $0 | Fortune $0
Seat 1: 609cbf14 folded before Flop (didn't bet)
Seat 2: Hero (button) folded before Flop (didn't bet)
Seat 3: 8e7c967 (small blind) folded before Flop
Seat 4: f1cea915 (big blind) collected ($0.04)
Seat 5: 22cf30fb folded before Flop (didn't bet)
Seat 6: 352327f6 folded before Flop (didn't bet)


Poker Hand #HD1163095224: Hold'em No Limit  ($0.02/$0.05) - 2023/03/16 19:48:31
Table 'NLHBlue114' 6-max Seat #1 is the button
Seat 1: 609cbf14 ($11.45 in chips)
Seat 2: Hero ($7.96 in chips)
Seat 3: 8e7c967 ($5.06 in chips)
Seat 4: f1cea915 ($4.93 in chips)
Seat 5: 22cf30fb ($5 in chips)
Seat 6: 352327f6 ($5.16 in chips)
Hero: posts small blind $0.02
8e7c967: posts big blind $0.05
*** HOLE CARDS ***
Dealt to 609cbf14 
Dealt to Hero [As Td]
Dealt to 8e7c967 
Dealt to f1cea915 
Dealt to 22cf30fb 
Dealt to 352327f6 
f1cea915: folds
22cf30fb: folds
352327f6: folds
609cbf14: folds
Hero: raises $0.09 to $0.14
8e7c967: calls $0.09
*** FLOP *** [Kh 2c 5h]
Hero: bets $0.14
8e7c967: folds
Uncalled bet ($0.14) returned to Hero
*** SHOWDOWN ***
Hero collected $0.27 from pot
*** SUMMARY ***
Total pot $0.28 | Rake $0.01 | Jackpot $0 | Bingo $0 | Fortune $0
Board [Kh 2c 5h]
Seat 1: 609cbf14 (button) folded before Flop (didn't bet)
Seat 2: Hero (small blind) won ($0.27)
Seat 3: 8e7c967 (big blind) folded on the Flop
Seat 4: f1cea915 folded before Flop (didn't bet)
Seat 5: 22cf30fb folded before Flop (didn't bet)
Seat 6: 352327f6 folded before Flop (didn't bet)


Poker Hand #HD1163095180: Hold'em No Limit  ($0.02/$0.05) - 2023/03/16 19:48:13
Table 'NLHBlue114' 6-max Seat #6 is the button
Seat 1: 609cbf14 ($11.4 in chips)
Seat 2: Hero ($8.01 in chips)
Seat 3: 8e7c967 ($5.06 in chips)
Seat 4: f1cea915 ($4.93 in chips)
Seat 5: 22cf30fb ($5 in chips)
Seat 6: 352327f6 ($5.16 in chips)
609cbf14: posts small blind $0.02
Hero: posts big blind $0.05
*** HOLE CARDS ***
Dealt to 609cbf14 
Dealt to Hero [5s Tc]
Dealt to 8e7c967 
Dealt to f1cea915 
Dealt to 22cf30fb 
Dealt to 352327f6 
8e7c967: folds
f1cea915: folds
22cf30fb: folds
352327f6: folds
609cbf14: raises $0.1 to $0.15
Hero: folds
Uncalled bet ($0.1) returned to 609cbf14
*** SHOWDOWN ***
609cbf14 collected $0.1 from pot
*** SUMMARY ***
Total pot $0.1 | Rake $0 | Jackpot $0 | Bingo $0 | Fortune $0
Seat 1: 609cbf14 (small blind) collected ($0.1)
Seat 2: Hero (big blind) folded before Flop
Seat 3: 8e7c967 folded before Flop (didn't bet)
Seat 4: f1cea915 folded before Flop (didn't bet)
Seat 5: 22cf30fb folded before Flop (didn't bet)
Seat 6: 352327f6 (button) folded before Flop (didn't bet)


Poker Hand #HD1163095133: Hold'em No Limit  ($0.02/$0.05) - 2023/03/16 19:47:59
Table 'NLHBlue114' 6-max Seat #5 is the button
Seat 1: 609cbf14 ($11.38 in chips)
Seat 2: Hero ($8.01 in chips)
Seat 3: 8e7c967 ($5.06 in chips)
Seat 4: f1cea915 ($4.93 in chips)
Seat 5: 22cf30fb ($5 in chips)
Seat 6: 352327f6 ($5.18 in chips)
352327f6: posts small blind $0.02
609cbf14: posts big blind $0.05
*** HOLE CARDS ***
Dealt to 609cbf14 
Dealt to Hero [2s 5c]
Dealt to 8e7c967 
Dealt to f1cea915 
Dealt to 22cf30fb 
Dealt to 352327f6 
Hero: folds
8e7c967: folds
f1cea915: folds
22cf30fb: folds
352327f6: folds
Uncalled bet ($0.03) returned to 609cbf14
*** SHOWDOWN ***
609cbf14 collected $0.04 from pot
*** SUMMARY ***
Total pot $0.04 | Rake $0 | Jackpot $0 | Bingo $0 | Fortune $0
Seat 1: 609cbf14 (big blind) collected ($0.04)
Seat 2: Hero folded before Flop (didn't bet)
Seat 3: 8e7c967 folded before Flop (didn't bet)
Seat 4: f1cea915 folded before Flop (didn't bet)
Seat 5: 22cf30fb (button) folded before Flop (didn't bet)
Seat 6: 352327f6 (small blind) folded before Flop


Poker Hand #HD1163095100: Hold'em No Limit  ($0.02/$0.05) - 2023/03/16 19:47:45
Table 'NLHBlue114' 6-max Seat #4 is the button
Seat 1: 609cbf14 ($11.38 in chips)
Seat 2: Hero ($8.01 in chips)
Seat 3: 8e7c967 ($5.06 in chips)
Seat 4: f1cea915 ($4.93 in chips)
Seat 5: 22cf30fb ($5 in chips)
Seat 6: 352327f6 ($5.16 in chips)
22cf30fb: posts small blind $0.02
352327f6: posts big blind $0.05
*** HOLE CARDS ***
Dealt to 609cbf14 
Dealt to Hero [6c Qh]
Dealt to 8e7c967 
Dealt to f1cea915 
Dealt to 22cf30fb 
Dealt to 352327f6 
609cbf14: folds
Hero: folds
8e7c967: folds
f1cea915: folds
22cf30fb: folds
Uncalled bet ($0.03) returned to 352327f6
*** SHOWDOWN ***
352327f6 collected $0.04 from pot
*** SUMMARY ***
Total pot $0.04 | Rake $0 | Jackpot $0 | Bingo $0 | Fortune $0
Seat 1: 609cbf14 folded before Flop (didn't bet)
Seat 2: Hero folded before Flop (didn't bet)
Seat 3: 8e7c967 folded before Flop (didn't bet)
Seat 4: f1cea915 (button) folded before Flop (didn't bet)
Seat 5: 22cf30fb (small blind) folded before Flop
Seat 6: 352327f6 (big blind) collected ($0.04)


Poker Hand #HD1163095066: Hold'em No Limit  ($0.02/$0.05) - 2023/03/16 19:47:31
Table 'NLHBlue114' 6-max Seat #3 is the button
Seat 1: 609cbf14 ($11.38 in chips)
Seat 2: Hero ($8.01 in chips)
Seat 3: 8e7c967 ($4.99 in chips)
Seat 4: f1cea915 ($4.95 in chips)
Seat 5: 22cf30fb ($5 in chips)
Seat 6: 352327f6 ($5.16 in chips)
f1cea915: posts small blind $0.02
22cf30fb: posts big blind $0.05
*** HOLE CARDS ***
Dealt to 609cbf14 
Dealt to Hero [4s 2s]
Dealt to 8e7c967 
Dealt to f1cea915 
Dealt to 22cf30fb 
Dealt to 352327f6 
352327f6: folds
609cbf14: folds
Hero: folds
8e7c967: raises $0.06 to $0.11
f1cea915: folds
22cf30fb: folds
Uncalled bet ($0.06) returned to 8e7c967
*** SHOWDOWN ***
8e7c967 collected $0.12 from pot
*** SUMMARY ***
Total pot $0.12 | Rake $0 | Jackpot $0 | Bingo $0 | Fortune $0
Seat 1: 609cbf14 folded before Flop (didn't bet)
Seat 2: Hero folded before Flop (didn't bet)
Seat 3: 8e7c967 (button) collected ($0.12)
Seat 4: f1cea915 (small blind) folded before Flop
Seat 5: 22cf30fb (big blind) folded before Flop
Seat 6: 352327f6 folded before Flop (didn't bet)


Poker Hand #HD1163095010: Hold'em No Limit  ($0.02/$0.05) - 2023/03/16 19:47:13
Table 'NLHBlue114' 6-max Seat #2 is the button
Seat 1: 609cbf14 ($11.31 in chips)
Seat 2: Hero ($8.01 in chips)
Seat 3: 8e7c967 ($5.01 in chips)
Seat 4: f1cea915 ($5 in chips)
Seat 5: 22cf30fb ($5 in chips)
Seat 6: 352327f6 ($5.16 in chips)
8e7c967: posts small blind $0.02
f1cea915: posts big blind $0.05
*** HOLE CARDS ***
Dealt to 609cbf14 
Dealt to Hero [Ac 6h]
Dealt to 8e7c967 
Dealt to f1cea915 
Dealt to 22cf30fb 
Dealt to 352327f6 
22cf30fb: folds
352327f6: folds
609cbf14: raises $0.08 to $0.13
Hero: folds
8e7c967: folds
f1cea915: folds
Uncalled bet ($0.08) returned to 609cbf14
*** SHOWDOWN ***
609cbf14 collected $0.12 from pot
*** SUMMARY ***
Total pot $0.12 | Rake $0 | Jackpot $0 | Bingo $0 | Fortune $0
Seat 1: 609cbf14 collected ($0.12)
Seat 2: Hero (button) folded before Flop (didn't bet)
Seat 3: 8e7c967 (small blind) folded before Flop
Seat 4: f1cea915 (big blind) folded before Flop
Seat 5: 22cf30fb folded before Flop (didn't bet)
Seat 6: 352327f6 folded before Flop (didn't bet)


Poker Hand #HD1163094950: Hold'em No Limit  ($0.02/$0.05) - 2023/03/16 19:46:49
Table 'NLHBlue114' 6-max Seat #1 is the button
Seat 1: 609cbf14 ($11.31 in chips)
Seat 2: Hero ($7.96 in chips)
Seat 3: 8e7c967 ($5.06 in chips)
Seat 4: f1cea915 ($5 in chips)
Seat 5: 22cf30fb ($5 in chips)
Seat 6: 352327f6 ($5.16 in chips)
Hero: posts small blind $0.02
8e7c967: posts big blind $0.05
*** HOLE CARDS ***
Dealt to 609cbf14 
Dealt to Hero [Ac 5c]
Dealt to 8e7c967 
Dealt to f1cea915 
Dealt to 22cf30fb 
Dealt to 352327f6 
f1cea915: folds
22cf30fb: folds
352327f6: folds
609cbf14: folds
Hero: raises $0.09 to $0.14
8e7c967: folds
Uncalled bet ($0.09) returned to Hero
*** SHOWDOWN ***
Hero collected $0.1 from pot
*** SUMMARY ***
Total pot $0.1 | Rake $0 | Jackpot $0 | Bingo $0 | Fortune $0
Seat 1: 609cbf14 (button) folded before Flop (didn't bet)
Seat 2: Hero (small blind) collected ($0.1)
Seat 3: 8e7c967 (big blind) folded before Flop
Seat 4: f1cea915 folded before Flop (didn't bet)
Seat 5: 22cf30fb folded before Flop (didn't bet)
Seat 6: 352327f6 folded before Flop (didn't bet)


Poker Hand #HD1163094897: Hold'em No Limit  ($0.02/$0.05) - 2023/03/16 19:46:27
Table 'NLHBlue114' 6-max Seat #6 is the button
Seat 1: 609cbf14 ($11.33 in chips)
Seat 2: Hero ($8.01 in chips)
Seat 3: 8e7c967 ($5.06 in chips)
Seat 4: f1cea915 ($5 in chips)
Seat 5: 22cf30fb ($5 in chips)
Seat 6: 352327f6 ($5 in chips)
609cbf14: posts small blind $0.02
Hero: posts big blind $0.05
*** HOLE CARDS ***
Dealt to 609cbf14 
Dealt to Hero [Td 9h]
Dealt to 8e7c967 
Dealt to f1cea915 
Dealt to 22cf30fb 
Dealt to 352327f6 
8e7c967: folds
f1cea915: folds
22cf30fb: raises $0.05 to $0.1
352327f6: raises $0.3 to $0.4
609cbf14: folds
Hero: folds
22cf30fb: folds
Uncalled bet ($0.3) returned to 352327f6
*** SHOWDOWN ***
352327f6 collected $0.26 from pot
*** SUMMARY ***
Total pot $0.27 | Rake $0.01 | Jackpot $0 | Bingo $0 | Fortune $0
Seat 1: 609cbf14 (small blind) folded before Flop
Seat 2: Hero (big blind) folded before Flop
Seat 3: 8e7c967 folded before Flop (didn't bet)
Seat 4: f1cea915 folded before Flop (didn't bet)
Seat 5: 22cf30fb folded before Flop
Seat 6: 352327f6 (button) collected ($0.26)


Poker Hand #HD1163094754: Hold'em No Limit  ($0.02/$0.05) - 2023/03/16 19:45:30
Table 'NLHBlue114' 6-max Seat #5 is the button
Seat 1: 609cbf14 ($10.83 in chips)
Seat 2: Hero ($8.01 in chips)
Seat 3: 8e7c967 ($5.06 in chips)
Seat 4: f1cea915 ($5 in chips)
Seat 5: 22cf30fb ($5.04 in chips)
Seat 6: 352327f6 ($5.02 in chips)
352327f6: posts small blind $0.02
609cbf14: posts big blind $0.05
*** HOLE CARDS ***
Dealt to 609cbf14 
Dealt to Hero [2s Ad]
Dealt to 8e7c967 
Dealt to f1cea915 
Dealt to 22cf30fb 
Dealt to 352327f6 
Hero: folds
8e7c967: folds
f1cea915: folds
22cf30fb: raises $0.05 to $0.1
352327f6: raises $0.34 to $0.44
609cbf14: calls $0.39
22cf30fb: folds
*** FLOP *** [4h 8d 4d]
352327f6: checks
609cbf14: checks
*** TURN *** [4h 8d 4d] [Jc]
352327f6: checks
609cbf14: bets $0.59
352327f6: folds
Uncalled bet ($0.59) returned to 609cbf14
*** SHOWDOWN ***
609cbf14 collected $0.94 from pot
*** SUMMARY ***
Total pot $0.98 | Rake $0.04 | Jackpot $0 | Bingo $0 | Fortune $0
Board [4h 8d 4d Jc]
Seat 1: 609cbf14 (big blind) won ($0.94)
Seat 2: Hero folded before Flop (didn't bet)
Seat 3: 8e7c967 folded before Flop (didn't bet)
Seat 4: f1cea915 folded before Flop (didn't bet)
Seat 5: 22cf30fb (button) folded before Flop
Seat 6: 352327f6 (small blind) folded on the Turn


Poker Hand #HD1163094703: Hold'em No Limit  ($0.02/$0.05) - 2023/03/16 19:45:09
Table 'NLHBlue114' 6-max Seat #4 is the button
Seat 1: 609cbf14 ($10.83 in chips)
Seat 2: Hero ($8.01 in chips)
Seat 3: 8e7c967 ($5.06 in chips)
Seat 4: f1cea915 ($4.93 in chips)
Seat 5: 22cf30fb ($5.06 in chips)
Seat 6: 352327f6 ($5.07 in chips)
22cf30fb: posts small blind $0.02
352327f6: posts big blind $0.05
*** HOLE CARDS ***
Dealt to 609cbf14 
Dealt to Hero [9s 3s]
Dealt to 8e7c967 
Dealt to f1cea915 
Dealt to 22cf30fb 
Dealt to 352327f6 
609cbf14: folds
Hero: folds
8e7c967: folds
f1cea915: raises $0.08 to $0.13
22cf30fb: folds
352327f6: folds
Uncalled bet ($0.08) returned to f1cea915
*** SHOWDOWN ***
f1cea915 collected $0.12 from pot
*** SUMMARY ***
Total pot $0.12 | Rake $0 | Jackpot $0 | Bingo $0 | Fortune $0
Seat 1: 609cbf14 folded before Flop (didn't bet)
Seat 2: Hero folded before Flop (didn't bet)
Seat 3: 8e7c967 folded before Flop (didn't bet)
Seat 4: f1cea915 (button) collected ($0.12)
Seat 5: 22cf30fb (small blind) folded before Flop
Seat 6: 352327f6 (big blind) folded before Flop


Poker Hand #HD1163094668: Hold'em No Limit  ($0.02/$0.05) - 2023/03/16 19:44:52
Table 'NLHBlue114' 6-max Seat #3 is the button
Seat 1: 609cbf14 ($10.76 in chips)
Seat 2: Hero ($8.01 in chips)
Seat 3: 8e7c967 ($5.06 in chips)
Seat 4: f1cea915 ($4.95 in chips)
Seat 5: 22cf30fb ($5.11 in chips)
Seat 6: 352327f6 ($5.07 in chips)
f1cea915: posts small blind $0.02
22cf30fb: posts big blind $0.05
*** HOLE CARDS ***
Dealt to 609cbf14 
Dealt to Hero [2c Ah]
Dealt to 8e7c967 
Dealt to f1cea915 
Dealt to 22cf30fb 
Dealt to 352327f6 
352327f6: folds
609cbf14: raises $0.08 to $0.13
Hero: folds
8e7c967: folds
f1cea915: folds
22cf30fb: folds
Uncalled bet ($0.08) returned to 609cbf14
*** SHOWDOWN ***
609cbf14 collected $0.12 from pot
*** SUMMARY ***
Total pot $0.12 | Rake $0 | Jackpot $0 | Bingo $0 | Fortune $0
Seat 1: 609cbf14 collected ($0.12)
Seat 2: Hero folded before Flop (didn't bet)
Seat 3: 8e7c967 (button) folded before Flop (didn't bet)
Seat 4: f1cea915 (small blind) folded before Flop
Seat 5: 22cf30fb (big blind) folded before Flop
Seat 6: 352327f6 folded before Flop (didn't bet)


Poker Hand #HD1163094594: Hold'em No Limit  ($0.02/$0.05) - 2023/03/16 19:44:23
Table 'NLHBlue114' 6-max Seat #2 is the button
Seat 1: 609cbf14 ($10.76 in chips)
Seat 2: Hero ($8.13 in chips)
Seat 3: 8e7c967 ($4.9 in chips)
Seat 4: f1cea915 ($5 in chips)
Seat 5: 22cf30fb ($5.11 in chips)
Seat 6: 352327f6 ($5.07 in chips)
8e7c967: posts small blind $0.02
f1cea915: posts big blind $0.05
*** HOLE CARDS ***
Dealt to 609cbf14 
Dealt to Hero [6d 8d]
Dealt to 8e7c967 
Dealt to f1cea915 
Dealt to 22cf30fb 
Dealt to 352327f6 
22cf30fb: folds
352327f6: folds
609cbf14: folds
Hero: raises $0.07 to $0.12
8e7c967: raises $0.27 to $0.39
f1cea915: folds
Hero: folds
Uncalled bet ($0.27) returned to 8e7c967
*** SHOWDOWN ***
8e7c967 collected $0.28 from pot
*** SUMMARY ***
Total pot $0.29 | Rake $0.01 | Jackpot $0 | Bingo $0 | Fortune $0
Seat 1: 609cbf14 folded before Flop (didn't bet)
Seat 2: Hero (button) folded before Flop
Seat 3: 8e7c967 (small blind) collected ($0.28)
Seat 4: f1cea915 (big blind) folded before Flop
Seat 5: 22cf30fb folded before Flop (didn't bet)
Seat 6: 352327f6 folded before Flop (didn't bet)


Poker Hand #HD1163094550: Hold'em No Limit  ($0.02/$0.05) - 2023/03/16 19:44:07
Table 'NLHBlue114' 6-max Seat #1 is the button
Seat 1: 609cbf14 ($10.76 in chips)
Seat 2: Hero ($8.15 in chips)
Seat 3: 8e7c967 ($4.95 in chips)
Seat 5: 22cf30fb ($5.11 in chips)
Seat 6: 352327f6 ($5 in chips)
Hero: posts small blind $0.02
8e7c967: posts big blind $0.05
*** HOLE CARDS ***
Dealt to 609cbf14 
Dealt to Hero [8s Ts]
Dealt to 8e7c967 
Dealt to 22cf30fb 
Dealt to 352327f6 
22cf30fb: folds
352327f6: raises $0.08 to $0.13
609cbf14: folds
Hero: folds
8e7c967: folds
Uncalled bet ($0.08) returned to 352327f6
*** SHOWDOWN ***
352327f6 collected $0.12 from pot
*** SUMMARY ***
Total pot $0.12 | Rake $0 | Jackpot $0 | Bingo $0 | Fortune $0
Seat 1: 609cbf14 (button) folded before Flop (didn't bet)
Seat 2: Hero (small blind) folded before Flop
Seat 3: 8e7c967 (big blind) folded before Flop
Seat 5: 22cf30fb folded before Flop (didn't bet)
Seat 6: 352327f6 collected ($0.12)


Poker Hand #HD1163094405: Hold'em No Limit  ($0.02/$0.05) - 2023/03/16 19:43:17
Table 'NLHBlue114' 6-max Seat #6 is the button
Seat 1: 609cbf14 ($6.07 in chips)
Seat 2: Hero ($8.2 in chips)
Seat 5: 22cf30fb ($5.11 in chips)
Seat 6: 352327f6 ($5.19 in chips)
609cbf14: posts small blind $0.02
Hero: posts big blind $0.05
*** HOLE CARDS ***
Dealt to 609cbf14 
Dealt to Hero [7d 3h]
Dealt to 22cf30fb 
Dealt to 352327f6 
22cf30fb: folds
352327f6: raises $0.08 to $0.13
609cbf14: raises $0.27 to $0.4
Hero: folds
352327f6: calls $0.27
*** FLOP *** [Tc 3c Ts]
609cbf14: bets $0.51
352327f6: raises $4.28 to $4.79 and is all-in
609cbf14: calls $4.28
352327f6: shows [Ks Td] (Three Tens)
609cbf14: shows [Jh Jc] (Pair of Jacks and Pair of Tens)
*** TURN *** [Tc 3c Ts] [Qs]
*** RIVER *** [Tc 3c Ts Qs] [Jd]
*** SHOWDOWN ***
609cbf14 collected $9.88 from pot
*** SUMMARY ***
Total pot $10.43 | Rake $0.5 | Jackpot $0.05 | Bingo $0 | Fortune $0
Board [Tc 3c Ts Qs Jd]
Seat 1: 609cbf14 (small blind) showed [Jh Jc] and won ($9.88) with Jacks Full over Tens
Seat 2: Hero (big blind) folded before Flop
Seat 5: 22cf30fb folded before Flop (didn't bet)
Seat 6: 352327f6 (button) showed [Ks Td] and lost with Three Tens


Poker Hand #HD1163094324: Hold'em No Limit  ($0.02/$0.05) - 2023/03/16 19:42:46
Table 'NLHBlue114' 6-max Seat #5 is the button
Seat 1: 609cbf14 ($6.12 in chips)
Seat 2: Hero ($8.2 in chips)
Seat 5: 22cf30fb ($5.21 in chips)
Seat 6: 352327f6 ($5.05 in chips)
352327f6: posts small blind $0.02
609cbf14: posts big blind $0.05
*** HOLE CARDS ***
Dealt to 609cbf14 
Dealt to Hero [9d Js]
Dealt to 22cf30fb 
Dealt to 352327f6 
Hero: folds
22cf30fb: raises $0.05 to $0.1
352327f6: raises $0.36 to $0.46
609cbf14: folds
22cf30fb: folds
Uncalled bet ($0.36) returned to 352327f6
*** SHOWDOWN ***
352327f6 collected $0.24 from pot
*** SUMMARY ***
Total pot $0.25 | Rake $0.01 | Jackpot $0 | Bingo $0 | Fortune $0
Seat 1: 609cbf14 (big blind) folded before Flop
Seat 2: Hero folded before Flop (didn't bet)
Seat 5: 22cf30fb (button) folded before Flop
Seat 6: 352327f6 (small blind) collected ($0.24)


Poker Hand #HD1163094290: Hold'em No Limit  ($0.02/$0.05) - 2023/03/16 19:42:33
Table 'NLHBlue114' 6-max Seat #2 is the button
Seat 1: 609cbf14 ($6.12 in chips)
Seat 2: Hero ($8.2 in chips)
Seat 5: 22cf30fb ($5.16 in chips)
Seat 6: 352327f6 ($5 in chips)
22cf30fb: posts small blind $0.02
352327f6: posts big blind $0.05
*** HOLE CARDS ***
Dealt to 609cbf14 
Dealt to Hero [Td 8s]
Dealt to 22cf30fb 
Dealt to 352327f6 
609cbf14: folds
Hero: folds
22cf30fb: raises $0.05 to $0.1
352327f6: folds
Uncalled bet ($0.05) returned to 22cf30fb
*** SHOWDOWN ***
22cf30fb collected $0.1 from pot
*** SUMMARY ***
Total pot $0.1 | Rake $0 | Jackpot $0 | Bingo $0 | Fortune $0
Seat 1: 609cbf14 folded before Flop (didn't bet)
Seat 2: Hero (button) folded before Flop (didn't bet)
Seat 5: 22cf30fb (small blind) collected ($0.1)
Seat 6: 352327f6 (big blind) folded before Flop


Poker Hand #HD1163094231: Hold'em No Limit  ($0.02/$0.05) - 2023/03/16 19:42:10
Table 'NLHBlue114' 6-max Seat #1 is the button
Seat 1: 609cbf14 ($6.05 in chips)
Seat 2: Hero ($8.22 in chips)
Seat 3: 8e7c967 ($5 in chips)
Seat 5: 22cf30fb ($5.16 in chips)
Seat 6: 352327f6 ($5 in chips)
Hero: posts small blind $0.02
8e7c967: posts big blind $0.05
*** HOLE CARDS ***
Dealt to 609cbf14 
Dealt to Hero [3c 6c]
Dealt to 8e7c967 
Dealt to 22cf30fb 
Dealt to 352327f6 
22cf30fb: folds
352327f6: folds
609cbf14: raises $0.08 to $0.13
Hero: folds
8e7c967: folds
Uncalled bet ($0.08) returned to 609cbf14
*** SHOWDOWN ***
609cbf14 collected $0.12 from pot
*** SUMMARY ***
Total pot $0.12 | Rake $0 | Jackpot $0 | Bingo $0 | Fortune $0
Seat 1: 609cbf14 (button) collected ($0.12)
Seat 2: Hero (small blind) folded before Flop
Seat 3: 8e7c967 (big blind) folded before Flop
Seat 5: 22cf30fb folded before Flop (didn't bet)
Seat 6: 352327f6 folded before Flop (didn't bet)


Poker Hand #HD1163094195: Hold'em No Limit  ($0.02/$0.05) - 2023/03/16 19:41:57
Table 'NLHBlue114' 6-max Seat #6 is the button
Seat 1: 609cbf14 ($6.07 in chips)
Seat 2: Hero ($8.2 in chips)
Seat 5: 22cf30fb ($5.16 in chips)
Seat 6: 352327f6 ($5 in chips)
609cbf14: posts small blind $0.02
Hero: posts big blind $0.05
*** HOLE CARDS ***
Dealt to 609cbf14 
Dealt to Hero [2h 8d]
Dealt to 22cf30fb 
Dealt to 352327f6 
22cf30fb: folds
352327f6: folds
609cbf14: folds
Uncalled bet ($0.03) returned to Hero
*** SHOWDOWN ***
Hero collected $0.04 from pot
*** SUMMARY ***
Total pot $0.04 | Rake $0 | Jackpot $0 | Bingo $0 | Fortune $0
Seat 1: 609cbf14 (small blind) folded before Flop
Seat 2: Hero (big blind) collected ($0.04)
Seat 5: 22cf30fb folded before Flop (didn't bet)
Seat 6: 352327f6 (button) folded before Flop (didn't bet)


Poker Hand #HD1163094105: Hold'em No Limit  ($0.02/$0.05) - 2023/03/16 19:41:25
Table 'NLHBlue114' 6-max Seat #5 is the button
Seat 1: 609cbf14 ($5.96 in chips)
Seat 2: Hero ($8.2 in chips)
Seat 5: 22cf30fb ($5.26 in chips)
Seat 6: 352327f6 ($5 in chips)
352327f6: posts small blind $0.02
609cbf14: posts big blind $0.05
*** HOLE CARDS ***
Dealt to 609cbf14 
Dealt to Hero [2s 7d]
Dealt to 22cf30fb 
Dealt to 352327f6 
Hero: folds
22cf30fb: raises $0.05 to $0.1
352327f6: folds
609cbf14: calls $0.05
*** FLOP *** [2h 7s 9s]
609cbf14: checks
22cf30fb: checks
*** TURN *** [2h 7s 9s] [Jd]
609cbf14: bets $0.14
22cf30fb: folds
Uncalled bet ($0.14) returned to 609cbf14
*** SHOWDOWN ***
609cbf14 collected $0.21 from pot
*** SUMMARY ***
Total pot $0.22 | Rake $0.01 | Jackpot $0 | Bingo $0 | Fortune $0
Board [2h 7s 9s Jd]
Seat 1: 609cbf14 (big blind) won ($0.21)
Seat 2: Hero folded before Flop (didn't bet)
Seat 5: 22cf30fb (button) folded on the Turn
Seat 6: 352327f6 (small blind) folded before Flop


Poker Hand #HD1163094034: Hold'em No Limit  ($0.02/$0.05) - 2023/03/16 19:40:59
Table 'NLHBlue114' 6-max Seat #3 is the button
Seat 1: 609cbf14 ($5.96 in chips)
Seat 2: Hero ($8.13 in chips)
Seat 3: 2f78cd68 ($4.93 in chips)
Seat 5: 22cf30fb ($5.28 in chips)
Seat 6: 352327f6 ($5 in chips)
22cf30fb: posts small blind $0.02
352327f6: posts big blind $0.05
*** HOLE CARDS ***
Dealt to 609cbf14 
Dealt to Hero [Qs Ac]
Dealt to 2f78cd68 
Dealt to 22cf30fb 
Dealt to 352327f6 
609cbf14: folds
Hero: raises $0.07 to $0.12
2f78cd68: folds
22cf30fb: folds
352327f6: folds
Uncalled bet ($0.07) returned to Hero
*** SHOWDOWN ***
Hero collected $0.12 from pot
*** SUMMARY ***
Total pot $0.12 | Rake $0 | Jackpot $0 | Bingo $0 | Fortune $0
Seat 1: 609cbf14 folded before Flop (didn't bet)
Seat 2: Hero collected ($0.12)
Seat 3: 2f78cd68 (button) folded before Flop (didn't bet)
Seat 5: 22cf30fb (small blind) folded before Flop
Seat 6: 352327f6 (big blind) folded before Flop


Poker Hand #HD1163093975: Hold'em No Limit  ($0.02/$0.05) - 2023/03/16 19:40:38
Table 'NLHBlue114' 6-max Seat #2 is the button
Seat 1: 609cbf14 ($5.96 in chips)
Seat 2: Hero ($8.25 in chips)
Seat 3: 2f78cd68 ($4.95 in chips)
Seat 5: 22cf30fb ($5.15 in chips)
Seat 6: 352327f6 ($5 in chips)
2f78cd68: posts small blind $0.02
22cf30fb: posts big blind $0.05
*** HOLE CARDS ***
Dealt to 609cbf14 
Dealt to Hero [8d Ah]
Dealt to 2f78cd68 
Dealt to 22cf30fb 
Dealt to 352327f6 
352327f6: folds
609cbf14: folds
Hero: raises $0.07 to $0.12
2f78cd68: folds
22cf30fb: raises $0.41 to $0.53
Hero: folds
Uncalled bet ($0.41) returned to 22cf30fb
*** SHOWDOWN ***
22cf30fb collected $0.25 from pot
*** SUMMARY ***
Total pot $0.26 | Rake $0.01 | Jackpot $0 | Bingo $0 | Fortune $0
Seat 1: 609cbf14 folded before Flop (didn't bet)
Seat 2: Hero (button) folded before Flop
Seat 3: 2f78cd68 (small blind) folded before Flop
Seat 5: 22cf30fb (big blind) collected ($0.25)
Seat 6: 352327f6 folded before Flop (didn't bet)


Poker Hand #HD1163093858: Hold'em No Limit  ($0.02/$0.05) - 2023/03/16 19:39:58
Table 'NLHBlue114' 6-max Seat #1 is the button
Seat 1: 609cbf14 ($6.09 in chips)
Seat 2: Hero ($8.08 in chips)
Seat 3: 2f78cd68 ($5 in chips)
Seat 4: 4b7064a9 ($2.16 in chips)
Seat 5: 22cf30fb ($5.15 in chips)
Seat 6: 352327f6 ($5 in chips)
Hero: posts small blind $0.02
2f78cd68: posts big blind $0.05
*** HOLE CARDS ***
Dealt to 609cbf14 
Dealt to Hero [Jd Ad]
Dealt to 2f78cd68 
Dealt to 4b7064a9 
Dealt to 22cf30fb 
Dealt to 352327f6 
4b7064a9: folds
22cf30fb: folds
352327f6: folds
609cbf14: raises $0.08 to $0.13
Hero: raises $0.47 to $0.6
2f78cd68: folds
609cbf14: folds
Uncalled bet ($0.47) returned to Hero
*** SHOWDOWN ***
Hero collected $0.3 from pot
*** SUMMARY ***
Total pot $0.31 | Rake $0.01 | Jackpot $0 | Bingo $0 | Fortune $0
Seat 1: 609cbf14 (button) folded before Flop
Seat 2: Hero (small blind) collected ($0.3)
Seat 3: 2f78cd68 (big blind) folded before Flop
Seat 4: 4b7064a9 folded before Flop (didn't bet)
Seat 5: 22cf30fb folded before Flop (didn't bet)
Seat 6: 352327f6 folded before Flop (didn't bet)


Poker Hand #HD1163093721: Hold'em No Limit  ($0.02/$0.05) - 2023/03/16 19:39:08
Table 'NLHBlue114' 6-max Seat #6 is the button
Seat 1: 609cbf14 ($6.11 in chips)
Seat 2: Hero ($7.11 in chips)
Seat 3: 2f78cd68 ($4.31 in chips)
Seat 4: 4b7064a9 ($2.16 in chips)
Seat 5: 22cf30fb ($5.15 in chips)
Seat 6: 352327f6 ($5 in chips)
609cbf14: posts small blind $0.02
Hero: posts big blind $0.05
*** HOLE CARDS ***
Dealt to 609cbf14 
Dealt to Hero [5d 5s]
Dealt to 2f78cd68 
Dealt to 4b7064a9 
Dealt to 22cf30fb 
Dealt to 352327f6 
2f78cd68: folds
4b7064a9: folds
22cf30fb: folds
352327f6: raises $0.08 to $0.13
609cbf14: folds
Hero: calls $0.08
*** FLOP *** [4c 7h 2s]
Hero: checks
352327f6: checks
*** TURN *** [4c 7h 2s] [3h]
Hero: bets $0.14
352327f6: calls $0.14
*** RIVER *** [4c 7h 2s 3h] [Ad]
Hero: bets $0.84
352327f6: calls $0.84
Hero: shows [5d 5s] (Fives-High Straight)
352327f6: shows [Ah 6h] (Pair of Aces)
*** SHOWDOWN ***
Hero collected $2.08 from pot
*** SUMMARY ***
Total pot $2.24 | Rake $0.11 | Jackpot $0.05 | Bingo $0 | Fortune $0
Board [4c 7h 2s 3h Ad]
Seat 1: 609cbf14 (small blind) folded before Flop
Seat 2: Hero (big blind) showed [5d 5s] and won ($2.08) with Fives-High Straight
Seat 3: 2f78cd68 folded before Flop (didn't bet)
Seat 4: 4b7064a9 folded before Flop (didn't bet)
Seat 5: 22cf30fb folded before Flop (didn't bet)
Seat 6: 352327f6 (button) showed [Ah 6h] and lost with Pair of Aces


Poker Hand #HD1163093595: Hold'em No Limit  ($0.02/$0.05) - 2023/03/16 19:38:19
Table 'NLHBlue114' 6-max Seat #5 is the button
Seat 1: 609cbf14 ($6.16 in chips)
Seat 2: Hero ($7.11 in chips)
Seat 3: 2f78cd68 ($5.43 in chips)
Seat 4: 4b7064a9 ($1.12 in chips)
Seat 5: 22cf30fb ($5.15 in chips)
Seat 6: 352327f6 ($5 in chips)
352327f6: posts small blind $0.02
609cbf14: posts big blind $0.05
*** HOLE CARDS ***
Dealt to 609cbf14 
Dealt to Hero [9s Ah]
Dealt to 2f78cd68 
Dealt to 4b7064a9 
Dealt to 22cf30fb 
Dealt to 352327f6 
Hero: folds
2f78cd68: raises $0.06 to $0.11
4b7064a9: raises $1.01 to $1.12 and is all-in
22cf30fb: folds
352327f6: folds
609cbf14: folds
2f78cd68: calls $1.01
4b7064a9: shows [Ks As]
2f78cd68: shows [Ad 3d]
*** FIRST FLOP *** [7s 4c Jd]
*** FIRST TURN *** [7s 4c Jd] [Js]
*** FIRST RIVER *** [7s 4c Jd Js] [6h]
*** SECOND FLOP *** [Qs 5s 5c]
*** SECOND TURN *** [Qs 5s 5c] [2d]
*** SECOND RIVER *** [Qs 5s 5c 2d] [8c]
*** FIRST SHOWDOWN ***
4b7064a9 collected $1.08 from pot
*** SECOND SHOWDOWN ***
4b7064a9 collected $1.08 from pot
*** SUMMARY ***
Total pot $2.31 | Rake $0.1 | Jackpot $0.05 | Bingo $0 | Fortune $0
Hand was run two times
FIRST Board [7s 4c Jd Js 6h]
SECOND Board [Qs 5s 5c 2d 8c]
Seat 1: 609cbf14 (big blind) folded before Flop
Seat 2: Hero folded before Flop (didn't bet)
Seat 3: 2f78cd68 showed [Ad 3d] and lost with Pair of Jacks, and lost with Pair of Fives
Seat 4: 4b7064a9 showed [Ks As] and won ($1.08) with Pair of Jacks, and won ($1.08) with Pair of Fives
Seat 5: 22cf30fb (button) folded before Flop (didn't bet)
Seat 6: 352327f6 (small blind) folded before Flop


Poker Hand #HD1163093543: Hold'em No Limit  ($0.02/$0.05) - 2023/03/16 19:38:01
Table 'NLHBlue114' 6-max Seat #4 is the button
Seat 1: 609cbf14 ($6.09 in chips)
Seat 2: Hero ($7.11 in chips)
Seat 3: 2f78cd68 ($5.43 in chips)
Seat 4: 4b7064a9 ($1.12 in chips)
Seat 5: 22cf30fb ($5.17 in chips)
Seat 6: 352327f6 ($5 in chips)
22cf30fb: posts small blind $0.02
352327f6: posts big blind $0.05
*** HOLE CARDS ***
Dealt to 609cbf14 
Dealt to Hero [Th 7c]
Dealt to 2f78cd68 
Dealt to 4b7064a9 
Dealt to 22cf30fb 
Dealt to 352327f6 
609cbf14: raises $0.08 to $0.13
Hero: folds
2f78cd68: folds
4b7064a9: folds
22cf30fb: folds
352327f6: folds
Uncalled bet ($0.08) returned to 609cbf14
*** SHOWDOWN ***
609cbf14 collected $0.12 from pot
*** SUMMARY ***
Total pot $0.12 | Rake $0 | Jackpot $0 | Bingo $0 | Fortune $0
Seat 1: 609cbf14 collected ($0.12)
Seat 2: Hero folded before Flop (didn't bet)
Seat 3: 2f78cd68 folded before Flop (didn't bet)
Seat 4: 4b7064a9 (button) folded before Flop (didn't bet)
Seat 5: 22cf30fb (small blind) folded before Flop
Seat 6: 352327f6 (big blind) folded before Flop


Poker Hand #HD1163093428: Hold'em No Limit  ($0.02/$0.05) - 2023/03/16 19:37:21
Table 'NLHBlue114' 6-max Seat #3 is the button
Seat 1: 609cbf14 ($5.9 in chips)
Seat 2: Hero ($7.24 in chips)
Seat 3: 2f78cd68 ($5.43 in chips)
Seat 4: 4b7064a9 ($1.14 in chips)
Seat 5: 22cf30fb ($5.22 in chips)
Seat 6: 352327f6 ($5 in chips)
4b7064a9: posts small blind $0.02
22cf30fb: posts big blind $0.05
*** HOLE CARDS ***
Dealt to 609cbf14 
Dealt to Hero [Qs Kc]
Dealt to 2f78cd68 
Dealt to 4b7064a9 
Dealt to 22cf30fb 
Dealt to 352327f6 
352327f6: folds
609cbf14: raises $0.08 to $0.13
Hero: calls $0.13
2f78cd68: folds
4b7064a9: folds
22cf30fb: folds
*** FLOP *** [Ts Td Ah]
609cbf14: checks
Hero: checks
*** TURN *** [Ts Td Ah] [9s]
609cbf14: checks
Hero: checks
*** RIVER *** [Ts Td Ah 9s] [5c]
609cbf14: checks
Hero: checks
609cbf14: shows [7s 7c] (Pair of Tens and Pair of Sevens)
Hero: shows [Qs Kc] (Pair of Tens)
*** SHOWDOWN ***
609cbf14 collected $0.32 from pot
*** SUMMARY ***
Total pot $0.33 | Rake $0.01 | Jackpot $0 | Bingo $0 | Fortune $0
Board [Ts Td Ah 9s 5c]
Seat 1: 609cbf14 showed [7s 7c] and won ($0.32) with Pair of Tens and Pair of Sevens
Seat 2: Hero showed [Qs Kc] and lost with Pair of Tens
Seat 3: 2f78cd68 (button) folded before Flop (didn't bet)
Seat 4: 4b7064a9 (small blind) folded before Flop
Seat 5: 22cf30fb (big blind) folded before Flop
Seat 6: 352327f6 folded before Flop (didn't bet)


Poker Hand #HD1163093327: Hold'em No Limit  ($0.02/$0.05) - 2023/03/16 19:36:43
Table 'NLHBlue114' 6-max Seat #2 is the button
Seat 1: 609cbf14 ($5.9 in chips)
Seat 2: Hero ($7.24 in chips)
Seat 3: 2f78cd68 ($5.58 in chips)
Seat 4: 4b7064a9 ($1 in chips)
Seat 5: 22cf30fb ($5.22 in chips)
Seat 6: 352327f6 ($5 in chips)
2f78cd68: posts small blind $0.02
4b7064a9: posts big blind $0.05
*** HOLE CARDS ***
Dealt to 609cbf14 
Dealt to Hero [Jh 8d]
Dealt to 2f78cd68 
Dealt to 4b7064a9 
Dealt to 22cf30fb 
Dealt to 352327f6 
22cf30fb: folds
352327f6: folds
609cbf14: folds
Hero: folds
2f78cd68: raises $0.1 to $0.15
4b7064a9: raises $0.85 to $1 and is all-in
2f78cd68: folds
Uncalled bet ($0.85) returned to 4b7064a9
*** SHOWDOWN ***
4b7064a9 collected $0.29 from pot
*** SUMMARY ***
Total pot $0.3 | Rake $0.01 | Jackpot $0 | Bingo $0 | Fortune $0
Seat 1: 609cbf14 folded before Flop (didn't bet)
Seat 2: Hero (button) folded before Flop (didn't bet)
Seat 3: 2f78cd68 (small blind) folded before Flop
Seat 4: 4b7064a9 (big blind) collected ($0.29)
Seat 5: 22cf30fb folded before Flop (didn't bet)
Seat 6: 352327f6 folded before Flop (didn't bet)


Poker Hand #HD1163093279: Hold'em No Limit  ($0.02/$0.05) - 2023/03/16 19:36:24
Table 'NLHBlue114' 6-max Seat #1 is the button
Seat 1: 609cbf14 ($6.03 in chips)
Seat 2: Hero ($7.07 in chips)
Seat 3: 2f78cd68 ($5.63 in chips)
Seat 5: 22cf30fb ($5.22 in chips)
Seat 6: 352327f6 ($5 in chips)
Hero: posts small blind $0.02
2f78cd68: posts big blind $0.05
*** HOLE CARDS ***
Dealt to 609cbf14 
Dealt to Hero [Ad Jd]
Dealt to 2f78cd68 
Dealt to 22cf30fb 
Dealt to 352327f6 
22cf30fb: folds
352327f6: folds
609cbf14: raises $0.08 to $0.13
Hero: raises $0.47 to $0.6
2f78cd68: folds
609cbf14: folds
Uncalled bet ($0.47) returned to Hero
*** SHOWDOWN ***
Hero collected $0.3 from pot
*** SUMMARY ***
Total pot $0.31 | Rake $0.01 | Jackpot $0 | Bingo $0 | Fortune $0
Seat 1: 609cbf14 (button) folded before Flop
Seat 2: Hero (small blind) collected ($0.3)
Seat 3: 2f78cd68 (big blind) folded before Flop
Seat 5: 22cf30fb folded before Flop (didn't bet)
Seat 6: 352327f6 folded before Flop (didn't bet)


Poker Hand #HD1163093249: Hold'em No Limit  ($0.02/$0.05) - 2023/03/16 19:36:12
Table 'NLHBlue114' 6-max Seat #6 is the button
Seat 1: 609cbf14 ($5.98 in chips)
Seat 2: Hero ($7.12 in chips)
Seat 3: 2f78cd68 ($5.63 in chips)
Seat 5: 22cf30fb ($5.22 in chips)
Seat 6: 352327f6 ($5 in chips)
609cbf14: posts small blind $0.02
Hero: posts big blind $0.05
*** HOLE CARDS ***
Dealt to 609cbf14 
Dealt to Hero [2d 8d]
Dealt to 2f78cd68 
Dealt to 22cf30fb 
Dealt to 352327f6 
2f78cd68: folds
22cf30fb: folds
352327f6: folds
609cbf14: raises $0.1 to $0.15
Hero: folds
Uncalled bet ($0.1) returned to 609cbf14
*** SHOWDOWN ***
609cbf14 collected $0.1 from pot
*** SUMMARY ***
Total pot $0.1 | Rake $0 | Jackpot $0 | Bingo $0 | Fortune $0
Seat 1: 609cbf14 (small blind) collected ($0.1)
Seat 2: Hero (big blind) folded before Flop
Seat 3: 2f78cd68 folded before Flop (didn't bet)
Seat 5: 22cf30fb folded before Flop (didn't bet)
Seat 6: 352327f6 (button) folded before Flop (didn't bet)


Poker Hand #HD1163093103: Hold'em No Limit  ($0.02/$0.05) - 2023/03/16 19:35:16
Table 'NLHBlue114' 6-max Seat #5 is the button
Seat 1: 609cbf14 ($5 in chips)
Seat 2: Hero ($7.12 in chips)
Seat 3: 2f78cd68 ($5.63 in chips)
Seat 5: 22cf30fb ($5.32 in chips)
Seat 6: 352327f6 ($5 in chips)
352327f6: posts small blind $0.02
609cbf14: posts big blind $0.05
*** HOLE CARDS ***
Dealt to 609cbf14 
Dealt to Hero [5c Js]
Dealt to 2f78cd68 
Dealt to 22cf30fb 
Dealt to 352327f6 
Hero: folds
2f78cd68: folds
22cf30fb: raises $0.05 to $0.1
352327f6: raises $0.34 to $0.44
609cbf14: calls $0.39
22cf30fb: folds
*** FLOP *** [5h 7s Tc]
352327f6: checks
609cbf14: bets $0.59
352327f6: calls $0.59
*** TURN *** [5h 7s Tc] [2d]
352327f6: checks
609cbf14: checks
*** RIVER *** [5h 7s Tc 2d] [5s]
352327f6: checks
609cbf14: checks
352327f6: shows [3c Ac] (Pair of Fives)
609cbf14: shows [8c 7c] (Pair of Sevens and Pair of Fives)
*** SHOWDOWN ***
609cbf14 collected $2.01 from pot
*** SUMMARY ***
Total pot $2.16 | Rake $0.1 | Jackpot $0.05 | Bingo $0 | Fortune $0
Board [5h 7s Tc 2d 5s]
Seat 1: 609cbf14 (big blind) showed [8c 7c] and won ($2.01) with Pair of Sevens and Pair of Fives
Seat 2: Hero folded before Flop (didn't bet)
Seat 3: 2f78cd68 folded before Flop (didn't bet)
Seat 5: 22cf30fb (button) folded before Flop
Seat 6: 352327f6 (small blind) showed [3c Ac] and lost with Pair of Fives


Poker Hand #HD1163092974: Hold'em No Limit  ($0.02/$0.05) - 2023/03/16 19:34:30
Table 'NLHBlue114' 6-max Seat #3 is the button
Seat 1: 609cbf14 ($5.2 in chips)
Seat 2: Hero ($7.12 in chips)
Seat 3: 2f78cd68 ($5.63 in chips)
Seat 5: 22cf30fb ($5 in chips)
Seat 6: 352327f6 ($5 in chips)
22cf30fb: posts small blind $0.02
352327f6: posts big blind $0.05
*** HOLE CARDS ***
Dealt to 609cbf14 
Dealt to Hero [7d 9d]
Dealt to 2f78cd68 
Dealt to 22cf30fb 
Dealt to 352327f6 
609cbf14: raises $0.08 to $0.13
Hero: folds
2f78cd68: folds
22cf30fb: calls $0.11
352327f6: folds
*** FLOP *** [3c Kd Th]
22cf30fb: bets $0.17
609cbf14: calls $0.17
*** TURN *** [3c Kd Th] [Jh]
22cf30fb: bets $0.46
609cbf14: folds
Uncalled bet ($0.46) returned to 22cf30fb
*** SHOWDOWN ***
22cf30fb collected $0.62 from pot
*** SUMMARY ***
Total pot $0.65 | Rake $0.03 | Jackpot $0 | Bingo $0 | Fortune $0
Board [3c Kd Th Jh]
Seat 1: 609cbf14 folded on the Turn
Seat 2: Hero folded before Flop (didn't bet)
Seat 3: 2f78cd68 (button) folded before Flop (didn't bet)
Seat 5: 22cf30fb (small blind) won ($0.62)
Seat 6: 352327f6 (big blind) folded before Flop


Poker Hand #HD1163092938: Hold'em No Limit  ($0.02/$0.05) - 2023/03/16 19:34:17
Table 'NLHBlue114' 6-max Seat #2 is the button
Seat 1: 609cbf14 ($5.13 in chips)
Seat 2: Hero ($7.12 in chips)
Seat 3: 2f78cd68 ($5.65 in chips)
Seat 5: 22cf30fb ($5 in chips)
Seat 6: 352327f6 ($5 in chips)
2f78cd68: posts small blind $0.02
22cf30fb: posts big blind $0.05
*** HOLE CARDS ***
Dealt to 609cbf14 
Dealt to Hero [8c 6h]
Dealt to 2f78cd68 
Dealt to 22cf30fb 
Dealt to 352327f6 
352327f6: folds
609cbf14: raises $0.08 to $0.13
Hero: folds
2f78cd68: folds
22cf30fb: folds
Uncalled bet ($0.08) returned to 609cbf14
*** SHOWDOWN ***
609cbf14 collected $0.12 from pot
*** SUMMARY ***
Total pot $0.12 | Rake $0 | Jackpot $0 | Bingo $0 | Fortune $0
Seat 1: 609cbf14 collected ($0.12)
Seat 2: Hero (button) folded before Flop (didn't bet)
Seat 3: 2f78cd68 (small blind) folded before Flop
Seat 5: 22cf30fb (big blind) folded before Flop
Seat 6: 352327f6 folded before Flop (didn't bet)


Poker Hand #HD1163092915: Hold'em No Limit  ($0.02/$0.05) - 2023/03/16 19:34:09
Table 'NLHBlue114' 6-max Seat #1 is the button
Seat 1: 609cbf14 ($5.13 in chips)
Seat 2: Hero ($7.14 in chips)
Seat 3: 2f78cd68 ($5.63 in chips)
Seat 5: 22cf30fb ($5 in chips)
Seat 6: 352327f6 ($5 in chips)
Hero: posts small blind $0.02
2f78cd68: posts big blind $0.05
*** HOLE CARDS ***
Dealt to 609cbf14 
Dealt to Hero [Kd 4s]
Dealt to 2f78cd68 
Dealt to 22cf30fb 
Dealt to 352327f6 
22cf30fb: folds
352327f6: folds
609cbf14: folds
Hero: folds
Uncalled bet ($0.03) returned to 2f78cd68
*** SHOWDOWN ***
2f78cd68 collected $0.04 from pot
*** SUMMARY ***
Total pot $0.04 | Rake $0 | Jackpot $0 | Bingo $0 | Fortune $0
Seat 1: 609cbf14 (button) folded before Flop (didn't bet)
Seat 2: Hero (small blind) folded before Flop
Seat 3: 2f78cd68 (big blind) collected ($0.04)
Seat 5: 22cf30fb folded before Flop (didn't bet)
Seat 6: 352327f6 folded before Flop (didn't bet)


Poker Hand #HD1163092766: Hold'em No Limit  ($0.02/$0.05) - 2023/03/16 19:33:12
Table 'NLHBlue114' 6-max Seat #6 is the button
Seat 1: 609cbf14 ($5.15 in chips)
Seat 2: Hero ($6.34 in chips)
Seat 3: 2f78cd68 ($5.63 in chips)
Seat 4: 9c4536b ($7.65 in chips)
Seat 5: 22cf30fb ($5 in chips)
Seat 6: 352327f6 ($5 in chips)
609cbf14: posts small blind $0.02
Hero: posts big blind $0.05
*** HOLE CARDS ***
Dealt to 609cbf14 
Dealt to Hero [Kd Ad]
Dealt to 2f78cd68 
Dealt to 9c4536b 
Dealt to 22cf30fb 
Dealt to 352327f6 
2f78cd68: folds
9c4536b: folds
22cf30fb: folds
352327f6: raises $0.08 to $0.13
609cbf14: folds
Hero: raises $0.42 to $0.55
352327f6: calls $0.42
*** FLOP *** [5s 2c Kh]
Hero: bets $0.37
352327f6: calls $0.37
*** TURN *** [5s 2c Kh] [Tc]
Hero: bets $0.93
352327f6: folds
Uncalled bet ($0.93) returned to Hero
Hero: shows [Kd Ad] (Pair of Kings)
*** SHOWDOWN ***
Hero collected $1.72 from pot
*** SUMMARY ***
Total pot $1.86 | Rake $0.09 | Jackpot $0.05 | Bingo $0 | Fortune $0
Board [5s 2c Kh Tc]
Seat 1: 609cbf14 (small blind) folded before Flop
Seat 2: Hero (big blind) showed [Kd Ad] and won ($1.72) with Pair of Kings
Seat 3: 2f78cd68 folded before Flop (didn't bet)
Seat 4: 9c4536b folded before Flop (didn't bet)
Seat 5: 22cf30fb folded before Flop (didn't bet)
Seat 6: 352327f6 (button) folded on the Turn


Poker Hand #HD1163092633: Hold'em No Limit  ($0.02/$0.05) - 2023/03/16 19:32:29
Table 'NLHBlue114' 6-max Seat #5 is the button
Seat 1: 609cbf14 ($5 in chips)
Seat 2: Hero ($6.34 in chips)
Seat 3: 2f78cd68 ($5.63 in chips)
Seat 4: 9c4536b ($7.79 in chips)
Seat 5: 22cf30fb ($5 in chips)
Seat 6: 352327f6 ($5 in chips)
352327f6: posts small blind $0.02
609cbf14: posts big blind $0.05
*** HOLE CARDS ***
Dealt to 609cbf14 
Dealt to Hero [2d Tc]
Dealt to 2f78cd68 
Dealt to 9c4536b 
Dealt to 22cf30fb 
Dealt to 352327f6 
Hero: folds
2f78cd68: folds
9c4536b: calls $0.05
22cf30fb: folds
352327f6: folds
609cbf14: checks
*** FLOP *** [5c 2c As]
609cbf14: checks
9c4536b: bets $0.09
609cbf14: calls $0.09
*** TURN *** [5c 2c As] [9c]
609cbf14: checks
9c4536b: checks
*** RIVER *** [5c 2c As 9c] [4c]
609cbf14: checks
9c4536b: checks
609cbf14: shows [5h 6c] (Nine High Flush)
9c4536b: shows [Ah 3s] (Fives-High Straight)
*** SHOWDOWN ***
609cbf14 collected $0.29 from pot
*** SUMMARY ***
Total pot $0.3 | Rake $0.01 | Jackpot $0 | Bingo $0 | Fortune $0
Board [5c 2c As 9c 4c]
Seat 1: 609cbf14 (big blind) showed [5h 6c] and won ($0.29) with Nine High Flush
Seat 2: Hero folded before Flop (didn't bet)
Seat 3: 2f78cd68 folded before Flop (didn't bet)
Seat 4: 9c4536b showed [Ah 3s] and lost with Fives-High Straight
Seat 5: 22cf30fb (button) folded before Flop (didn't bet)
Seat 6: 352327f6 (small blind) folded before Flop


Poker Hand #HD1163092570: Hold'em No Limit  ($0.02/$0.05) - 2023/03/16 19:32:05
Table 'NLHBlue114' 6-max Seat #4 is the button
Seat 1: 609cbf14 ($5 in chips)
Seat 2: Hero ($6.34 in chips)
Seat 3: 2f78cd68 ($5.63 in chips)
Seat 4: 9c4536b ($7.72 in chips)
Seat 5: 22cf30fb ($5 in chips)
Seat 6: 352327f6 ($5 in chips)
22cf30fb: posts small blind $0.02
352327f6: posts big blind $0.05
*** HOLE CARDS ***
Dealt to 609cbf14 
Dealt to Hero [2c Th]
Dealt to 2f78cd68 
Dealt to 9c4536b 
Dealt to 22cf30fb 
Dealt to 352327f6 
609cbf14: folds
Hero: folds
2f78cd68: folds
9c4536b: calls $0.05
22cf30fb: folds
352327f6: checks
*** FLOP *** [8c 6c Ah]
352327f6: checks
9c4536b: bets $0.12
352327f6: folds
Uncalled bet ($0.12) returned to 9c4536b
*** SHOWDOWN ***
9c4536b collected $0.12 from pot
*** SUMMARY ***
Total pot $0.12 | Rake $0 | Jackpot $0 | Bingo $0 | Fortune $0
Board [8c 6c Ah]
Seat 1: 609cbf14 folded before Flop (didn't bet)
Seat 2: Hero folded before Flop (didn't bet)
Seat 3: 2f78cd68 folded before Flop (didn't bet)
Seat 4: 9c4536b (button) won ($0.12)
Seat 5: 22cf30fb (small blind) folded before Flop
Seat 6: 352327f6 (big blind) folded on the Flop


Poker Hand #HD1163092358: Hold'em No Limit  ($0.02/$0.05) - 2023/03/16 19:30:40
Table 'NLHBlue114' 6-max Seat #3 is the button
Seat 1: 609cbf14 ($5 in chips)
Seat 2: Hero ($6.34 in chips)
Seat 3: 2f78cd68 ($5.63 in chips)
Seat 4: 9c4536b ($6.22 in chips)
Seat 5: 22cf30fb ($5 in chips)
Seat 6: 352327f6 ($5 in chips)
9c4536b: posts small blind $0.02
22cf30fb: posts big blind $0.05
*** HOLE CARDS ***
Dealt to 609cbf14 
Dealt to Hero [8h 4s]
Dealt to 2f78cd68 
Dealt to 9c4536b 
Dealt to 22cf30fb 
Dealt to 352327f6 
352327f6: folds
609cbf14: raises $0.08 to $0.13
Hero: folds
2f78cd68: folds
9c4536b: calls $0.11
22cf30fb: folds
*** FLOP *** [2s 5s 9c]
9c4536b: checks
609cbf14: bets $0.19
9c4536b: calls $0.19
*** TURN *** [2s 5s 9c] [Kh]
9c4536b: checks
609cbf14: bets $0.42
9c4536b: calls $0.42
*** RIVER *** [2s 5s 9c Kh] [4d]
9c4536b: checks
609cbf14: bets $0.92
9c4536b: calls $0.92
609cbf14: shows [Td Js] (King-High)
9c4536b: shows [9s Jd] (Pair of Nines)
*** SHOWDOWN ***
9c4536b collected $3.16 from pot
*** SUMMARY ***
Total pot $3.37 | Rake $0.16 | Jackpot $0.05 | Bingo $0 | Fortune $0
Board [2s 5s 9c Kh 4d]
Seat 1: 609cbf14 showed [Td Js] and lost with King-High
Seat 2: Hero folded before Flop (didn't bet)
Seat 3: 2f78cd68 (button) folded before Flop (didn't bet)
Seat 4: 9c4536b (small blind) showed [9s Jd] and won ($3.16) with Pair of Nines
Seat 5: 22cf30fb (big blind) folded before Flop
Seat 6: 352327f6 folded before Flop (didn't bet)


Poker Hand #HD1163092241: Hold'em No Limit  ($0.02/$0.05) - 2023/03/16 19:29:58
Table 'NLHBlue114' 6-max Seat #2 is the button
Seat 1: 609cbf14 ($5 in chips)
Seat 2: Hero ($6.66 in chips)
Seat 3: 2f78cd68 ($5.65 in chips)
Seat 4: 9c4536b ($5.91 in chips)
Seat 5: 22cf30fb ($5 in chips)
Seat 6: 352327f6 ($5 in chips)
2f78cd68: posts small blind $0.02
9c4536b: posts big blind $0.05
*** HOLE CARDS ***
Dealt to 609cbf14 
Dealt to Hero [Ac Qc]
Dealt to 2f78cd68 
Dealt to 9c4536b 
Dealt to 22cf30fb 
Dealt to 352327f6 
22cf30fb: folds
352327f6: folds
609cbf14: folds
Hero: raises $0.07 to $0.12
2f78cd68: folds
9c4536b: calls $0.07
*** FLOP *** [Ts 9d 4h]
9c4536b: checks
Hero: checks
*** TURN *** [Ts 9d 4h] [Jc]
9c4536b: checks
Hero: bets $0.2
9c4536b: calls $0.2
*** RIVER *** [Ts 9d 4h Jc] [6d]
9c4536b: checks
Hero: checks
9c4536b: shows [Jh 6h] (Pair of Jacks and Pair of Sixes)
Hero: shows [Ac Qc] (Ace-High)
*** SHOWDOWN ***
9c4536b collected $0.63 from pot
*** SUMMARY ***
Total pot $0.66 | Rake $0.03 | Jackpot $0 | Bingo $0 | Fortune $0
Board [Ts 9d 4h Jc 6d]
Seat 1: 609cbf14 folded before Flop (didn't bet)
Seat 2: Hero (button) showed [Ac Qc] and lost with Ace-High
Seat 3: 2f78cd68 (small blind) folded before Flop
Seat 4: 9c4536b (big blind) showed [Jh 6h] and won ($0.63) with Pair of Jacks and Pair of Sixes
Seat 5: 22cf30fb folded before Flop (didn't bet)
Seat 6: 352327f6 folded before Flop (didn't bet)


Poker Hand #HD1163092156: Hold'em No Limit  ($0.02/$0.05) - 2023/03/16 19:29:25
Table 'NLHBlue114' 6-max Seat #1 is the button
Seat 1: 609cbf14 ($5 in chips)
Seat 2: Hero ($6.1 in chips)
Seat 3: 2f78cd68 ($5.7 in chips)
Seat 4: 9c4536b ($6.47 in chips)
Seat 5: 22cf30fb ($5 in chips)
Seat 6: 352327f6 ($5 in chips)
Hero: posts small blind $0.02
2f78cd68: posts big blind $0.05
*** HOLE CARDS ***
Dealt to 609cbf14 
Dealt to Hero [Qc Ac]
Dealt to 2f78cd68 
Dealt to 9c4536b 
Dealt to 22cf30fb 
Dealt to 352327f6 
9c4536b: raises $0.1 to $0.15
22cf30fb: folds
352327f6: folds
609cbf14: folds
Hero: raises $0.41 to $0.56
2f78cd68: folds
9c4536b: calls $0.41
*** FLOP *** [9s 4s Qs]
Hero: bets $0.88
9c4536b: folds
Uncalled bet ($0.88) returned to Hero
*** SHOWDOWN ***
Hero collected $1.12 from pot
*** SUMMARY ***
Total pot $1.17 | Rake $0.05 | Jackpot $0 | Bingo $0 | Fortune $0
Board [9s 4s Qs]
Seat 1: 609cbf14 (button) folded before Flop (didn't bet)
Seat 2: Hero (small blind) won ($1.12)
Seat 3: 2f78cd68 (big blind) folded before Flop
Seat 4: 9c4536b folded on the Flop
Seat 5: 22cf30fb folded before Flop (didn't bet)
Seat 6: 352327f6 folded before Flop (didn't bet)


Poker Hand #HD1163092033: Hold'em No Limit  ($0.02/$0.05) - 2023/03/16 19:28:39
Table 'NLHBlue114' 6-max Seat #6 is the button
Seat 1: 609cbf14 ($5 in chips)
Seat 2: Hero ($6.15 in chips)
Seat 3: 2f78cd68 ($4.93 in chips)
Seat 4: 9c4536b ($7.18 in chips)
Seat 5: 22cf30fb ($5 in chips)
Seat 6: 352327f6 ($5 in chips)
609cbf14: posts small blind $0.02
Hero: posts big blind $0.05
*** HOLE CARDS ***
Dealt to 609cbf14 
Dealt to Hero [6c 4d]
Dealt to 2f78cd68 
Dealt to 9c4536b 
Dealt to 22cf30fb 
Dealt to 352327f6 
2f78cd68: raises $0.06 to $0.11
9c4536b: calls $0.11
22cf30fb: calls $0.11
352327f6: folds
609cbf14: folds
Hero: folds
*** FLOP *** [Tc Jc 8d]
2f78cd68: bets $0.2
9c4536b: calls $0.2
22cf30fb: folds
*** TURN *** [Tc Jc 8d] [Ac]
2f78cd68: bets $0.4
9c4536b: calls $0.4
*** RIVER *** [Tc Jc 8d Ac] [2d]
2f78cd68: bets $0.8
9c4536b: folds
Uncalled bet ($0.8) returned to 2f78cd68
*** SHOWDOWN ***
2f78cd68 collected $1.48 from pot
*** SUMMARY ***
Total pot $1.6 | Rake $0.07 | Jackpot $0.05 | Bingo $0 | Fortune $0
Board [Tc Jc 8d Ac 2d]
Seat 1: 609cbf14 (small blind) folded before Flop
Seat 2: Hero (big blind) folded before Flop
Seat 3: 2f78cd68 won ($1.48)
Seat 4: 9c4536b folded on the River
Seat 5: 22cf30fb folded on the Flop
Seat 6: 352327f6 (button) folded before Flop (didn't bet)


Poker Hand #HD1163091914: Hold'em No Limit  ($0.02/$0.05) - 2023/03/16 19:27:49
Table 'NLHBlue114' 6-max Seat #5 is the button
Seat 1: 609cbf14 ($5.18 in chips)
Seat 2: Hero ($5.21 in chips)
Seat 3: 2f78cd68 ($4.93 in chips)
Seat 4: 9c4536b ($7.18 in chips)
Seat 5: 22cf30fb ($5 in chips)
Seat 6: 352327f6 ($5 in chips)
352327f6: posts small blind $0.02
609cbf14: posts big blind $0.05
*** HOLE CARDS ***
Dealt to 609cbf14 
Dealt to Hero [As Kd]
Dealt to 2f78cd68 
Dealt to 9c4536b 
Dealt to 22cf30fb 
Dealt to 352327f6 
Hero: raises $0.07 to $0.12
2f78cd68: folds
9c4536b: folds
22cf30fb: folds
352327f6: folds
609cbf14: raises $0.28 to $0.4
Hero: raises $0.62 to $1.02
609cbf14: calls $0.62
*** FLOP *** [9s 9d Jc]
609cbf14: checks
Hero: checks
*** TURN *** [9s 9d Jc] [9h]
609cbf14: checks
Hero: checks
*** RIVER *** [9s 9d Jc 9h] [4h]
609cbf14: checks
Hero: bets $0.05
609cbf14: calls $0.05
Hero: shows [As Kd] (Three Nines)
609cbf14: shows [Qc Ac] (Three Nines)
*** SHOWDOWN ***
Hero collected $2.01 from pot
*** SUMMARY ***
Total pot $2.16 | Rake $0.1 | Jackpot $0.05 | Bingo $0 | Fortune $0
Board [9s 9d Jc 9h 4h]
Seat 1: 609cbf14 (big blind) showed [Qc Ac] and lost with Three Nines
Seat 2: Hero showed [As Kd] and won ($2.01) with Three Nines
Seat 3: 2f78cd68 folded before Flop (didn't bet)
Seat 4: 9c4536b folded before Flop (didn't bet)
Seat 5: 22cf30fb (button) folded before Flop (didn't bet)
Seat 6: 352327f6 (small blind) folded before Flop


Poker Hand #HD1163091778: Hold'em No Limit  ($0.02/$0.05) - 2023/03/16 19:26:53
Table 'NLHBlue114' 6-max Seat #4 is the button
Seat 1: 609cbf14 ($5.37 in chips)
Seat 2: Hero ($5.21 in chips)
Seat 3: 2f78cd68 ($4.93 in chips)
Seat 4: 9c4536b ($7.31 in chips)
Seat 5: 22cf30fb ($5.02 in chips)
Seat 6: 352327f6 ($5.05 in chips)
22cf30fb: posts small blind $0.02
352327f6: posts big blind $0.05
*** HOLE CARDS ***
Dealt to 609cbf14 
Dealt to Hero [3c Ah]
Dealt to 2f78cd68 
Dealt to 9c4536b 
Dealt to 22cf30fb 
Dealt to 352327f6 
609cbf14: raises $0.08 to $0.13
Hero: folds
2f78cd68: folds
9c4536b: calls $0.13
22cf30fb: raises $0.64 to $0.77
352327f6: folds
609cbf14: calls $0.64
9c4536b: folds
*** FLOP *** [5h 3s Ks]
22cf30fb: bets $0.9
609cbf14: calls $0.9
*** TURN *** [5h 3s Ks] [8c]
22cf30fb: bets $3.35 and is all-in
609cbf14: calls $3.35
22cf30fb: shows [Kd As] (Pair of Kings)
609cbf14: shows [Ad Kc] (Pair of Kings)
*** RIVER *** [5h 3s Ks 8c] [9s]
*** SHOWDOWN ***
22cf30fb collected $4.84 from pot
609cbf14 collected $4.83 from pot
*** SUMMARY ***
Total pot $10.22 | Rake $0.5 | Jackpot $0.05 | Bingo $0 | Fortune $0
Board [5h 3s Ks 8c 9s]
Seat 1: 609cbf14 showed [Ad Kc] and won ($4.83) with Pair of Kings
Seat 2: Hero folded before Flop (didn't bet)
Seat 3: 2f78cd68 folded before Flop (didn't bet)
Seat 4: 9c4536b (button) folded before Flop
Seat 5: 22cf30fb (small blind) showed [Kd As] and won ($4.84) with Pair of Kings
Seat 6: 352327f6 (big blind) folded before Flop


Poker Hand #HD1163091725: Hold'em No Limit  ($0.02/$0.05) - 2023/03/16 19:26:32
Table 'NLHBlue114' 6-max Seat #3 is the button
Seat 1: 609cbf14 ($5.37 in chips)
Seat 2: Hero ($5.21 in chips)
Seat 3: 2f78cd68 ($4.93 in chips)
Seat 4: 9c4536b ($7.33 in chips)
Seat 5: 22cf30fb ($5 in chips)
Seat 6: 352327f6 ($5.05 in chips)
9c4536b: posts small blind $0.02
22cf30fb: posts big blind $0.05
*** HOLE CARDS ***
Dealt to 609cbf14 
Dealt to Hero [7c 8s]
Dealt to 2f78cd68 
Dealt to 9c4536b 
Dealt to 22cf30fb 
Dealt to 352327f6 
352327f6: folds
609cbf14: folds
Hero: folds
2f78cd68: folds
9c4536b: folds
Uncalled bet ($0.03) returned to 22cf30fb
*** SHOWDOWN ***
22cf30fb collected $0.04 from pot
*** SUMMARY ***
Total pot $0.04 | Rake $0 | Jackpot $0 | Bingo $0 | Fortune $0
Seat 1: 609cbf14 folded before Flop (didn't bet)
Seat 2: Hero folded before Flop (didn't bet)
Seat 3: 2f78cd68 (button) folded before Flop (didn't bet)
Seat 4: 9c4536b (small blind) folded before Flop
Seat 5: 22cf30fb (big blind) collected ($0.04)
Seat 6: 352327f6 folded before Flop (didn't bet)


Poker Hand #HD1163091574: Hold'em No Limit  ($0.02/$0.05) - 2023/03/16 19:25:35
Table 'NLHBlue114' 6-max Seat #2 is the button
Seat 1: 609cbf14 ($5.37 in chips)
Seat 2: Hero ($5 in chips)
Seat 3: 2f78cd68 ($4.95 in chips)
Seat 4: 9c4536b ($7.54 in chips)
Seat 5: 22cf30fb ($5 in chips)
Seat 6: 352327f6 ($5.05 in chips)
2f78cd68: posts small blind $0.02
9c4536b: posts big blind $0.05
*** HOLE CARDS ***
Dealt to 609cbf14 
Dealt to Hero [8d 6d]
Dealt to 2f78cd68 
Dealt to 9c4536b 
Dealt to 22cf30fb 
Dealt to 352327f6 
22cf30fb: folds
352327f6: folds
609cbf14: folds
Hero: raises $0.07 to $0.12
2f78cd68: folds
9c4536b: calls $0.07
*** FLOP *** [Js 2d 6h]
9c4536b: checks
Hero: bets $0.09
9c4536b: calls $0.09
*** TURN *** [Js 2d 6h] [2h]
9c4536b: checks
Hero: bets $0.33
9c4536b: folds
Uncalled bet ($0.33) returned to Hero
*** SHOWDOWN ***
Hero collected $0.42 from pot
*** SUMMARY ***
Total pot $0.44 | Rake $0.02 | Jackpot $0 | Bingo $0 | Fortune $0
Board [Js 2d 6h 2h]
Seat 1: 609cbf14 folded before Flop (didn't bet)
Seat 2: Hero (button) won ($0.42)
Seat 3: 2f78cd68 (small blind) folded before Flop
Seat 4: 9c4536b (big blind) folded on the Turn
Seat 5: 22cf30fb folded before Flop (didn't bet)
Seat 6: 352327f6 folded before Flop (didn't bet)


Poker Hand #HD1163091478: Hold'em No Limit  ($0.02/$0.05) - 2023/03/16 19:24:56
Table 'NLHBlue114' 6-max Seat #1 is the button
Seat 1: 609cbf14 ($5.18 in chips)
Seat 2: Hero ($5 in chips)
Seat 3: 2f78cd68 ($5 in chips)
Seat 4: 9c4536b ($7.54 in chips)
Seat 5: 22cf30fb ($5 in chips)
Seat 6: 352327f6 ($5.18 in chips)
Hero: posts small blind $0.02
2f78cd68: posts big blind $0.05
*** HOLE CARDS ***
Dealt to 609cbf14 
Dealt to Hero [8d 5h]
Dealt to 2f78cd68 
Dealt to 9c4536b 
Dealt to 22cf30fb 
Dealt to 352327f6 
9c4536b: folds
22cf30fb: folds
352327f6: raises $0.08 to $0.13
609cbf14: raises $0.22 to $0.35
Hero: folds
2f78cd68: folds
352327f6: folds
Uncalled bet ($0.22) returned to 609cbf14
*** SHOWDOWN ***
609cbf14 collected $0.32 from pot
*** SUMMARY ***
Total pot $0.33 | Rake $0.01 | Jackpot $0 | Bingo $0 | Fortune $0
Seat 1: 609cbf14 (button) collected ($0.32)
Seat 2: Hero (small blind) folded before Flop
Seat 3: 2f78cd68 (big blind) folded before Flop
Seat 4: 9c4536b folded before Flop (didn't bet)
Seat 5: 22cf30fb folded before Flop (didn't bet)
Seat 6: 352327f6 folded before Flop


Poker Hand #HD1163091399: Hold'em No Limit  ($0.02/$0.05) - 2023/03/16 19:24:29
Table 'NLHBlue114' 6-max Seat #6 is the button
Seat 1: 609cbf14 ($5.38 in chips)
Seat 2: Hero ($5 in chips)
Seat 4: 9c4536b ($7.31 in chips)
Seat 5: 22cf30fb ($5 in chips)
Seat 6: 352327f6 ($5.18 in chips)
609cbf14: posts small blind $0.02
Hero: posts big blind $0.05
*** HOLE CARDS ***
Dealt to 609cbf14 
Dealt to Hero [7s 3h]
Dealt to 9c4536b 
Dealt to 22cf30fb 
Dealt to 352327f6 
9c4536b: calls $0.05
22cf30fb: folds
352327f6: folds
609cbf14: raises $0.15 to $0.2
Hero: folds
9c4536b: calls $0.15
*** FLOP *** [5d As Ks]
609cbf14: checks
9c4536b: bets $0.45
609cbf14: folds
Uncalled bet ($0.45) returned to 9c4536b
*** SHOWDOWN ***
9c4536b collected $0.43 from pot
*** SUMMARY ***
Total pot $0.45 | Rake $0.02 | Jackpot $0 | Bingo $0 | Fortune $0
Board [5d As Ks]
Seat 1: 609cbf14 (small blind) folded on the Flop
Seat 2: Hero (big blind) folded before Flop
Seat 4: 9c4536b won ($0.43)
Seat 5: 22cf30fb folded before Flop (didn't bet)
Seat 6: 352327f6 (button) folded before Flop (didn't bet)


Poker Hand #HD1163091354: Hold'em No Limit  ($0.02/$0.05) - 2023/03/16 19:24:13
Table 'NLHBlue114' 6-max Seat #5 is the button
Seat 1: 609cbf14 ($5.36 in chips)
Seat 2: Hero ($5 in chips)
Seat 4: 9c4536b ($7.31 in chips)
Seat 5: 22cf30fb ($5 in chips)
Seat 6: 352327f6 ($5.2 in chips)
352327f6: posts small blind $0.02
609cbf14: posts big blind $0.05
*** HOLE CARDS ***
Dealt to 609cbf14 
Dealt to Hero [8c 6s]
Dealt to 9c4536b 
Dealt to 22cf30fb 
Dealt to 352327f6 
Hero: folds
9c4536b: folds
22cf30fb: folds
352327f6: folds
Uncalled bet ($0.03) returned to 609cbf14
*** SHOWDOWN ***
609cbf14 collected $0.04 from pot
*** SUMMARY ***
Total pot $0.04 | Rake $0 | Jackpot $0 | Bingo $0 | Fortune $0
Seat 1: 609cbf14 (big blind) collected ($0.04)
Seat 2: Hero folded before Flop (didn't bet)
Seat 4: 9c4536b folded before Flop (didn't bet)
Seat 5: 22cf30fb (button) folded before Flop (didn't bet)
Seat 6: 352327f6 (small blind) folded before Flop


Poker Hand #HD1163091231: Hold'em No Limit  ($0.02/$0.05) - 2023/03/16 19:23:31
Table 'NLHBlue114' 6-max Seat #4 is the button
Seat 1: 609cbf14 ($5.36 in chips)
Seat 2: Hero ($5 in chips)
Seat 4: 9c4536b ($7.46 in chips)
Seat 5: 22cf30fb ($5 in chips)
Seat 6: 352327f6 ($5.04 in chips)
22cf30fb: posts small blind $0.02
352327f6: posts big blind $0.05
*** HOLE CARDS ***
Dealt to 609cbf14 
Dealt to Hero [Td 8c]
Dealt to 9c4536b 
Dealt to 22cf30fb 
Dealt to 352327f6 
609cbf14: folds
Hero: folds
9c4536b: raises $0.1 to $0.15
22cf30fb: folds
352327f6: calls $0.1
*** FLOP *** [2s 7c 6h]
352327f6: checks
9c4536b: checks
*** TURN *** [2s 7c 6h] [8h]
352327f6: checks
9c4536b: checks
*** RIVER *** [2s 7c 6h 8h] [9c]
352327f6: bets $0.24
9c4536b: folds
Uncalled bet ($0.24) returned to 352327f6
*** SHOWDOWN ***
352327f6 collected $0.31 from pot
*** SUMMARY ***
Total pot $0.32 | Rake $0.01 | Jackpot $0 | Bingo $0 | Fortune $0
Board [2s 7c 6h 8h 9c]
Seat 1: 609cbf14 folded before Flop (didn't bet)
Seat 2: Hero folded before Flop (didn't bet)
Seat 4: 9c4536b (button) folded on the River
Seat 5: 22cf30fb (small blind) folded before Flop
Seat 6: 352327f6 (big blind) won ($0.31)


Poker Hand #HD1163091156: Hold'em No Limit  ($0.02/$0.05) - 2023/03/16 19:23:00
Table 'NLHBlue114' 6-max Seat #2 is the button
Seat 1: 609cbf14 ($5.07 in chips)
Seat 2: Hero ($5 in chips)
Seat 4: 9c4536b ($7.59 in chips)
Seat 5: 22cf30fb ($5.03 in chips)
Seat 6: 352327f6 ($5.17 in chips)
9c4536b: posts small blind $0.02
22cf30fb: posts big blind $0.05
*** HOLE CARDS ***
Dealt to 609cbf14 
Dealt to Hero [4d 7d]
Dealt to 9c4536b 
Dealt to 22cf30fb 
Dealt to 352327f6 
352327f6: raises $0.08 to $0.13
609cbf14: calls $0.13
Hero: folds
9c4536b: calls $0.11
22cf30fb: folds
*** FLOP *** [2h Js 6c]
9c4536b: checks
352327f6: checks
609cbf14: bets $0.18
9c4536b: folds
352327f6: folds
Uncalled bet ($0.18) returned to 609cbf14
*** SHOWDOWN ***
609cbf14 collected $0.42 from pot
*** SUMMARY ***
Total pot $0.44 | Rake $0.02 | Jackpot $0 | Bingo $0 | Fortune $0
Board [2h Js 6c]
Seat 1: 609cbf14 won ($0.42)
Seat 2: Hero (button) folded before Flop (didn't bet)
Seat 4: 9c4536b (small blind) folded on the Flop
Seat 5: 22cf30fb (big blind) folded before Flop
Seat 6: 352327f6 folded on the Flop


Poker Hand #HD1163091126: Hold'em No Limit  ($0.02/$0.05) - 2023/03/16 19:22:48
Table 'NLHBlue114' 6-max Seat #1 is the button
Seat 1: 609cbf14 ($5 in chips)
Seat 2: Hero ($5 in chips)
Seat 4: 9c4536b ($7.64 in chips)
Seat 5: 22cf30fb ($5.03 in chips)
Seat 6: 352327f6 ($5.17 in chips)
Hero: posts small blind $0.02
9c4536b: posts big blind $0.05
*** HOLE CARDS ***
Dealt to 609cbf14 
Dealt to Hero [5c 2h]
Dealt to 9c4536b 
Dealt to 22cf30fb 
Dealt to 352327f6 
22cf30fb: folds
352327f6: folds
609cbf14: raises $0.08 to $0.13
Hero: folds
9c4536b: folds
Uncalled bet ($0.08) returned to 609cbf14
*** SHOWDOWN ***
609cbf14 collected $0.12 from pot
*** SUMMARY ***
Total pot $0.12 | Rake $0 | Jackpot $0 | Bingo $0 | Fortune $0
Seat 1: 609cbf14 (button) collected ($0.12)
Seat 2: Hero (small blind) folded before Flop
Seat 4: 9c4536b (big blind) folded before Flop
Seat 5: 22cf30fb folded before Flop (didn't bet)
Seat 6: 352327f6 folded before Flop (didn't bet)


Poker Hand #HD1163090990: Hold'em No Limit  ($0.02/$0.05) - 2023/03/16 19:21:53
Table 'NLHBlue114' 6-max Seat #6 is the button
Seat 1: 609cbf14 ($5.19 in chips)
Seat 2: Hero ($5 in chips)
Seat 3: 88dac83b ($5 in chips)
Seat 4: 9c4536b ($5.43 in chips)
Seat 5: 22cf30fb ($5.03 in chips)
Seat 6: 352327f6 ($5.17 in chips)
609cbf14: posts small blind $0.02
Hero: posts big blind $0.05
*** HOLE CARDS ***
Dealt to 609cbf14 
Dealt to Hero [2c 2h]
Dealt to 88dac83b 
Dealt to 9c4536b 
Dealt to 22cf30fb 
Dealt to 352327f6 
88dac83b: folds
9c4536b: raises $0.1 to $0.15
22cf30fb: folds
352327f6: folds
609cbf14: raises $0.45 to $0.6
Hero: folds
9c4536b: calls $0.45
*** FLOP *** [Jh Ts 9d]
609cbf14: bets $0.5
9c4536b: calls $0.5
*** TURN *** [Jh Ts 9d] [Tc]
609cbf14: bets $1.35
9c4536b: calls $1.35
*** RIVER *** [Jh Ts 9d Tc] [9c]
609cbf14: checks
9c4536b: checks
609cbf14: shows [Jd Kc] (Pair of Jacks and Pair of Tens)
9c4536b: shows [Ah Js] (Pair of Jacks and Pair of Tens)
*** SHOWDOWN ***
9c4536b collected $4.66 from pot
*** SUMMARY ***
Total pot $4.95 | Rake $0.24 | Jackpot $0.05 | Bingo $0 | Fortune $0
Board [Jh Ts 9d Tc 9c]
Seat 1: 609cbf14 (small blind) showed [Jd Kc] and lost with Pair of Jacks and Pair of Tens
Seat 2: Hero (big blind) folded before Flop
Seat 3: 88dac83b folded before Flop (didn't bet)
Seat 4: 9c4536b showed [Ah Js] and won ($4.66) with Pair of Jacks and Pair of Tens
Seat 5: 22cf30fb folded before Flop (didn't bet)
Seat 6: 352327f6 (button) folded before Flop (didn't bet)


Poker Hand #HD1163090858: Hold'em No Limit  ($0.02/$0.05) - 2023/03/16 19:21:12
Table 'NLHBlue114' 6-max Seat #5 is the button
Seat 1: 609cbf14 ($5.01 in chips)
Seat 2: Hero ($5 in chips)
Seat 3: 88dac83b ($5 in chips)
Seat 4: 9c4536b ($5.6 in chips)
Seat 5: 22cf30fb ($5.03 in chips)
Seat 6: 352327f6 ($5.19 in chips)
352327f6: posts small blind $0.02
609cbf14: posts big blind $0.05
*** HOLE CARDS ***
Dealt to 609cbf14 
Dealt to Hero [Qs 2c]
Dealt to 88dac83b 
Dealt to 9c4536b 
Dealt to 22cf30fb 
Dealt to 352327f6 
Hero: folds
88dac83b: folds
9c4536b: calls $0.05
22cf30fb: folds
352327f6: folds
609cbf14: checks
*** FLOP *** [Kc 9c 8s]
609cbf14: checks
9c4536b: bets $0.12
609cbf14: calls $0.12
*** TURN *** [Kc 9c 8s] [6c]
609cbf14: checks
9c4536b: checks
*** RIVER *** [Kc 9c 8s 6c] [6h]
609cbf14: bets $0.36
9c4536b: folds
Uncalled bet ($0.36) returned to 609cbf14
*** SHOWDOWN ***
609cbf14 collected $0.35 from pot
*** SUMMARY ***
Total pot $0.36 | Rake $0.01 | Jackpot $0 | Bingo $0 | Fortune $0
Board [Kc 9c 8s 6c 6h]
Seat 1: 609cbf14 (big blind) won ($0.35)
Seat 2: Hero folded before Flop (didn't bet)
Seat 3: 88dac83b folded before Flop (didn't bet)
Seat 4: 9c4536b folded on the River
Seat 5: 22cf30fb (button) folded before Flop (didn't bet)
Seat 6: 352327f6 (small blind) folded before Flop


Poker Hand #HD1163090738: Hold'em No Limit  ($0.02/$0.05) - 2023/03/16 19:20:23
Table 'NLHBlue114' 6-max Seat #4 is the button
Seat 1: 609cbf14 ($5.01 in chips)
Seat 2: Hero ($5 in chips)
Seat 3: 88dac83b ($5 in chips)
Seat 4: 9c4536b ($5.3 in chips)
Seat 5: 22cf30fb ($5.05 in chips)
Seat 6: 352327f6 ($5.34 in chips)
22cf30fb: posts small blind $0.02
352327f6: posts big blind $0.05
*** HOLE CARDS ***
Dealt to 609cbf14 
Dealt to Hero [4c Jc]
Dealt to 88dac83b 
Dealt to 9c4536b 
Dealt to 22cf30fb 
Dealt to 352327f6 
609cbf14: folds
Hero: folds
88dac83b: raises $0.1 to $0.15
9c4536b: calls $0.15
22cf30fb: folds
352327f6: calls $0.1
*** FLOP *** [6s Ks 2h]
352327f6: checks
88dac83b: checks
9c4536b: bets $0.36
352327f6: folds
88dac83b: folds
Uncalled bet ($0.36) returned to 9c4536b
*** SHOWDOWN ***
9c4536b collected $0.45 from pot
*** SUMMARY ***
Total pot $0.47 | Rake $0.02 | Jackpot $0 | Bingo $0 | Fortune $0
Board [6s Ks 2h]
Seat 1: 609cbf14 folded before Flop (didn't bet)
Seat 2: Hero folded before Flop (didn't bet)
Seat 3: 88dac83b folded on the Flop
Seat 4: 9c4536b (button) won ($0.45)
Seat 5: 22cf30fb (small blind) folded before Flop
Seat 6: 352327f6 (big blind) folded on the Flop


Poker Hand #HD1163090695: Hold'em No Limit  ($0.02/$0.05) - 2023/03/16 19:20:07
Table 'NLHBlue114' 6-max Seat #3 is the button
Seat 1: 609cbf14 ($5.01 in chips)
Seat 2: Hero ($5 in chips)
Seat 3: 88dac83b ($5 in chips)
Seat 4: 9c4536b ($5.32 in chips)
Seat 5: 22cf30fb ($5 in chips)
Seat 6: 352327f6 ($5.27 in chips)
9c4536b: posts small blind $0.02
22cf30fb: posts big blind $0.05
*** HOLE CARDS ***
Dealt to 609cbf14 
Dealt to Hero [Ah 3h]
Dealt to 88dac83b 
Dealt to 9c4536b 
Dealt to 22cf30fb 
Dealt to 352327f6 
352327f6: raises $0.08 to $0.13
609cbf14: folds
Hero: folds
88dac83b: folds
9c4536b: folds
22cf30fb: folds
Uncalled bet ($0.08) returned to 352327f6
*** SHOWDOWN ***
352327f6 collected $0.12 from pot
*** SUMMARY ***
Total pot $0.12 | Rake $0 | Jackpot $0 | Bingo $0 | Fortune $0
Seat 1: 609cbf14 folded before Flop (didn't bet)
Seat 2: Hero folded before Flop (didn't bet)
Seat 3: 88dac83b (button) folded before Flop (didn't bet)
Seat 4: 9c4536b (small blind) folded before Flop
Seat 5: 22cf30fb (big blind) folded before Flop
Seat 6: 352327f6 collected ($0.12)


Poker Hand #HD1163090548: Hold'em No Limit  ($0.02/$0.05) - 2023/03/16 19:19:01
Table 'NLHBlue114' 6-max Seat #2 is the button
Seat 1: 609cbf14 ($5 in chips)
Seat 2: Hero ($5 in chips)
Seat 3: 88dac83b ($5 in chips)
Seat 4: 9c4536b ($5.31 in chips)
Seat 5: 22cf30fb ($5 in chips)
Seat 6: 352327f6 ($5.27 in chips)
88dac83b: posts small blind $0.02
9c4536b: posts big blind $0.05
609cbf14: posts big blind $0.05
*** HOLE CARDS ***
Dealt to 609cbf14 
Dealt to Hero [5d 9c]
Dealt to 88dac83b 
Dealt to 9c4536b 
Dealt to 22cf30fb 
Dealt to 352327f6 
22cf30fb: folds
352327f6: folds
609cbf14: checks
Hero: folds
88dac83b: folds
9c4536b: checks
*** FLOP *** [6h 4c 3s]
9c4536b: checks
609cbf14: checks
*** TURN *** [6h 4c 3s] [2c]
9c4536b: checks
609cbf14: checks
*** RIVER *** [6h 4c 3s 2c] [5s]
9c4536b: checks
609cbf14: checks
9c4536b: shows [Kc 8s] (Sixes-High Straight)
609cbf14: shows [Ts Qd] (Sixes-High Straight)
*** SHOWDOWN ***
9c4536b collected $0.06 from pot
609cbf14 collected $0.06 from pot
*** SUMMARY ***
Total pot $0.12 | Rake $0 | Jackpot $0 | Bingo $0 | Fortune $0
Board [6h 4c 3s 2c 5s]
Seat 1: 609cbf14 showed [Ts Qd] and won ($0.06) with Sixes-High Straight
Seat 2: Hero (button) folded before Flop (didn't bet)
Seat 3: 88dac83b (small blind) folded before Flop
Seat 4: 9c4536b (big blind) showed [Kc 8s] and won ($0.06) with Sixes-High Straight
Seat 5: 22cf30fb folded before Flop (didn't bet)
Seat 6: 352327f6 folded before Flop (didn't bet)


Poker Hand #HD1163090347: Hold'em No Limit  ($0.02/$0.05) - 2023/03/16 19:17:43
Table 'NLHBlue114' 6-max Seat #6 is the button
Seat 2: Hero ($5.02 in chips)
Seat 3: 88dac83b ($5.05 in chips)
Seat 4: 9c4536b ($5.53 in chips)
Seat 5: 22cf30fb ($5 in chips)
Seat 6: 352327f6 ($5 in chips)
Hero: posts small blind $0.02
88dac83b: posts big blind $0.05
*** HOLE CARDS ***
Dealt to Hero [Js Kc]
Dealt to 88dac83b 
Dealt to 9c4536b 
Dealt to 22cf30fb 
Dealt to 352327f6 
9c4536b: calls $0.05
22cf30fb: folds
352327f6: raises $0.17 to $0.22
Hero: folds
88dac83b: folds
9c4536b: calls $0.17
*** FLOP *** [8d Tc 5d]
9c4536b: checks
352327f6: checks
*** TURN *** [8d Tc 5d] [Ac]
9c4536b: checks
352327f6: bets $0.29
9c4536b: folds
Uncalled bet ($0.29) returned to 352327f6
*** SHOWDOWN ***
352327f6 collected $0.49 from pot
*** SUMMARY ***
Total pot $0.51 | Rake $0.02 | Jackpot $0 | Bingo $0 | Fortune $0
Board [8d Tc 5d Ac]
Seat 2: Hero (small blind) folded before Flop
Seat 3: 88dac83b (big blind) folded before Flop
Seat 4: 9c4536b folded on the Turn
Seat 5: 22cf30fb folded before Flop (didn't bet)
Seat 6: 352327f6 (button) won ($0.49)


Poker Hand #HD1163090252: Hold'em No Limit  ($0.02/$0.05) - 2023/03/16 19:17:12
Table 'NLHBlue114' 6-max Seat #5 is the button
Seat 2: Hero ($5 in chips)
Seat 3: 88dac83b ($5.05 in chips)
Seat 4: 9c4536b ($5.53 in chips)
Seat 5: 22cf30fb ($5 in chips)
Seat 6: 352327f6 ($5 in chips)
352327f6: posts small blind $0.02
Hero: posts big blind $0.05
*** HOLE CARDS ***
Dealt to Hero [7d 5s]
Dealt to 88dac83b 
Dealt to 9c4536b 
Dealt to 22cf30fb 
Dealt to 352327f6 
88dac83b: folds
9c4536b: folds
22cf30fb: folds
352327f6: folds
Uncalled bet ($0.03) returned to Hero
*** SHOWDOWN ***
Hero collected $0.04 from pot
*** SUMMARY ***
Total pot $0.04 | Rake $0 | Jackpot $0 | Bingo $0 | Fortune $0
Seat 2: Hero (big blind) collected ($0.04)
Seat 3: 88dac83b folded before Flop (didn't bet)
Seat 4: 9c4536b folded before Flop (didn't bet)
Seat 5: 22cf30fb (button) folded before Flop (didn't bet)
Seat 6: 352327f6 (small blind) folded before Flop


