Poker Hand #HD1185050304: Hold'em No Limit  ($0.02/$0.05) - 2023/04/01 16:16:49
Table 'NLHBlue52' 6-max Seat #5 is the button
Seat 2: dff242e5 ($5.32 in chips)
Seat 3: Hero ($6.03 in chips)
Seat 4: 8807b265 ($5.44 in chips)
Seat 5: bc59bea1 ($4.79 in chips)
Seat 6: 84d1896c ($5.05 in chips)
84d1896c: posts small blind $0.02
dff242e5: posts big blind $0.05
*** HOLE CARDS ***
Dealt to dff242e5 
Dealt to Hero [3s 7h]
Dealt to 8807b265 
Dealt to bc59bea1 
Dealt to 84d1896c 
Hero: folds
8807b265: folds
bc59bea1: raises $0.05 to $0.1
84d1896c: folds
dff242e5: folds
Uncalled bet ($0.05) returned to bc59bea1
*** SHOWDOWN ***
bc59bea1 collected $0.12 from pot
*** SUMMARY ***
Total pot $0.12 | Rake $0 | Jackpot $0 | Bingo $0 | Fortune $0
Seat 2: dff242e5 (big blind) folded before Flop
Seat 3: Hero folded before Flop (didn't bet)
Seat 4: 8807b265 folded before Flop (didn't bet)
Seat 5: bc59bea1 (button) collected ($0.12)
Seat 6: 84d1896c (small blind) folded before Flop


Poker Hand #HD1185050234: Hold'em No Limit  ($0.02/$0.05) - 2023/04/01 16:16:18
Table 'NLHBlue52' 6-max Seat #4 is the button
Seat 2: dff242e5 ($5.32 in chips)
Seat 3: Hero ($6.03 in chips)
Seat 4: 8807b265 ($5.37 in chips)
Seat 5: bc59bea1 ($4.81 in chips)
Seat 6: 84d1896c ($5.1 in chips)
bc59bea1: posts small blind $0.02
84d1896c: posts big blind $0.05
*** HOLE CARDS ***
Dealt to dff242e5 
Dealt to Hero [Qs 2d]
Dealt to 8807b265 
Dealt to bc59bea1 
Dealt to 84d1896c 
dff242e5: folds
Hero: folds
8807b265: raises $0.08 to $0.13
bc59bea1: folds
84d1896c: folds
Uncalled bet ($0.08) returned to 8807b265
*** SHOWDOWN ***
8807b265 collected $0.12 from pot
*** SUMMARY ***
Total pot $0.12 | Rake $0 | Jackpot $0 | Bingo $0 | Fortune $0
Seat 2: dff242e5 folded before Flop (didn't bet)
Seat 3: Hero folded before Flop (didn't bet)
Seat 4: 8807b265 (button) collected ($0.12)
Seat 5: bc59bea1 (small blind) folded before Flop
Seat 6: 84d1896c (big blind) folded before Flop


Poker Hand #HD1185050183: Hold'em No Limit  ($0.02/$0.05) - 2023/04/01 16:15:54
Table 'NLHBlue52' 6-max Seat #3 is the button
Seat 2: dff242e5 ($5.25 in chips)
Seat 3: Hero ($6.03 in chips)
Seat 4: 8807b265 ($5.39 in chips)
Seat 5: bc59bea1 ($4.86 in chips)
Seat 6: 84d1896c ($5.1 in chips)
8807b265: posts small blind $0.02
bc59bea1: posts big blind $0.05
*** HOLE CARDS ***
Dealt to dff242e5 
Dealt to Hero [Tc 2d]
Dealt to 8807b265 
Dealt to bc59bea1 
Dealt to 84d1896c 
84d1896c: folds
dff242e5: raises $0.1 to $0.15
Hero: folds
8807b265: folds
bc59bea1: folds
Uncalled bet ($0.1) returned to dff242e5
*** SHOWDOWN ***
dff242e5 collected $0.12 from pot
*** SUMMARY ***
Total pot $0.12 | Rake $0 | Jackpot $0 | Bingo $0 | Fortune $0
Seat 2: dff242e5 collected ($0.12)
Seat 3: Hero (button) folded before Flop (didn't bet)
Seat 4: 8807b265 (small blind) folded before Flop
Seat 5: bc59bea1 (big blind) folded before Flop
Seat 6: 84d1896c folded before Flop (didn't bet)


Poker Hand #HD1185050141: Hold'em No Limit  ($0.02/$0.05) - 2023/04/01 16:15:35
Table 'NLHBlue52' 6-max Seat #2 is the button
Seat 2: dff242e5 ($5.25 in chips)
Seat 3: Hero ($6.05 in chips)
Seat 4: 8807b265 ($5.37 in chips)
Seat 5: bc59bea1 ($4.86 in chips)
Seat 6: 84d1896c ($5.1 in chips)
Hero: posts small blind $0.02
8807b265: posts big blind $0.05
*** HOLE CARDS ***
Dealt to dff242e5 
Dealt to Hero [Kd 4c]
Dealt to 8807b265 
Dealt to bc59bea1 
Dealt to 84d1896c 
bc59bea1: folds
84d1896c: folds
dff242e5: folds
Hero: folds
Uncalled bet ($0.03) returned to 8807b265
*** SHOWDOWN ***
8807b265 collected $0.04 from pot
*** SUMMARY ***
Total pot $0.04 | Rake $0 | Jackpot $0 | Bingo $0 | Fortune $0
Seat 2: dff242e5 (button) folded before Flop (didn't bet)
Seat 3: Hero (small blind) folded before Flop
Seat 4: 8807b265 (big blind) collected ($0.04)
Seat 5: bc59bea1 folded before Flop (didn't bet)
Seat 6: 84d1896c folded before Flop (didn't bet)


Poker Hand #HD1185050094: Hold'em No Limit  ($0.02/$0.05) - 2023/04/01 16:15:13
Table 'NLHBlue52' 6-max Seat #6 is the button
Seat 2: dff242e5 ($5.2 in chips)
Seat 3: Hero ($6.1 in chips)
Seat 4: 8807b265 ($5.37 in chips)
Seat 5: bc59bea1 ($4.86 in chips)
Seat 6: 84d1896c ($5.1 in chips)
dff242e5: posts small blind $0.02
Hero: posts big blind $0.05
*** HOLE CARDS ***
Dealt to dff242e5 
Dealt to Hero [7d 2h]
Dealt to 8807b265 
Dealt to bc59bea1 
Dealt to 84d1896c 
8807b265: folds
bc59bea1: folds
84d1896c: folds
dff242e5: raises $0.1 to $0.15
Hero: folds
Uncalled bet ($0.1) returned to dff242e5
*** SHOWDOWN ***
dff242e5 collected $0.1 from pot
*** SUMMARY ***
Total pot $0.1 | Rake $0 | Jackpot $0 | Bingo $0 | Fortune $0
Seat 2: dff242e5 (small blind) collected ($0.1)
Seat 3: Hero (big blind) folded before Flop
Seat 4: 8807b265 folded before Flop (didn't bet)
Seat 5: bc59bea1 folded before Flop (didn't bet)
Seat 6: 84d1896c (button) folded before Flop (didn't bet)


Poker Hand #HD1185049954: Hold'em No Limit  ($0.02/$0.05) - 2023/04/01 16:14:13
Table 'NLHBlue52' 6-max Seat #5 is the button
Seat 2: dff242e5 ($5.51 in chips)
Seat 3: Hero ($6.1 in chips)
Seat 4: 8807b265 ($5.07 in chips)
Seat 5: bc59bea1 ($4.86 in chips)
Seat 6: 84d1896c ($5.12 in chips)
84d1896c: posts small blind $0.02
dff242e5: posts big blind $0.05
*** HOLE CARDS ***
Dealt to dff242e5 
Dealt to Hero [2h 3h]
Dealt to 8807b265 
Dealt to bc59bea1 
Dealt to 84d1896c 
Hero: folds
8807b265: raises $0.1 to $0.15
bc59bea1: folds
84d1896c: folds
dff242e5: calls $0.1
*** FLOP *** [Js 6c Ad]
dff242e5: checks
8807b265: checks
*** TURN *** [Js 6c Ad] [7d]
dff242e5: bets $0.16
8807b265: raises $0.39 to $0.55
dff242e5: folds
Uncalled bet ($0.39) returned to 8807b265
*** SHOWDOWN ***
8807b265 collected $0.61 from pot
*** SUMMARY ***
Total pot $0.64 | Rake $0.03 | Jackpot $0 | Bingo $0 | Fortune $0
Board [Js 6c Ad 7d]
Seat 2: dff242e5 (big blind) folded on the Turn
Seat 3: Hero folded before Flop (didn't bet)
Seat 4: 8807b265 won ($0.61)
Seat 5: bc59bea1 (button) folded before Flop (didn't bet)
Seat 6: 84d1896c (small blind) folded before Flop


Poker Hand #HD1185049900: Hold'em No Limit  ($0.02/$0.05) - 2023/04/01 16:13:47
Table 'NLHBlue52' 6-max Seat #4 is the button
Seat 2: dff242e5 ($5.51 in chips)
Seat 3: Hero ($6.1 in chips)
Seat 4: 8807b265 ($5 in chips)
Seat 5: bc59bea1 ($4.88 in chips)
Seat 6: 84d1896c ($5.17 in chips)
bc59bea1: posts small blind $0.02
84d1896c: posts big blind $0.05
*** HOLE CARDS ***
Dealt to dff242e5 
Dealt to Hero [5d 2d]
Dealt to 8807b265 
Dealt to bc59bea1 
Dealt to 84d1896c 
dff242e5: folds
Hero: folds
8807b265: raises $0.08 to $0.13
bc59bea1: folds
84d1896c: folds
Uncalled bet ($0.08) returned to 8807b265
*** SHOWDOWN ***
8807b265 collected $0.12 from pot
*** SUMMARY ***
Total pot $0.12 | Rake $0 | Jackpot $0 | Bingo $0 | Fortune $0
Seat 2: dff242e5 folded before Flop (didn't bet)
Seat 3: Hero folded before Flop (didn't bet)
Seat 4: 8807b265 (button) collected ($0.12)
Seat 5: bc59bea1 (small blind) folded before Flop
Seat 6: 84d1896c (big blind) folded before Flop


Poker Hand #HD1185049824: Hold'em No Limit  ($0.02/$0.05) - 2023/04/01 16:13:15
Table 'NLHBlue52' 6-max Seat #3 is the button
Seat 2: dff242e5 ($5.51 in chips)
Seat 3: Hero ($5.97 in chips)
Seat 4: 8807b265 ($5.02 in chips)
Seat 5: bc59bea1 ($5 in chips)
Seat 6: 84d1896c ($5.17 in chips)
8807b265: posts small blind $0.02
bc59bea1: posts big blind $0.05
*** HOLE CARDS ***
Dealt to dff242e5 
Dealt to Hero [7c 8c]
Dealt to 8807b265 
Dealt to bc59bea1 
Dealt to 84d1896c 
84d1896c: folds
dff242e5: folds
Hero: raises $0.07 to $0.12
8807b265: folds
bc59bea1: calls $0.07
*** FLOP *** [4h 8h 2s]
bc59bea1: checks
Hero: bets $0.13
bc59bea1: folds
Uncalled bet ($0.13) returned to Hero
*** SHOWDOWN ***
Hero collected $0.25 from pot
*** SUMMARY ***
Total pot $0.26 | Rake $0.01 | Jackpot $0 | Bingo $0 | Fortune $0
Board [4h 8h 2s]
Seat 2: dff242e5 folded before Flop (didn't bet)
Seat 3: Hero (button) won ($0.25)
Seat 4: 8807b265 (small blind) folded before Flop
Seat 5: bc59bea1 (big blind) folded on the Flop
Seat 6: 84d1896c folded before Flop (didn't bet)


Poker Hand #HD1185049759: Hold'em No Limit  ($0.02/$0.05) - 2023/04/01 16:12:47
Table 'NLHBlue52' 6-max Seat #2 is the button
Seat 1: fd99dd52 ($5.67 in chips)
Seat 2: dff242e5 ($5.51 in chips)
Seat 3: Hero ($5.99 in chips)
Seat 4: 8807b265 ($5 in chips)
Seat 6: 84d1896c ($5.17 in chips)
Hero: posts small blind $0.02
8807b265: posts big blind $0.05
*** HOLE CARDS ***
Dealt to fd99dd52 
Dealt to dff242e5 
Dealt to Hero [Ks 3c]
Dealt to 8807b265 
Dealt to 84d1896c 
84d1896c: folds
fd99dd52: folds
dff242e5: folds
Hero: folds
Uncalled bet ($0.03) returned to 8807b265
*** SHOWDOWN ***
8807b265 collected $0.04 from pot
*** SUMMARY ***
Total pot $0.04 | Rake $0 | Jackpot $0 | Bingo $0 | Fortune $0
Seat 1: fd99dd52 folded before Flop (didn't bet)
Seat 2: dff242e5 (button) folded before Flop (didn't bet)
Seat 3: Hero (small blind) folded before Flop
Seat 4: 8807b265 (big blind) collected ($0.04)
Seat 6: 84d1896c folded before Flop (didn't bet)


Poker Hand #HD1185049705: Hold'em No Limit  ($0.02/$0.05) - 2023/04/01 16:12:26
Table 'NLHBlue52' 6-max Seat #1 is the button
Seat 1: fd99dd52 ($5.67 in chips)
Seat 2: dff242e5 ($5.53 in chips)
Seat 3: Hero ($5.97 in chips)
Seat 4: 8807b265 ($5 in chips)
Seat 6: 84d1896c ($5.17 in chips)
dff242e5: posts small blind $0.02
Hero: posts big blind $0.05
*** HOLE CARDS ***
Dealt to fd99dd52 
Dealt to dff242e5 
Dealt to Hero [7h Qh]
Dealt to 8807b265 
Dealt to 84d1896c 
8807b265: folds
84d1896c: folds
fd99dd52: folds
dff242e5: folds
Uncalled bet ($0.03) returned to Hero
*** SHOWDOWN ***
Hero collected $0.04 from pot
*** SUMMARY ***
Total pot $0.04 | Rake $0 | Jackpot $0 | Bingo $0 | Fortune $0
Seat 1: fd99dd52 (button) folded before Flop (didn't bet)
Seat 2: dff242e5 (small blind) folded before Flop
Seat 3: Hero (big blind) collected ($0.04)
Seat 4: 8807b265 folded before Flop (didn't bet)
Seat 6: 84d1896c folded before Flop (didn't bet)


Poker Hand #HD1185049603: Hold'em No Limit  ($0.02/$0.05) - 2023/04/01 16:11:39
Table 'NLHBlue52' 6-max Seat #6 is the button
Seat 1: fd99dd52 ($5.8 in chips)
Seat 2: dff242e5 ($5.58 in chips)
Seat 3: Hero ($5.97 in chips)
Seat 4: 8807b265 ($5 in chips)
Seat 6: 84d1896c ($5 in chips)
fd99dd52: posts small blind $0.02
dff242e5: posts big blind $0.05
*** HOLE CARDS ***
Dealt to fd99dd52 
Dealt to dff242e5 
Dealt to Hero [8d 6h]
Dealt to 8807b265 
Dealt to 84d1896c 
Hero: folds
8807b265: folds
84d1896c: raises $0.08 to $0.13
fd99dd52: calls $0.11
dff242e5: folds
*** FLOP *** [4d 9h Kc]
fd99dd52: checks
84d1896c: bets $0.14
fd99dd52: folds
Uncalled bet ($0.14) returned to 84d1896c
*** SHOWDOWN ***
84d1896c collected $0.3 from pot
*** SUMMARY ***
Total pot $0.31 | Rake $0.01 | Jackpot $0 | Bingo $0 | Fortune $0
Board [4d 9h Kc]
Seat 1: fd99dd52 (small blind) folded on the Flop
Seat 2: dff242e5 (big blind) folded before Flop
Seat 3: Hero folded before Flop (didn't bet)
Seat 4: 8807b265 folded before Flop (didn't bet)
Seat 6: 84d1896c (button) won ($0.3)


Poker Hand #HD1185049518: Hold'em No Limit  ($0.02/$0.05) - 2023/04/01 16:11:06
Table 'NLHBlue52' 6-max Seat #4 is the button
Seat 1: fd99dd52 ($5.85 in chips)
Seat 2: dff242e5 ($5.37 in chips)
Seat 3: Hero ($5.97 in chips)
Seat 4: 8807b265 ($5 in chips)
Seat 6: 84d1896c ($5 in chips)
84d1896c: posts small blind $0.02
fd99dd52: posts big blind $0.05
*** HOLE CARDS ***
Dealt to fd99dd52 
Dealt to dff242e5 
Dealt to Hero [5h Ts]
Dealt to 8807b265 
Dealt to 84d1896c 
dff242e5: raises $0.1 to $0.15
Hero: folds
8807b265: calls $0.15
84d1896c: folds
fd99dd52: folds
*** FLOP *** [8d Tc 4h]
dff242e5: bets $0.19
8807b265: folds
Uncalled bet ($0.19) returned to dff242e5
*** SHOWDOWN ***
dff242e5 collected $0.36 from pot
*** SUMMARY ***
Total pot $0.37 | Rake $0.01 | Jackpot $0 | Bingo $0 | Fortune $0
Board [8d Tc 4h]
Seat 1: fd99dd52 (big blind) folded before Flop
Seat 2: dff242e5 won ($0.36)
Seat 3: Hero folded before Flop (didn't bet)
Seat 4: 8807b265 (button) folded on the Flop
Seat 6: 84d1896c (small blind) folded before Flop


Poker Hand #HD1185049453: Hold'em No Limit  ($0.02/$0.05) - 2023/04/01 16:10:37
Table 'NLHBlue52' 6-max Seat #3 is the button
Seat 1: fd99dd52 ($5.78 in chips)
Seat 2: dff242e5 ($5.37 in chips)
Seat 3: Hero ($5.97 in chips)
Seat 4: 8807b265 ($5 in chips)
Seat 6: 84d1896c ($5 in chips)
8807b265: posts small blind $0.02
84d1896c: posts big blind $0.05
*** HOLE CARDS ***
Dealt to fd99dd52 
Dealt to dff242e5 
Dealt to Hero [9c 2s]
Dealt to 8807b265 
Dealt to 84d1896c 
fd99dd52: raises $0.1 to $0.15
dff242e5: folds
Hero: folds
8807b265: folds
84d1896c: folds
Uncalled bet ($0.1) returned to fd99dd52
*** SHOWDOWN ***
fd99dd52 collected $0.12 from pot
*** SUMMARY ***
Total pot $0.12 | Rake $0 | Jackpot $0 | Bingo $0 | Fortune $0
Seat 1: fd99dd52 collected ($0.12)
Seat 2: dff242e5 folded before Flop (didn't bet)
Seat 3: Hero (button) folded before Flop (didn't bet)
Seat 4: 8807b265 (small blind) folded before Flop
Seat 6: 84d1896c (big blind) folded before Flop


Poker Hand #HD1185049390: Hold'em No Limit  ($0.02/$0.05) - 2023/04/01 16:10:05
Table 'NLHBlue52' 6-max Seat #2 is the button
Seat 1: fd99dd52 ($5.78 in chips)
Seat 2: dff242e5 ($5.37 in chips)
Seat 3: Hero ($5.99 in chips)
Seat 4: 8807b265 ($5 in chips)
Seat 5: 310ca396 ($5.34 in chips)
Seat 6: 84d1896c ($5 in chips)
Hero: posts small blind $0.02
8807b265: posts big blind $0.05
*** HOLE CARDS ***
Dealt to fd99dd52 
Dealt to dff242e5 
Dealt to Hero [Qd 6d]
Dealt to 8807b265 
Dealt to 310ca396 
Dealt to 84d1896c 
310ca396: raises $0.1 to $0.15
84d1896c: folds
fd99dd52: folds
dff242e5: folds
Hero: folds
8807b265: folds
Uncalled bet ($0.1) returned to 310ca396
*** SHOWDOWN ***
310ca396 collected $0.12 from pot
*** SUMMARY ***
Total pot $0.12 | Rake $0 | Jackpot $0 | Bingo $0 | Fortune $0
Seat 1: fd99dd52 folded before Flop (didn't bet)
Seat 2: dff242e5 (button) folded before Flop (didn't bet)
Seat 3: Hero (small blind) folded before Flop
Seat 4: 8807b265 (big blind) folded before Flop
Seat 5: 310ca396 collected ($0.12)
Seat 6: 84d1896c folded before Flop (didn't bet)


Poker Hand #HD1185049248: Hold'em No Limit  ($0.02/$0.05) - 2023/04/01 16:09:02
Table 'NLHBlue52' 6-max Seat #1 is the button
Seat 1: fd99dd52 ($5.78 in chips)
Seat 2: dff242e5 ($5.39 in chips)
Seat 3: Hero ($5.83 in chips)
Seat 4: 8807b265 ($5 in chips)
Seat 5: 310ca396 ($5.49 in chips)
Seat 6: 84d1896c ($5 in chips)
dff242e5: posts small blind $0.02
Hero: posts big blind $0.05
*** HOLE CARDS ***
Dealt to fd99dd52 
Dealt to dff242e5 
Dealt to Hero [Js Qs]
Dealt to 8807b265 
Dealt to 310ca396 
Dealt to 84d1896c 
8807b265: folds
310ca396: raises $0.1 to $0.15
84d1896c: folds
fd99dd52: folds
dff242e5: folds
Hero: calls $0.1
*** FLOP *** [Jd 9s 9h]
Hero: checks
310ca396: checks
*** TURN *** [Jd 9s 9h] [7h]
Hero: bets $0.16
310ca396: folds
Uncalled bet ($0.16) returned to Hero
*** SHOWDOWN ***
Hero collected $0.31 from pot
*** SUMMARY ***
Total pot $0.32 | Rake $0.01 | Jackpot $0 | Bingo $0 | Fortune $0
Board [Jd 9s 9h 7h]
Seat 1: fd99dd52 (button) folded before Flop (didn't bet)
Seat 2: dff242e5 (small blind) folded before Flop
Seat 3: Hero (big blind) won ($0.31)
Seat 4: 8807b265 folded before Flop (didn't bet)
Seat 5: 310ca396 folded on the Turn
Seat 6: 84d1896c folded before Flop (didn't bet)


Poker Hand #HD1185049201: Hold'em No Limit  ($0.02/$0.05) - 2023/04/01 16:08:44
Table 'NLHBlue52' 6-max Seat #6 is the button
Seat 1: fd99dd52 ($5.8 in chips)
Seat 2: dff242e5 ($5.44 in chips)
Seat 3: Hero ($5.76 in chips)
Seat 4: 8807b265 ($5 in chips)
Seat 5: 310ca396 ($5.49 in chips)
Seat 6: 84d1896c ($5 in chips)
fd99dd52: posts small blind $0.02
dff242e5: posts big blind $0.05
*** HOLE CARDS ***
Dealt to fd99dd52 
Dealt to dff242e5 
Dealt to Hero [Ad Qh]
Dealt to 8807b265 
Dealt to 310ca396 
Dealt to 84d1896c 
Hero: raises $0.07 to $0.12
8807b265: folds
310ca396: folds
84d1896c: folds
fd99dd52: folds
dff242e5: folds
Uncalled bet ($0.07) returned to Hero
*** SHOWDOWN ***
Hero collected $0.12 from pot
*** SUMMARY ***
Total pot $0.12 | Rake $0 | Jackpot $0 | Bingo $0 | Fortune $0
Seat 1: fd99dd52 (small blind) folded before Flop
Seat 2: dff242e5 (big blind) folded before Flop
Seat 3: Hero collected ($0.12)
Seat 4: 8807b265 folded before Flop (didn't bet)
Seat 5: 310ca396 folded before Flop (didn't bet)
Seat 6: 84d1896c (button) folded before Flop (didn't bet)


Poker Hand #HD1185049116: Hold'em No Limit  ($0.02/$0.05) - 2023/04/01 16:08:04
Table 'NLHBlue52' 6-max Seat #5 is the button
Seat 1: fd99dd52 ($5.85 in chips)
Seat 2: dff242e5 ($5.01 in chips)
Seat 3: Hero ($5.76 in chips)
Seat 4: 8807b265 ($5 in chips)
Seat 5: 310ca396 ($5.49 in chips)
Seat 6: 84d1896c ($5.3 in chips)
84d1896c: posts small blind $0.02
fd99dd52: posts big blind $0.05
*** HOLE CARDS ***
Dealt to fd99dd52 
Dealt to dff242e5 
Dealt to Hero [Kc 7s]
Dealt to 8807b265 
Dealt to 310ca396 
Dealt to 84d1896c 
dff242e5: raises $0.1 to $0.15
Hero: folds
8807b265: folds
310ca396: folds
84d1896c: raises $0.27 to $0.42
fd99dd52: folds
dff242e5: calls $0.27
*** FLOP *** [Qs 6c Ah]
84d1896c: checks
dff242e5: bets $0.45
84d1896c: folds
Uncalled bet ($0.45) returned to dff242e5
*** SHOWDOWN ***
dff242e5 collected $0.85 from pot
*** SUMMARY ***
Total pot $0.89 | Rake $0.04 | Jackpot $0 | Bingo $0 | Fortune $0
Board [Qs 6c Ah]
Seat 1: fd99dd52 (big blind) folded before Flop
Seat 2: dff242e5 won ($0.85)
Seat 3: Hero folded before Flop (didn't bet)
Seat 4: 8807b265 folded before Flop (didn't bet)
Seat 5: 310ca396 (button) folded before Flop (didn't bet)
Seat 6: 84d1896c (small blind) folded on the Flop


Poker Hand #HD1185048967: Hold'em No Limit  ($0.02/$0.05) - 2023/04/01 16:07:00
Table 'NLHBlue52' 6-max Seat #4 is the button
Seat 1: fd99dd52 ($5 in chips)
Seat 2: dff242e5 ($5.93 in chips)
Seat 3: Hero ($5.76 in chips)
Seat 4: 8807b265 ($5 in chips)
Seat 5: 310ca396 ($5.51 in chips)
Seat 6: 84d1896c ($5.35 in chips)
310ca396: posts small blind $0.02
84d1896c: posts big blind $0.05
*** HOLE CARDS ***
Dealt to fd99dd52 
Dealt to dff242e5 
Dealt to Hero [8c Jh]
Dealt to 8807b265 
Dealt to 310ca396 
Dealt to 84d1896c 
fd99dd52: raises $0.2 to $0.25
dff242e5: calls $0.25
Hero: folds
8807b265: folds
310ca396: folds
84d1896c: folds
*** FLOP *** [8d 2s Kd]
fd99dd52: checks
dff242e5: bets $0.29
fd99dd52: calls $0.29
*** TURN *** [8d 2s Kd] [6s]
fd99dd52: bets $0.38
dff242e5: calls $0.38
*** RIVER *** [8d 2s Kd 6s] [3d]
fd99dd52: checks
dff242e5: checks
fd99dd52: shows [Qc Ks] (Pair of Kings)
dff242e5: shows [Kc Td] (Pair of Kings)
*** SHOWDOWN ***
fd99dd52 collected $1.77 from pot
*** SUMMARY ***
Total pot $1.91 | Rake $0.09 | Jackpot $0.05 | Bingo $0 | Fortune $0
Board [8d 2s Kd 6s 3d]
Seat 1: fd99dd52 showed [Qc Ks] and won ($1.77) with Pair of Kings
Seat 2: dff242e5 showed [Kc Td] and lost with Pair of Kings
Seat 3: Hero folded before Flop (didn't bet)
Seat 4: 8807b265 (button) folded before Flop (didn't bet)
Seat 5: 310ca396 (small blind) folded before Flop
Seat 6: 84d1896c (big blind) folded before Flop


Poker Hand #HD1185048912: Hold'em No Limit  ($0.02/$0.05) - 2023/04/01 16:06:35
Table 'NLHBlue52' 6-max Seat #3 is the button
Seat 1: fd99dd52 ($5 in chips)
Seat 2: dff242e5 ($5.93 in chips)
Seat 3: Hero ($5.76 in chips)
Seat 4: 8807b265 ($5.02 in chips)
Seat 5: 310ca396 ($5.56 in chips)
Seat 6: 84d1896c ($5.28 in chips)
8807b265: posts small blind $0.02
310ca396: posts big blind $0.05
*** HOLE CARDS ***
Dealt to fd99dd52 
Dealt to dff242e5 
Dealt to Hero [7d 3h]
Dealt to 8807b265 
Dealt to 310ca396 
Dealt to 84d1896c 
84d1896c: raises $0.08 to $0.13
fd99dd52: folds
dff242e5: folds
Hero: folds
8807b265: folds
310ca396: folds
Uncalled bet ($0.08) returned to 84d1896c
*** SHOWDOWN ***
84d1896c collected $0.12 from pot
*** SUMMARY ***
Total pot $0.12 | Rake $0 | Jackpot $0 | Bingo $0 | Fortune $0
Seat 1: fd99dd52 folded before Flop (didn't bet)
Seat 2: dff242e5 folded before Flop (didn't bet)
Seat 3: Hero (button) folded before Flop (didn't bet)
Seat 4: 8807b265 (small blind) folded before Flop
Seat 5: 310ca396 (big blind) folded before Flop
Seat 6: 84d1896c collected ($0.12)


Poker Hand #HD1185048860: Hold'em No Limit  ($0.02/$0.05) - 2023/04/01 16:06:14
Table 'NLHBlue52' 6-max Seat #2 is the button
Seat 1: fd99dd52 ($5 in chips)
Seat 2: dff242e5 ($5.93 in chips)
Seat 3: Hero ($5.78 in chips)
Seat 4: 8807b265 ($5 in chips)
Seat 5: 310ca396 ($5.56 in chips)
Seat 6: 84d1896c ($5.28 in chips)
Hero: posts small blind $0.02
8807b265: posts big blind $0.05
*** HOLE CARDS ***
Dealt to fd99dd52 
Dealt to dff242e5 
Dealt to Hero [6c 4s]
Dealt to 8807b265 
Dealt to 310ca396 
Dealt to 84d1896c 
310ca396: folds
84d1896c: folds
fd99dd52: folds
dff242e5: folds
Hero: folds
Uncalled bet ($0.03) returned to 8807b265
*** SHOWDOWN ***
8807b265 collected $0.04 from pot
*** SUMMARY ***
Total pot $0.04 | Rake $0 | Jackpot $0 | Bingo $0 | Fortune $0
Seat 1: fd99dd52 folded before Flop (didn't bet)
Seat 2: dff242e5 (button) folded before Flop (didn't bet)
Seat 3: Hero (small blind) folded before Flop
Seat 4: 8807b265 (big blind) collected ($0.04)
Seat 5: 310ca396 folded before Flop (didn't bet)
Seat 6: 84d1896c folded before Flop (didn't bet)


Poker Hand #HD1185048760: Hold'em No Limit  ($0.02/$0.05) - 2023/04/01 16:05:25
Table 'NLHBlue52' 6-max Seat #1 is the button
Seat 1: fd99dd52 ($5 in chips)
Seat 2: dff242e5 ($5.95 in chips)
Seat 3: Hero ($5.62 in chips)
Seat 5: 310ca396 ($5.56 in chips)
Seat 6: 84d1896c ($5.28 in chips)
dff242e5: posts small blind $0.02
Hero: posts big blind $0.05
*** HOLE CARDS ***
Dealt to fd99dd52 
Dealt to dff242e5 
Dealt to Hero [Ac Tc]
Dealt to 310ca396 
Dealt to 84d1896c 
310ca396: folds
84d1896c: folds
fd99dd52: raises $0.1 to $0.15
dff242e5: folds
Hero: raises $0.27 to $0.42
fd99dd52: folds
Uncalled bet ($0.27) returned to Hero
*** SHOWDOWN ***
Hero collected $0.31 from pot
*** SUMMARY ***
Total pot $0.32 | Rake $0.01 | Jackpot $0 | Bingo $0 | Fortune $0
Seat 1: fd99dd52 (button) folded before Flop
Seat 2: dff242e5 (small blind) folded before Flop
Seat 3: Hero (big blind) collected ($0.31)
Seat 5: 310ca396 folded before Flop (didn't bet)
Seat 6: 84d1896c folded before Flop (didn't bet)


Poker Hand #HD1185048695: Hold'em No Limit  ($0.02/$0.05) - 2023/04/01 16:04:59
Table 'NLHBlue52' 6-max Seat #6 is the button
Seat 1: fd99dd52 ($5 in chips)
Seat 2: dff242e5 ($6 in chips)
Seat 3: Hero ($5.55 in chips)
Seat 5: 310ca396 ($5.56 in chips)
Seat 6: 84d1896c ($5.28 in chips)
fd99dd52: posts small blind $0.02
dff242e5: posts big blind $0.05
*** HOLE CARDS ***
Dealt to fd99dd52 
Dealt to dff242e5 
Dealt to Hero [8c 9c]
Dealt to 310ca396 
Dealt to 84d1896c 
Hero: raises $0.07 to $0.12
310ca396: folds
84d1896c: folds
fd99dd52: folds
dff242e5: folds
Uncalled bet ($0.07) returned to Hero
*** SHOWDOWN ***
Hero collected $0.12 from pot
*** SUMMARY ***
Total pot $0.12 | Rake $0 | Jackpot $0 | Bingo $0 | Fortune $0
Seat 1: fd99dd52 (small blind) folded before Flop
Seat 2: dff242e5 (big blind) folded before Flop
Seat 3: Hero collected ($0.12)
Seat 5: 310ca396 folded before Flop (didn't bet)
Seat 6: 84d1896c (button) folded before Flop (didn't bet)


Poker Hand #HD1185048629: Hold'em No Limit  ($0.02/$0.05) - 2023/04/01 16:04:27
Table 'NLHBlue52' 6-max Seat #5 is the button
Seat 1: fd99dd52 ($5 in chips)
Seat 2: dff242e5 ($6 in chips)
Seat 3: Hero ($5.55 in chips)
Seat 5: 310ca396 ($5.69 in chips)
Seat 6: 84d1896c ($5.11 in chips)
84d1896c: posts small blind $0.02
fd99dd52: posts big blind $0.05
*** HOLE CARDS ***
Dealt to fd99dd52 
Dealt to dff242e5 
Dealt to Hero [Ts 8h]
Dealt to 310ca396 
Dealt to 84d1896c 
dff242e5: folds
Hero: folds
310ca396: raises $0.08 to $0.13
84d1896c: raises $0.43 to $0.56
fd99dd52: folds
310ca396: folds
Uncalled bet ($0.43) returned to 84d1896c
*** SHOWDOWN ***
84d1896c collected $0.3 from pot
*** SUMMARY ***
Total pot $0.31 | Rake $0.01 | Jackpot $0 | Bingo $0 | Fortune $0
Seat 1: fd99dd52 (big blind) folded before Flop
Seat 2: dff242e5 folded before Flop (didn't bet)
Seat 3: Hero folded before Flop (didn't bet)
Seat 5: 310ca396 (button) folded before Flop
Seat 6: 84d1896c (small blind) collected ($0.3)


Poker Hand #HD1185048498: Hold'em No Limit  ($0.02/$0.05) - 2023/04/01 16:03:33
Table 'NLHBlue52' 6-max Seat #3 is the button
Seat 1: fd99dd52 ($5.06 in chips)
Seat 2: dff242e5 ($5.79 in chips)
Seat 3: Hero ($5.55 in chips)
Seat 5: 310ca396 ($5.71 in chips)
Seat 6: 84d1896c ($5.16 in chips)
310ca396: posts small blind $0.02
84d1896c: posts big blind $0.05
*** HOLE CARDS ***
Dealt to fd99dd52 
Dealt to dff242e5 
Dealt to Hero [4s 6h]
Dealt to 310ca396 
Dealt to 84d1896c 
fd99dd52: raises $0.1 to $0.15
dff242e5: raises $0.28 to $0.43
Hero: folds
310ca396: folds
84d1896c: folds
fd99dd52: folds
Uncalled bet ($0.28) returned to dff242e5
*** SHOWDOWN ***
dff242e5 collected $0.36 from pot
*** SUMMARY ***
Total pot $0.37 | Rake $0.01 | Jackpot $0 | Bingo $0 | Fortune $0
Seat 1: fd99dd52 folded before Flop
Seat 2: dff242e5 collected ($0.36)
Seat 3: Hero (button) folded before Flop (didn't bet)
Seat 5: 310ca396 (small blind) folded before Flop
Seat 6: 84d1896c (big blind) folded before Flop


Poker Hand #HD1185048441: Hold'em No Limit  ($0.02/$0.05) - 2023/04/01 16:03:08
Table 'NLHBlue52' 6-max Seat #2 is the button
Seat 1: fd99dd52 ($5.06 in chips)
Seat 2: dff242e5 ($5.79 in chips)
Seat 3: Hero ($5.57 in chips)
Seat 4: 42505fbe ($1 in chips)
Seat 5: 310ca396 ($5.64 in chips)
Seat 6: 84d1896c ($5.16 in chips)
Hero: posts small blind $0.02
42505fbe: posts big blind $0.05
*** HOLE CARDS ***
Dealt to fd99dd52 
Dealt to dff242e5 
Dealt to Hero [4s 2s]
Dealt to 42505fbe 
Dealt to 310ca396 
Dealt to 84d1896c 
310ca396: raises $0.1 to $0.15
84d1896c: folds
fd99dd52: folds
dff242e5: folds
Hero: folds
42505fbe: folds
Uncalled bet ($0.1) returned to 310ca396
*** SHOWDOWN ***
310ca396 collected $0.12 from pot
*** SUMMARY ***
Total pot $0.12 | Rake $0 | Jackpot $0 | Bingo $0 | Fortune $0
Seat 1: fd99dd52 folded before Flop (didn't bet)
Seat 2: dff242e5 (button) folded before Flop (didn't bet)
Seat 3: Hero (small blind) folded before Flop
Seat 4: 42505fbe (big blind) folded before Flop
Seat 5: 310ca396 collected ($0.12)
Seat 6: 84d1896c folded before Flop (didn't bet)


Poker Hand #HD1185048337: Hold'em No Limit  ($0.02/$0.05) - 2023/04/01 16:02:15
Table 'NLHBlue52' 6-max Seat #1 is the button
Seat 1: fd99dd52 ($5.39 in chips)
Seat 2: dff242e5 ($5.44 in chips)
Seat 3: Hero ($5.62 in chips)
Seat 4: 42505fbe ($1 in chips)
Seat 5: 310ca396 ($5.64 in chips)
Seat 6: 84d1896c ($5.16 in chips)
dff242e5: posts small blind $0.02
Hero: posts big blind $0.05
*** HOLE CARDS ***
Dealt to fd99dd52 
Dealt to dff242e5 
Dealt to Hero [8s 3h]
Dealt to 42505fbe 
Dealt to 310ca396 
Dealt to 84d1896c 
42505fbe: folds
310ca396: folds
84d1896c: folds
fd99dd52: raises $0.1 to $0.15
dff242e5: calls $0.13
Hero: folds
*** FLOP *** [Ks 3c 3s]
dff242e5: bets $0.18
fd99dd52: calls $0.18
*** TURN *** [Ks 3c 3s] [6d]
dff242e5: bets $0.36
fd99dd52: folds
Uncalled bet ($0.36) returned to dff242e5
*** SHOWDOWN ***
dff242e5 collected $0.68 from pot
*** SUMMARY ***
Total pot $0.71 | Rake $0.03 | Jackpot $0 | Bingo $0 | Fortune $0
Board [Ks 3c 3s 6d]
Seat 1: fd99dd52 (button) folded on the Turn
Seat 2: dff242e5 (small blind) won ($0.68)
Seat 3: Hero (big blind) folded before Flop
Seat 4: 42505fbe folded before Flop (didn't bet)
Seat 5: 310ca396 folded before Flop (didn't bet)
Seat 6: 84d1896c folded before Flop (didn't bet)


Poker Hand #HD1185048219: Hold'em No Limit  ($0.02/$0.05) - 2023/04/01 16:01:24
Table 'NLHBlue52' 6-max Seat #6 is the button
Seat 1: fd99dd52 ($5.41 in chips)
Seat 2: dff242e5 ($5.49 in chips)
Seat 3: Hero ($5.62 in chips)
Seat 4: 42505fbe ($1.1 in chips)
Seat 5: 310ca396 ($5.64 in chips)
Seat 6: 84d1896c ($5 in chips)
fd99dd52: posts small blind $0.02
dff242e5: posts big blind $0.05
*** HOLE CARDS ***
Dealt to fd99dd52 
Dealt to dff242e5 
Dealt to Hero [6d 3c]
Dealt to 42505fbe 
Dealt to 310ca396 
Dealt to 84d1896c 
Hero: folds
42505fbe: raises $0.05 to $0.1
310ca396: folds
84d1896c: raises $0.37 to $0.47
fd99dd52: folds
dff242e5: folds
42505fbe: folds
Uncalled bet ($0.37) returned to 84d1896c
*** SHOWDOWN ***
84d1896c collected $0.26 from pot
*** SUMMARY ***
Total pot $0.27 | Rake $0.01 | Jackpot $0 | Bingo $0 | Fortune $0
Seat 1: fd99dd52 (small blind) folded before Flop
Seat 2: dff242e5 (big blind) folded before Flop
Seat 3: Hero folded before Flop (didn't bet)
Seat 4: 42505fbe folded before Flop
Seat 5: 310ca396 folded before Flop (didn't bet)
Seat 6: 84d1896c (button) collected ($0.26)


Poker Hand #HD1185048121: Hold'em No Limit  ($0.02/$0.05) - 2023/04/01 16:00:42
Table 'NLHBlue52' 6-max Seat #5 is the button
Seat 1: fd99dd52 ($5.28 in chips)
Seat 2: dff242e5 ($5.49 in chips)
Seat 3: Hero ($5.74 in chips)
Seat 4: 42505fbe ($1.1 in chips)
Seat 5: 310ca396 ($5.64 in chips)
Seat 6: 84d1896c ($5 in chips)
84d1896c: posts small blind $0.02
fd99dd52: posts big blind $0.05
*** HOLE CARDS ***
Dealt to fd99dd52 
Dealt to dff242e5 
Dealt to Hero [6d Ad]
Dealt to 42505fbe 
Dealt to 310ca396 
Dealt to 84d1896c 
dff242e5: folds
Hero: raises $0.07 to $0.12
42505fbe: folds
310ca396: folds
84d1896c: folds
fd99dd52: raises $0.26 to $0.38
Hero: folds
Uncalled bet ($0.26) returned to fd99dd52
*** SHOWDOWN ***
fd99dd52 collected $0.25 from pot
*** SUMMARY ***
Total pot $0.26 | Rake $0.01 | Jackpot $0 | Bingo $0 | Fortune $0
Seat 1: fd99dd52 (big blind) collected ($0.25)
Seat 2: dff242e5 folded before Flop (didn't bet)
Seat 3: Hero folded before Flop
Seat 4: 42505fbe folded before Flop (didn't bet)
Seat 5: 310ca396 (button) folded before Flop (didn't bet)
Seat 6: 84d1896c (small blind) folded before Flop


Poker Hand #HD1185048056: Hold'em No Limit  ($0.02/$0.05) - 2023/04/01 16:00:13
Table 'NLHBlue52' 6-max Seat #4 is the button
Seat 1: fd99dd52 ($5.28 in chips)
Seat 3: Hero ($5.74 in chips)
Seat 4: 42505fbe ($1.1 in chips)
Seat 5: 310ca396 ($5.59 in chips)
Seat 6: 84d1896c ($5 in chips)
310ca396: posts small blind $0.02
84d1896c: posts big blind $0.05
*** HOLE CARDS ***
Dealt to fd99dd52 
Dealt to Hero [Th 5s]
Dealt to 42505fbe 
Dealt to 310ca396 
Dealt to 84d1896c 
fd99dd52: folds
Hero: folds
42505fbe: folds
310ca396: raises $0.1 to $0.15
84d1896c: folds
Uncalled bet ($0.1) returned to 310ca396
*** SHOWDOWN ***
310ca396 collected $0.1 from pot
*** SUMMARY ***
Total pot $0.1 | Rake $0 | Jackpot $0 | Bingo $0 | Fortune $0
Seat 1: fd99dd52 folded before Flop (didn't bet)
Seat 3: Hero folded before Flop (didn't bet)
Seat 4: 42505fbe (button) folded before Flop (didn't bet)
Seat 5: 310ca396 (small blind) collected ($0.1)
Seat 6: 84d1896c (big blind) folded before Flop


Poker Hand #HD1185047999: Hold'em No Limit  ($0.02/$0.05) - 2023/04/01 15:59:50
Table 'NLHBlue52' 6-max Seat #3 is the button
Seat 1: fd99dd52 ($5.28 in chips)
Seat 3: Hero ($5.67 in chips)
Seat 4: 42505fbe ($1.12 in chips)
Seat 5: 310ca396 ($5.64 in chips)
42505fbe: posts small blind $0.02
310ca396: posts big blind $0.05
*** HOLE CARDS ***
Dealt to fd99dd52 
Dealt to Hero [Kc Tc]
Dealt to 42505fbe 
Dealt to 310ca396 
fd99dd52: folds
Hero: raises $0.07 to $0.12
42505fbe: folds
310ca396: folds
Uncalled bet ($0.07) returned to Hero
*** SHOWDOWN ***
Hero collected $0.12 from pot
*** SUMMARY ***
Total pot $0.12 | Rake $0 | Jackpot $0 | Bingo $0 | Fortune $0
Seat 1: fd99dd52 folded before Flop (didn't bet)
Seat 3: Hero (button) collected ($0.12)
Seat 4: 42505fbe (small blind) folded before Flop
Seat 5: 310ca396 (big blind) folded before Flop


Poker Hand #HD1185047925: Hold'em No Limit  ($0.02/$0.05) - 2023/04/01 15:59:17
Table 'NLHBlue52' 6-max Seat #1 is the button
Seat 1: fd99dd52 ($5.28 in chips)
Seat 2: dff242e5 ($5.51 in chips)
Seat 3: Hero ($5.65 in chips)
Seat 4: 42505fbe ($1.12 in chips)
Seat 5: 310ca396 ($5.64 in chips)
dff242e5: posts small blind $0.02
Hero: posts big blind $0.05
*** HOLE CARDS ***
Dealt to fd99dd52 
Dealt to dff242e5 
Dealt to Hero [9d 7c]
Dealt to 42505fbe 
Dealt to 310ca396 
42505fbe: folds
310ca396: folds
fd99dd52: folds
dff242e5: folds
Uncalled bet ($0.03) returned to Hero
*** SHOWDOWN ***
Hero collected $0.04 from pot
*** SUMMARY ***
Total pot $0.04 | Rake $0 | Jackpot $0 | Bingo $0 | Fortune $0
Seat 1: fd99dd52 (button) folded before Flop (didn't bet)
Seat 2: dff242e5 (small blind) folded before Flop
Seat 3: Hero (big blind) collected ($0.04)
Seat 4: 42505fbe folded before Flop (didn't bet)
Seat 5: 310ca396 folded before Flop (didn't bet)


Poker Hand #HD1185047874: Hold'em No Limit  ($0.02/$0.05) - 2023/04/01 15:58:51
Table 'NLHBlue52' 6-max Seat #6 is the button
Seat 1: fd99dd52 ($5.3 in chips)
Seat 2: dff242e5 ($5.56 in chips)
Seat 3: Hero ($5.65 in chips)
Seat 4: 42505fbe ($1.12 in chips)
Seat 5: 310ca396 ($5.57 in chips)
Seat 6: b8a88f46 ($7.3 in chips)
fd99dd52: posts small blind $0.02
dff242e5: posts big blind $0.05
*** HOLE CARDS ***
Dealt to fd99dd52 
Dealt to dff242e5 
Dealt to Hero [Ts 3s]
Dealt to 42505fbe 
Dealt to 310ca396 
Dealt to b8a88f46 
Hero: folds
42505fbe: folds
310ca396: raises $0.1 to $0.15
b8a88f46: folds
fd99dd52: folds
dff242e5: folds
Uncalled bet ($0.1) returned to 310ca396
*** SHOWDOWN ***
310ca396 collected $0.12 from pot
*** SUMMARY ***
Total pot $0.12 | Rake $0 | Jackpot $0 | Bingo $0 | Fortune $0
Seat 1: fd99dd52 (small blind) folded before Flop
Seat 2: dff242e5 (big blind) folded before Flop
Seat 3: Hero folded before Flop (didn't bet)
Seat 4: 42505fbe folded before Flop (didn't bet)
Seat 5: 310ca396 collected ($0.12)
Seat 6: b8a88f46 (button) folded before Flop (didn't bet)


Poker Hand #HD1185047762: Hold'em No Limit  ($0.02/$0.05) - 2023/04/01 15:58:04
Table 'NLHBlue52' 6-max Seat #5 is the button
Seat 1: fd99dd52 ($5.35 in chips)
Seat 2: dff242e5 ($5.21 in chips)
Seat 3: Hero ($5.65 in chips)
Seat 4: 42505fbe ($1.12 in chips)
Seat 5: 310ca396 ($5.57 in chips)
Seat 6: b8a88f46 ($7.63 in chips)
b8a88f46: posts small blind $0.02
fd99dd52: posts big blind $0.05
*** HOLE CARDS ***
Dealt to fd99dd52 
Dealt to dff242e5 
Dealt to Hero [3d 5d]
Dealt to 42505fbe 
Dealt to 310ca396 
Dealt to b8a88f46 
dff242e5: raises $0.1 to $0.15
Hero: folds
42505fbe: folds
310ca396: folds
b8a88f46: calls $0.13
fd99dd52: folds
*** FLOP *** [6c 2c 9s]
b8a88f46: checks
dff242e5: bets $0.18
b8a88f46: calls $0.18
*** TURN *** [6c 2c 9s] [8d]
b8a88f46: checks
dff242e5: bets $0.54
b8a88f46: folds
Uncalled bet ($0.54) returned to dff242e5
*** SHOWDOWN ***
dff242e5 collected $0.68 from pot
*** SUMMARY ***
Total pot $0.71 | Rake $0.03 | Jackpot $0 | Bingo $0 | Fortune $0
Board [6c 2c 9s 8d]
Seat 1: fd99dd52 (big blind) folded before Flop
Seat 2: dff242e5 won ($0.68)
Seat 3: Hero folded before Flop (didn't bet)
Seat 4: 42505fbe folded before Flop (didn't bet)
Seat 5: 310ca396 (button) folded before Flop (didn't bet)
Seat 6: b8a88f46 (small blind) folded on the Turn


Poker Hand #HD1185047718: Hold'em No Limit  ($0.02/$0.05) - 2023/04/01 15:57:44
Table 'NLHBlue52' 6-max Seat #4 is the button
Seat 1: fd99dd52 ($5.35 in chips)
Seat 2: dff242e5 ($5.21 in chips)
Seat 3: Hero ($5.58 in chips)
Seat 4: 42505fbe ($1.12 in chips)
Seat 5: 310ca396 ($5.59 in chips)
Seat 6: b8a88f46 ($7.68 in chips)
310ca396: posts small blind $0.02
b8a88f46: posts big blind $0.05
*** HOLE CARDS ***
Dealt to fd99dd52 
Dealt to dff242e5 
Dealt to Hero [7s 8s]
Dealt to 42505fbe 
Dealt to 310ca396 
Dealt to b8a88f46 
fd99dd52: folds
dff242e5: folds
Hero: raises $0.07 to $0.12
42505fbe: folds
310ca396: folds
b8a88f46: folds
Uncalled bet ($0.07) returned to Hero
*** SHOWDOWN ***
Hero collected $0.12 from pot
*** SUMMARY ***
Total pot $0.12 | Rake $0 | Jackpot $0 | Bingo $0 | Fortune $0
Seat 1: fd99dd52 folded before Flop (didn't bet)
Seat 2: dff242e5 folded before Flop (didn't bet)
Seat 3: Hero collected ($0.12)
Seat 4: 42505fbe (button) folded before Flop (didn't bet)
Seat 5: 310ca396 (small blind) folded before Flop
Seat 6: b8a88f46 (big blind) folded before Flop


Poker Hand #HD1185047674: Hold'em No Limit  ($0.02/$0.05) - 2023/04/01 15:57:22
Table 'NLHBlue52' 6-max Seat #3 is the button
Seat 1: fd99dd52 ($5.35 in chips)
Seat 2: dff242e5 ($5.21 in chips)
Seat 3: Hero ($5.51 in chips)
Seat 4: 42505fbe ($1.14 in chips)
Seat 5: 310ca396 ($5.64 in chips)
Seat 6: b8a88f46 ($7.68 in chips)
42505fbe: posts small blind $0.02
310ca396: posts big blind $0.05
*** HOLE CARDS ***
Dealt to fd99dd52 
Dealt to dff242e5 
Dealt to Hero [Ks Js]
Dealt to 42505fbe 
Dealt to 310ca396 
Dealt to b8a88f46 
b8a88f46: folds
fd99dd52: folds
dff242e5: folds
Hero: raises $0.07 to $0.12
42505fbe: folds
310ca396: folds
Uncalled bet ($0.07) returned to Hero
*** SHOWDOWN ***
Hero collected $0.12 from pot
*** SUMMARY ***
Total pot $0.12 | Rake $0 | Jackpot $0 | Bingo $0 | Fortune $0
Seat 1: fd99dd52 folded before Flop (didn't bet)
Seat 2: dff242e5 folded before Flop (didn't bet)
Seat 3: Hero (button) collected ($0.12)
Seat 4: 42505fbe (small blind) folded before Flop
Seat 5: 310ca396 (big blind) folded before Flop
Seat 6: b8a88f46 folded before Flop (didn't bet)


Poker Hand #HD1185047613: Hold'em No Limit  ($0.02/$0.05) - 2023/04/01 15:56:57
Table 'NLHBlue52' 6-max Seat #2 is the button
Seat 1: fd99dd52 ($5.35 in chips)
Seat 2: dff242e5 ($5.21 in chips)
Seat 3: Hero ($5.53 in chips)
Seat 4: 42505fbe ($1.12 in chips)
Seat 5: 310ca396 ($5.64 in chips)
Seat 6: b8a88f46 ($7.68 in chips)
Hero: posts small blind $0.02
42505fbe: posts big blind $0.05
*** HOLE CARDS ***
Dealt to fd99dd52 
Dealt to dff242e5 
Dealt to Hero [7s Kd]
Dealt to 42505fbe 
Dealt to 310ca396 
Dealt to b8a88f46 
310ca396: folds
b8a88f46: folds
fd99dd52: folds
dff242e5: folds
Hero: folds
Uncalled bet ($0.03) returned to 42505fbe
*** SHOWDOWN ***
42505fbe collected $0.04 from pot
*** SUMMARY ***
Total pot $0.04 | Rake $0 | Jackpot $0 | Bingo $0 | Fortune $0
Seat 1: fd99dd52 folded before Flop (didn't bet)
Seat 2: dff242e5 (button) folded before Flop (didn't bet)
Seat 3: Hero (small blind) folded before Flop
Seat 4: 42505fbe (big blind) collected ($0.04)
Seat 5: 310ca396 folded before Flop (didn't bet)
Seat 6: b8a88f46 folded before Flop (didn't bet)


Poker Hand #HD1185047566: Hold'em No Limit  ($0.02/$0.05) - 2023/04/01 15:56:32
Table 'NLHBlue52' 6-max Seat #1 is the button
Seat 1: fd99dd52 ($5.35 in chips)
Seat 2: dff242e5 ($5.16 in chips)
Seat 3: Hero ($5.58 in chips)
Seat 4: 42505fbe ($1.12 in chips)
Seat 5: 310ca396 ($5.64 in chips)
Seat 6: b8a88f46 ($7.68 in chips)
dff242e5: posts small blind $0.02
Hero: posts big blind $0.05
*** HOLE CARDS ***
Dealt to fd99dd52 
Dealt to dff242e5 
Dealt to Hero [2d 8s]
Dealt to 42505fbe 
Dealt to 310ca396 
Dealt to b8a88f46 
42505fbe: folds
310ca396: folds
b8a88f46: folds
fd99dd52: folds
dff242e5: raises $0.1 to $0.15
Hero: folds
Uncalled bet ($0.1) returned to dff242e5
*** SHOWDOWN ***
dff242e5 collected $0.1 from pot
*** SUMMARY ***
Total pot $0.1 | Rake $0 | Jackpot $0 | Bingo $0 | Fortune $0
Seat 1: fd99dd52 (button) folded before Flop (didn't bet)
Seat 2: dff242e5 (small blind) collected ($0.1)
Seat 3: Hero (big blind) folded before Flop
Seat 4: 42505fbe folded before Flop (didn't bet)
Seat 5: 310ca396 folded before Flop (didn't bet)
Seat 6: b8a88f46 folded before Flop (didn't bet)


Poker Hand #HD1185047491: Hold'em No Limit  ($0.02/$0.05) - 2023/04/01 15:56:01
Table 'NLHBlue52' 6-max Seat #6 is the button
Seat 1: fd99dd52 ($5.37 in chips)
Seat 2: dff242e5 ($5 in chips)
Seat 3: Hero ($5.58 in chips)
Seat 4: 42505fbe ($1.12 in chips)
Seat 5: 310ca396 ($5.79 in chips)
Seat 6: b8a88f46 ($7.68 in chips)
fd99dd52: posts small blind $0.02
dff242e5: posts big blind $0.05
*** HOLE CARDS ***
Dealt to fd99dd52 
Dealt to dff242e5 
Dealt to Hero [7s 2d]
Dealt to 42505fbe 
Dealt to 310ca396 
Dealt to b8a88f46 
Hero: folds
42505fbe: folds
310ca396: raises $0.1 to $0.15
b8a88f46: folds
fd99dd52: folds
dff242e5: calls $0.1
*** FLOP *** [9c 3c 5s]
dff242e5: bets $0.16
310ca396: folds
Uncalled bet ($0.16) returned to dff242e5
*** SHOWDOWN ***
dff242e5 collected $0.31 from pot
*** SUMMARY ***
Total pot $0.32 | Rake $0.01 | Jackpot $0 | Bingo $0 | Fortune $0
Board [9c 3c 5s]
Seat 1: fd99dd52 (small blind) folded before Flop
Seat 2: dff242e5 (big blind) won ($0.31)
Seat 3: Hero folded before Flop (didn't bet)
Seat 4: 42505fbe folded before Flop (didn't bet)
Seat 5: 310ca396 folded on the Flop
Seat 6: b8a88f46 (button) folded before Flop (didn't bet)


Poker Hand #HD1185047352: Hold'em No Limit  ($0.02/$0.05) - 2023/04/01 15:54:57
Table 'NLHBlue52' 6-max Seat #5 is the button
Seat 1: fd99dd52 ($5.12 in chips)
Seat 2: dff242e5 ($5 in chips)
Seat 3: Hero ($5.7 in chips)
Seat 4: 42505fbe ($1.12 in chips)
Seat 5: 310ca396 ($5.91 in chips)
Seat 6: b8a88f46 ($7.7 in chips)
b8a88f46: posts small blind $0.02
fd99dd52: posts big blind $0.05
*** HOLE CARDS ***
Dealt to fd99dd52 
Dealt to dff242e5 
Dealt to Hero [Td Jd]
Dealt to 42505fbe 
Dealt to 310ca396 
Dealt to b8a88f46 
dff242e5: folds
Hero: raises $0.07 to $0.12
42505fbe: folds
310ca396: calls $0.12
b8a88f46: folds
fd99dd52: raises $0.43 to $0.55
Hero: folds
310ca396: folds
Uncalled bet ($0.43) returned to fd99dd52
*** SHOWDOWN ***
fd99dd52 collected $0.37 from pot
*** SUMMARY ***
Total pot $0.38 | Rake $0.01 | Jackpot $0 | Bingo $0 | Fortune $0
Seat 1: fd99dd52 (big blind) collected ($0.37)
Seat 2: dff242e5 folded before Flop (didn't bet)
Seat 3: Hero folded before Flop
Seat 4: 42505fbe folded before Flop (didn't bet)
Seat 5: 310ca396 (button) folded before Flop
Seat 6: b8a88f46 (small blind) folded before Flop


Poker Hand #HD1185047296: Hold'em No Limit  ($0.02/$0.05) - 2023/04/01 15:54:35
Table 'NLHBlue52' 6-max Seat #4 is the button
Seat 1: fd99dd52 ($5.12 in chips)
Seat 2: dff242e5 ($5 in chips)
Seat 3: Hero ($5.7 in chips)
Seat 4: 42505fbe ($1.05 in chips)
Seat 5: 310ca396 ($5.93 in chips)
Seat 6: b8a88f46 ($7.75 in chips)
310ca396: posts small blind $0.02
b8a88f46: posts big blind $0.05
*** HOLE CARDS ***
Dealt to fd99dd52 
Dealt to dff242e5 
Dealt to Hero [Tc 5c]
Dealt to 42505fbe 
Dealt to 310ca396 
Dealt to b8a88f46 
fd99dd52: folds
dff242e5: folds
Hero: folds
42505fbe: raises $0.05 to $0.1
310ca396: folds
b8a88f46: folds
Uncalled bet ($0.05) returned to 42505fbe
*** SHOWDOWN ***
42505fbe collected $0.12 from pot
*** SUMMARY ***
Total pot $0.12 | Rake $0 | Jackpot $0 | Bingo $0 | Fortune $0
Seat 1: fd99dd52 folded before Flop (didn't bet)
Seat 2: dff242e5 folded before Flop (didn't bet)
Seat 3: Hero folded before Flop (didn't bet)
Seat 4: 42505fbe (button) collected ($0.12)
Seat 5: 310ca396 (small blind) folded before Flop
Seat 6: b8a88f46 (big blind) folded before Flop


Poker Hand #HD1185047248: Hold'em No Limit  ($0.02/$0.05) - 2023/04/01 15:54:14
Table 'NLHBlue52' 6-max Seat #3 is the button
Seat 1: fd99dd52 ($5.12 in chips)
Seat 2: dff242e5 ($5 in chips)
Seat 3: Hero ($5.7 in chips)
Seat 4: 42505fbe ($1 in chips)
Seat 5: 310ca396 ($5.98 in chips)
Seat 6: b8a88f46 ($7.75 in chips)
42505fbe: posts small blind $0.02
310ca396: posts big blind $0.05
*** HOLE CARDS ***
Dealt to fd99dd52 
Dealt to dff242e5 
Dealt to Hero [Qs 5h]
Dealt to 42505fbe 
Dealt to 310ca396 
Dealt to b8a88f46 
b8a88f46: folds
fd99dd52: folds
dff242e5: folds
Hero: folds
42505fbe: raises $0.95 to $1 and is all-in
310ca396: folds
Uncalled bet ($0.95) returned to 42505fbe
*** SHOWDOWN ***
42505fbe collected $0.1 from pot
*** SUMMARY ***
Total pot $0.1 | Rake $0 | Jackpot $0 | Bingo $0 | Fortune $0
Seat 1: fd99dd52 folded before Flop (didn't bet)
Seat 2: dff242e5 folded before Flop (didn't bet)
Seat 3: Hero (button) folded before Flop (didn't bet)
Seat 4: 42505fbe (small blind) collected ($0.1)
Seat 5: 310ca396 (big blind) folded before Flop
Seat 6: b8a88f46 folded before Flop (didn't bet)


Poker Hand #HD1185047073: Hold'em No Limit  ($0.02/$0.05) - 2023/04/01 15:52:58
Table 'NLHBlue52' 6-max Seat #2 is the button
Seat 1: fd99dd52 ($5.12 in chips)
Seat 2: dff242e5 ($5 in chips)
Seat 3: Hero ($5.72 in chips)
Seat 4: 42505fbe ($1.37 in chips)
Seat 5: 310ca396 ($6.13 in chips)
Seat 6: b8a88f46 ($6.56 in chips)
Hero: posts small blind $0.02
42505fbe: posts big blind $0.05
*** HOLE CARDS ***
Dealt to fd99dd52 
Dealt to dff242e5 
Dealt to Hero [4c Kc]
Dealt to 42505fbe 
Dealt to 310ca396 
Dealt to b8a88f46 
310ca396: raises $0.1 to $0.15
b8a88f46: calls $0.15
fd99dd52: folds
dff242e5: folds
Hero: folds
42505fbe: raises $1.22 to $1.37 and is all-in
310ca396: folds
b8a88f46: calls $1.22
42505fbe: shows [Ts Tc]
b8a88f46: shows [Ad Kh]
*** FLOP *** [Ah Qs 7h]
*** TURN *** [Ah Qs 7h] [As]
b8a88f46: Chooses to EV Cashout 
*** RIVER *** [Ah Qs 7h As] [8s]
b8a88f46: Pays Cashout Risk ($0.16)
*** SHOWDOWN ***
b8a88f46 collected $2.72 from pot
*** SUMMARY ***
Total pot $2.91 | Rake $0.14 | Jackpot $0.05 | Bingo $0 | Fortune $0
Board [Ah Qs 7h As 8s]
Seat 1: fd99dd52 folded before Flop (didn't bet)
Seat 2: dff242e5 (button) folded before Flop (didn't bet)
Seat 3: Hero (small blind) folded before Flop
Seat 4: 42505fbe (big blind) showed [Ts Tc] and lost with Pair of Aces and Pair of Tens
Seat 5: 310ca396 folded before Flop
Seat 6: b8a88f46 showed [Ad Kh] and won ($2.72) with Three Aces, Cashout Risk ($0.16)


Poker Hand #HD1185046957: Hold'em No Limit  ($0.02/$0.05) - 2023/04/01 15:52:01
Table 'NLHBlue52' 6-max Seat #1 is the button
Seat 1: fd99dd52 ($5.12 in chips)
Seat 2: dff242e5 ($5.02 in chips)
Seat 3: Hero ($5.77 in chips)
Seat 4: 42505fbe ($1.07 in chips)
Seat 5: 310ca396 ($6.13 in chips)
Seat 6: b8a88f46 ($6.81 in chips)
dff242e5: posts small blind $0.02
Hero: posts big blind $0.05
*** HOLE CARDS ***
Dealt to fd99dd52 
Dealt to dff242e5 
Dealt to Hero [6c 2h]
Dealt to 42505fbe 
Dealt to 310ca396 
Dealt to b8a88f46 
42505fbe: raises $0.05 to $0.1
310ca396: folds
b8a88f46: calls $0.1
fd99dd52: folds
dff242e5: folds
Hero: folds
*** FLOP *** [Ts 7d 5h]
42505fbe: bets $0.15
b8a88f46: calls $0.15
*** TURN *** [Ts 7d 5h] [7c]
42505fbe: checks
b8a88f46: checks
*** RIVER *** [Ts 7d 5h 7c] [4c]
42505fbe: bets $0.3
b8a88f46: folds
Uncalled bet ($0.3) returned to 42505fbe
*** SHOWDOWN ***
42505fbe collected $0.55 from pot
*** SUMMARY ***
Total pot $0.57 | Rake $0.02 | Jackpot $0 | Bingo $0 | Fortune $0
Board [Ts 7d 5h 7c 4c]
Seat 1: fd99dd52 (button) folded before Flop (didn't bet)
Seat 2: dff242e5 (small blind) folded before Flop
Seat 3: Hero (big blind) folded before Flop
Seat 4: 42505fbe won ($0.55)
Seat 5: 310ca396 folded before Flop (didn't bet)
Seat 6: b8a88f46 folded on the River


Poker Hand #HD1185046863: Hold'em No Limit  ($0.02/$0.05) - 2023/04/01 15:51:18
Table 'NLHBlue52' 6-max Seat #6 is the button
Seat 1: fd99dd52 ($5.14 in chips)
Seat 2: dff242e5 ($5.07 in chips)
Seat 3: Hero ($5.77 in chips)
Seat 4: 42505fbe ($1.07 in chips)
Seat 5: 310ca396 ($6.28 in chips)
Seat 6: b8a88f46 ($6.6 in chips)
fd99dd52: posts small blind $0.02
dff242e5: posts big blind $0.05
*** HOLE CARDS ***
Dealt to fd99dd52 
Dealt to dff242e5 
Dealt to Hero [6h 2d]
Dealt to 42505fbe 
Dealt to 310ca396 
Dealt to b8a88f46 
Hero: folds
42505fbe: folds
310ca396: raises $0.1 to $0.15
b8a88f46: calls $0.15
fd99dd52: folds
dff242e5: folds
*** FLOP *** [8c Ks As]
310ca396: checks
b8a88f46: bets $0.28
310ca396: folds
Uncalled bet ($0.28) returned to b8a88f46
*** SHOWDOWN ***
b8a88f46 collected $0.36 from pot
*** SUMMARY ***
Total pot $0.37 | Rake $0.01 | Jackpot $0 | Bingo $0 | Fortune $0
Board [8c Ks As]
Seat 1: fd99dd52 (small blind) folded before Flop
Seat 2: dff242e5 (big blind) folded before Flop
Seat 3: Hero folded before Flop (didn't bet)
Seat 4: 42505fbe folded before Flop (didn't bet)
Seat 5: 310ca396 folded on the Flop
Seat 6: b8a88f46 (button) won ($0.36)


Poker Hand #HD1185046827: Hold'em No Limit  ($0.02/$0.05) - 2023/04/01 15:51:01
Table 'NLHBlue52' 6-max Seat #5 is the button
Seat 1: fd99dd52 ($5.19 in chips)
Seat 2: dff242e5 ($5.07 in chips)
Seat 3: Hero ($5.77 in chips)
Seat 4: 42505fbe ($1 in chips)
Seat 5: 310ca396 ($6.28 in chips)
Seat 6: b8a88f46 ($6.62 in chips)
b8a88f46: posts small blind $0.02
fd99dd52: posts big blind $0.05
*** HOLE CARDS ***
Dealt to fd99dd52 
Dealt to dff242e5 
Dealt to Hero [4s 2h]
Dealt to 42505fbe 
Dealt to 310ca396 
Dealt to b8a88f46 
dff242e5: folds
Hero: folds
42505fbe: raises $0.05 to $0.1
310ca396: folds
b8a88f46: folds
fd99dd52: folds
Uncalled bet ($0.05) returned to 42505fbe
*** SHOWDOWN ***
42505fbe collected $0.12 from pot
*** SUMMARY ***
Total pot $0.12 | Rake $0 | Jackpot $0 | Bingo $0 | Fortune $0
Seat 1: fd99dd52 (big blind) folded before Flop
Seat 2: dff242e5 folded before Flop (didn't bet)
Seat 3: Hero folded before Flop (didn't bet)
Seat 4: 42505fbe collected ($0.12)
Seat 5: 310ca396 (button) folded before Flop (didn't bet)
Seat 6: b8a88f46 (small blind) folded before Flop


Poker Hand #HD1185046722: Hold'em No Limit  ($0.02/$0.05) - 2023/04/01 15:50:05
Table 'NLHBlue52' 6-max Seat #4 is the button
Seat 1: fd99dd52 ($5.19 in chips)
Seat 2: dff242e5 ($5.07 in chips)
Seat 3: Hero ($5.77 in chips)
Seat 4: 42505fbe ($0.9 in chips)
Seat 5: 310ca396 ($6.3 in chips)
Seat 6: b8a88f46 ($6.36 in chips)
310ca396: posts small blind $0.02
b8a88f46: posts big blind $0.05
*** HOLE CARDS ***
Dealt to fd99dd52 
Dealt to dff242e5 
Dealt to Hero [Kd 6d]
Dealt to 42505fbe 
Dealt to 310ca396 
Dealt to b8a88f46 
fd99dd52: folds
dff242e5: folds
Hero: folds
42505fbe: raises $0.05 to $0.1
310ca396: folds
b8a88f46: calls $0.05
*** FLOP *** [4h Ts 7h]
b8a88f46: checks
42505fbe: bets $0.16
b8a88f46: calls $0.16
*** TURN *** [4h Ts 7h] [Td]
b8a88f46: checks
42505fbe: checks
*** RIVER *** [4h Ts 7h Td] [7d]
b8a88f46: bets $0.41
42505fbe: folds
Uncalled bet ($0.41) returned to b8a88f46
*** SHOWDOWN ***
b8a88f46 collected $0.52 from pot
*** SUMMARY ***
Total pot $0.54 | Rake $0.02 | Jackpot $0 | Bingo $0 | Fortune $0
Board [4h Ts 7h Td 7d]
Seat 1: fd99dd52 folded before Flop (didn't bet)
Seat 2: dff242e5 folded before Flop (didn't bet)
Seat 3: Hero folded before Flop (didn't bet)
Seat 4: 42505fbe (button) folded on the River
Seat 5: 310ca396 (small blind) folded before Flop
Seat 6: b8a88f46 (big blind) won ($0.52)


Poker Hand #HD1185046675: Hold'em No Limit  ($0.02/$0.05) - 2023/04/01 15:49:42
Table 'NLHBlue52' 6-max Seat #3 is the button
Seat 1: fd99dd52 ($5 in chips)
Seat 3: Hero ($5.77 in chips)
Seat 4: 42505fbe ($0.92 in chips)
Seat 5: 310ca396 ($6.35 in chips)
Seat 6: b8a88f46 ($6.49 in chips)
42505fbe: posts small blind $0.02
310ca396: posts big blind $0.05
*** HOLE CARDS ***
Dealt to fd99dd52 
Dealt to Hero [3h 9s]
Dealt to 42505fbe 
Dealt to 310ca396 
Dealt to b8a88f46 
b8a88f46: raises $0.08 to $0.13
fd99dd52: raises $0.33 to $0.46
Hero: folds
42505fbe: folds
310ca396: folds
b8a88f46: folds
Uncalled bet ($0.33) returned to fd99dd52
*** SHOWDOWN ***
fd99dd52 collected $0.32 from pot
*** SUMMARY ***
Total pot $0.33 | Rake $0.01 | Jackpot $0 | Bingo $0 | Fortune $0
Seat 1: fd99dd52 collected ($0.32)
Seat 3: Hero (button) folded before Flop (didn't bet)
Seat 4: 42505fbe (small blind) folded before Flop
Seat 5: 310ca396 (big blind) folded before Flop
Seat 6: b8a88f46 folded before Flop


Poker Hand #HD1185046594: Hold'em No Limit  ($0.02/$0.05) - 2023/04/01 15:49:09
Table 'NLHBlue52' 6-max Seat #1 is the button
Seat 1: fd99dd52 ($5 in chips)
Seat 2: dff242e5 ($5.09 in chips)
Seat 3: Hero ($5.82 in chips)
Seat 4: 42505fbe ($0.92 in chips)
Seat 5: 310ca396 ($6.35 in chips)
Seat 6: b8a88f46 ($6.42 in chips)
dff242e5: posts small blind $0.02
Hero: posts big blind $0.05
*** HOLE CARDS ***
Dealt to fd99dd52 
Dealt to dff242e5 
Dealt to Hero [9h Qc]
Dealt to 42505fbe 
Dealt to 310ca396 
Dealt to b8a88f46 
42505fbe: folds
310ca396: folds
b8a88f46: raises $0.1 to $0.15
fd99dd52: folds
dff242e5: folds
Hero: folds
Uncalled bet ($0.1) returned to b8a88f46
*** SHOWDOWN ***
b8a88f46 collected $0.12 from pot
*** SUMMARY ***
Total pot $0.12 | Rake $0 | Jackpot $0 | Bingo $0 | Fortune $0
Seat 1: fd99dd52 (button) folded before Flop (didn't bet)
Seat 2: dff242e5 (small blind) folded before Flop
Seat 3: Hero (big blind) folded before Flop
Seat 4: 42505fbe folded before Flop (didn't bet)
Seat 5: 310ca396 folded before Flop (didn't bet)
Seat 6: b8a88f46 collected ($0.12)


Poker Hand #HD1185046521: Hold'em No Limit  ($0.02/$0.05) - 2023/04/01 15:48:35
Table 'NLHBlue52' 6-max Seat #6 is the button
Seat 1: fd99dd52 ($5 in chips)
Seat 2: dff242e5 ($5.14 in chips)
Seat 3: Hero ($5.82 in chips)
Seat 4: 42505fbe ($0.92 in chips)
Seat 5: 310ca396 ($6.35 in chips)
Seat 6: b8a88f46 ($6.35 in chips)
fd99dd52: posts small blind $0.02
dff242e5: posts big blind $0.05
*** HOLE CARDS ***
Dealt to fd99dd52 
Dealt to dff242e5 
Dealt to Hero [Kh Ts]
Dealt to 42505fbe 
Dealt to 310ca396 
Dealt to b8a88f46 
Hero: folds
42505fbe: folds
310ca396: folds
b8a88f46: raises $0.08 to $0.13
fd99dd52: folds
dff242e5: folds
Uncalled bet ($0.08) returned to b8a88f46
*** SHOWDOWN ***
b8a88f46 collected $0.12 from pot
*** SUMMARY ***
Total pot $0.12 | Rake $0 | Jackpot $0 | Bingo $0 | Fortune $0
Seat 1: fd99dd52 (small blind) folded before Flop
Seat 2: dff242e5 (big blind) folded before Flop
Seat 3: Hero folded before Flop (didn't bet)
Seat 4: 42505fbe folded before Flop (didn't bet)
Seat 5: 310ca396 folded before Flop (didn't bet)
Seat 6: b8a88f46 (button) collected ($0.12)


Poker Hand #HD1185046464: Hold'em No Limit  ($0.02/$0.05) - 2023/04/01 15:48:08
Table 'NLHBlue52' 6-max Seat #5 is the button
Seat 1: fd99dd52 ($5 in chips)
Seat 2: dff242e5 ($5.14 in chips)
Seat 3: Hero ($5.82 in chips)
Seat 4: 42505fbe ($0.85 in chips)
Seat 5: 310ca396 ($6.35 in chips)
Seat 6: b8a88f46 ($6.37 in chips)
b8a88f46: posts small blind $0.02
fd99dd52: posts big blind $0.05
*** HOLE CARDS ***
Dealt to fd99dd52 
Dealt to dff242e5 
Dealt to Hero [9c 4d]
Dealt to 42505fbe 
Dealt to 310ca396 
Dealt to b8a88f46 
dff242e5: folds
Hero: folds
42505fbe: raises $0.8 to $0.85 and is all-in
310ca396: folds
b8a88f46: folds
fd99dd52: folds
Uncalled bet ($0.8) returned to 42505fbe
*** SHOWDOWN ***
42505fbe collected $0.12 from pot
*** SUMMARY ***
Total pot $0.12 | Rake $0 | Jackpot $0 | Bingo $0 | Fortune $0
Seat 1: fd99dd52 (big blind) folded before Flop
Seat 2: dff242e5 folded before Flop (didn't bet)
Seat 3: Hero folded before Flop (didn't bet)
Seat 4: 42505fbe collected ($0.12)
Seat 5: 310ca396 (button) folded before Flop (didn't bet)
Seat 6: b8a88f46 (small blind) folded before Flop


Poker Hand #HD1185046415: Hold'em No Limit  ($0.02/$0.05) - 2023/04/01 15:47:43
Table 'NLHBlue52' 6-max Seat #4 is the button
Seat 1: fd99dd52 ($5 in chips)
Seat 2: dff242e5 ($5.14 in chips)
Seat 3: Hero ($5.82 in chips)
Seat 4: 42505fbe ($0.85 in chips)
Seat 5: 310ca396 ($6.3 in chips)
Seat 6: b8a88f46 ($6.42 in chips)
310ca396: posts small blind $0.02
b8a88f46: posts big blind $0.05
*** HOLE CARDS ***
Dealt to fd99dd52 
Dealt to dff242e5 
Dealt to Hero [2s Jh]
Dealt to 42505fbe 
Dealt to 310ca396 
Dealt to b8a88f46 
fd99dd52: folds
dff242e5: folds
Hero: folds
42505fbe: folds
310ca396: raises $0.1 to $0.15
b8a88f46: folds
Uncalled bet ($0.1) returned to 310ca396
*** SHOWDOWN ***
310ca396 collected $0.1 from pot
*** SUMMARY ***
Total pot $0.1 | Rake $0 | Jackpot $0 | Bingo $0 | Fortune $0
Seat 1: fd99dd52 folded before Flop (didn't bet)
Seat 2: dff242e5 folded before Flop (didn't bet)
Seat 3: Hero folded before Flop (didn't bet)
Seat 4: 42505fbe (button) folded before Flop (didn't bet)
Seat 5: 310ca396 (small blind) collected ($0.1)
Seat 6: b8a88f46 (big blind) folded before Flop


Poker Hand #HD1185046387: Hold'em No Limit  ($0.02/$0.05) - 2023/04/01 15:47:32
Table 'NLHBlue52' 6-max Seat #3 is the button
Seat 1: fd99dd52 ($5 in chips)
Seat 2: dff242e5 ($5.14 in chips)
Seat 3: Hero ($5.82 in chips)
Seat 4: 42505fbe ($0.87 in chips)
Seat 5: 310ca396 ($6.28 in chips)
Seat 6: b8a88f46 ($6.42 in chips)
42505fbe: posts small blind $0.02
310ca396: posts big blind $0.05
*** HOLE CARDS ***
Dealt to fd99dd52 
Dealt to dff242e5 
Dealt to Hero [6d 2d]
Dealt to 42505fbe 
Dealt to 310ca396 
Dealt to b8a88f46 
b8a88f46: folds
fd99dd52: folds
dff242e5: folds
Hero: folds
42505fbe: folds
Uncalled bet ($0.03) returned to 310ca396
*** SHOWDOWN ***
310ca396 collected $0.04 from pot
*** SUMMARY ***
Total pot $0.04 | Rake $0 | Jackpot $0 | Bingo $0 | Fortune $0
Seat 1: fd99dd52 folded before Flop (didn't bet)
Seat 2: dff242e5 folded before Flop (didn't bet)
Seat 3: Hero (button) folded before Flop (didn't bet)
Seat 4: 42505fbe (small blind) folded before Flop
Seat 5: 310ca396 (big blind) collected ($0.04)
Seat 6: b8a88f46 folded before Flop (didn't bet)


Poker Hand #HD1185046297: Hold'em No Limit  ($0.02/$0.05) - 2023/04/01 15:46:49
Table 'NLHBlue52' 6-max Seat #2 is the button
Seat 1: fd99dd52 ($5 in chips)
Seat 2: dff242e5 ($5.14 in chips)
Seat 3: Hero ($5.84 in chips)
Seat 4: 42505fbe ($1 in chips)
Seat 5: 310ca396 ($6.28 in chips)
Seat 6: b8a88f46 ($6.28 in chips)
Hero: posts small blind $0.02
42505fbe: posts big blind $0.05
*** HOLE CARDS ***
Dealt to fd99dd52 
Dealt to dff242e5 
Dealt to Hero [4s Jh]
Dealt to 42505fbe 
Dealt to 310ca396 
Dealt to b8a88f46 
310ca396: folds
b8a88f46: raises $0.08 to $0.13
fd99dd52: folds
dff242e5: folds
Hero: folds
42505fbe: calls $0.08
*** FLOP *** [3d Kc 6d]
42505fbe: checks
b8a88f46: bets $0.14
42505fbe: folds
Uncalled bet ($0.14) returned to b8a88f46
*** SHOWDOWN ***
b8a88f46 collected $0.27 from pot
*** SUMMARY ***
Total pot $0.28 | Rake $0.01 | Jackpot $0 | Bingo $0 | Fortune $0
Board [3d Kc 6d]
Seat 1: fd99dd52 folded before Flop (didn't bet)
Seat 2: dff242e5 (button) folded before Flop (didn't bet)
Seat 3: Hero (small blind) folded before Flop
Seat 4: 42505fbe (big blind) folded on the Flop
Seat 5: 310ca396 folded before Flop (didn't bet)
Seat 6: b8a88f46 won ($0.27)


Poker Hand #HD1185046174: Hold'em No Limit  ($0.02/$0.05) - 2023/04/01 15:45:47
Table 'NLHBlue52' 6-max Seat #1 is the button
Seat 1: fd99dd52 ($5 in chips)
Seat 2: dff242e5 ($5.16 in chips)
Seat 3: Hero ($5.32 in chips)
Seat 4: 42505fbe ($0.93 in chips)
Seat 5: 310ca396 ($6.28 in chips)
Seat 6: b8a88f46 ($6.55 in chips)
dff242e5: posts small blind $0.02
Hero: posts big blind $0.05
*** HOLE CARDS ***
Dealt to fd99dd52 
Dealt to dff242e5 
Dealt to Hero [9s Qc]
Dealt to 42505fbe 
Dealt to 310ca396 
Dealt to b8a88f46 
42505fbe: raises $0.05 to $0.1
310ca396: folds
b8a88f46: calls $0.1
fd99dd52: folds
dff242e5: folds
Hero: calls $0.05
*** FLOP *** [Kc 8c 7c]
Hero: checks
42505fbe: bets $0.17
b8a88f46: calls $0.17
Hero: calls $0.17
*** TURN *** [Kc 8c 7c] [7s]
Hero: checks
42505fbe: checks
b8a88f46: checks
*** RIVER *** [Kc 8c 7c 7s] [Qd]
Hero: checks
42505fbe: checks
b8a88f46: checks
Hero: shows [9s Qc] (Pair of Queens and Pair of Sevens)
42505fbe: shows [Js Jh] (Pair of Jacks and Pair of Sevens)
b8a88f46: shows [Ac Ts] (Pair of Sevens)
*** SHOWDOWN ***
Hero collected $0.79 from pot
*** SUMMARY ***
Total pot $0.83 | Rake $0.04 | Jackpot $0 | Bingo $0 | Fortune $0
Board [Kc 8c 7c 7s Qd]
Seat 1: fd99dd52 (button) folded before Flop (didn't bet)
Seat 2: dff242e5 (small blind) folded before Flop
Seat 3: Hero (big blind) showed [9s Qc] and won ($0.79) with Pair of Queens and Pair of Sevens
Seat 4: 42505fbe showed [Js Jh] and lost with Pair of Jacks and Pair of Sevens
Seat 5: 310ca396 folded before Flop (didn't bet)
Seat 6: b8a88f46 showed [Ac Ts] and lost with Pair of Sevens


Poker Hand #HD1185046136: Hold'em No Limit  ($0.02/$0.05) - 2023/04/01 15:45:25
Table 'NLHBlue52' 6-max Seat #6 is the button
Seat 1: fd99dd52 ($5.02 in chips)
Seat 2: dff242e5 ($5.14 in chips)
Seat 3: Hero ($5.32 in chips)
Seat 4: 42505fbe ($0.93 in chips)
Seat 5: 310ca396 ($6.28 in chips)
Seat 6: b8a88f46 ($6.55 in chips)
fd99dd52: posts small blind $0.02
dff242e5: posts big blind $0.05
*** HOLE CARDS ***
Dealt to fd99dd52 
Dealt to dff242e5 
Dealt to Hero [3s Ah]
Dealt to 42505fbe 
Dealt to 310ca396 
Dealt to b8a88f46 
Hero: folds
42505fbe: folds
310ca396: folds
b8a88f46: folds
fd99dd52: folds
Uncalled bet ($0.03) returned to dff242e5
*** SHOWDOWN ***
dff242e5 collected $0.04 from pot
*** SUMMARY ***
Total pot $0.04 | Rake $0 | Jackpot $0 | Bingo $0 | Fortune $0
Seat 1: fd99dd52 (small blind) folded before Flop
Seat 2: dff242e5 (big blind) collected ($0.04)
Seat 3: Hero folded before Flop (didn't bet)
Seat 4: 42505fbe folded before Flop (didn't bet)
Seat 5: 310ca396 folded before Flop (didn't bet)
Seat 6: b8a88f46 (button) folded before Flop (didn't bet)


Poker Hand #HD1185046073: Hold'em No Limit  ($0.02/$0.05) - 2023/04/01 15:44:58
Table 'NLHBlue52' 6-max Seat #5 is the button
Seat 1: fd99dd52 ($5.07 in chips)
Seat 2: dff242e5 ($5.07 in chips)
Seat 3: Hero ($5.32 in chips)
Seat 4: 42505fbe ($0.93 in chips)
Seat 5: 310ca396 ($6.28 in chips)
Seat 6: b8a88f46 ($6.57 in chips)
b8a88f46: posts small blind $0.02
fd99dd52: posts big blind $0.05
*** HOLE CARDS ***
Dealt to fd99dd52 
Dealt to dff242e5 
Dealt to Hero [3h Td]
Dealt to 42505fbe 
Dealt to 310ca396 
Dealt to b8a88f46 
dff242e5: raises $0.1 to $0.15
Hero: folds
42505fbe: folds
310ca396: folds
b8a88f46: folds
fd99dd52: folds
Uncalled bet ($0.1) returned to dff242e5
*** SHOWDOWN ***
dff242e5 collected $0.12 from pot
*** SUMMARY ***
Total pot $0.12 | Rake $0 | Jackpot $0 | Bingo $0 | Fortune $0
Seat 1: fd99dd52 (big blind) folded before Flop
Seat 2: dff242e5 collected ($0.12)
Seat 3: Hero folded before Flop (didn't bet)
Seat 4: 42505fbe folded before Flop (didn't bet)
Seat 5: 310ca396 (button) folded before Flop (didn't bet)
Seat 6: b8a88f46 (small blind) folded before Flop


Poker Hand #HD1185045977: Hold'em No Limit  ($0.02/$0.05) - 2023/04/01 15:44:17
Table 'NLHBlue52' 6-max Seat #4 is the button
Seat 1: fd99dd52 ($5.07 in chips)
Seat 2: dff242e5 ($5.07 in chips)
Seat 3: Hero ($5.32 in chips)
Seat 4: 42505fbe ($0.93 in chips)
Seat 5: 310ca396 ($6.43 in chips)
Seat 6: b8a88f46 ($6.43 in chips)
310ca396: posts small blind $0.02
b8a88f46: posts big blind $0.05
*** HOLE CARDS ***
Dealt to fd99dd52 
Dealt to dff242e5 
Dealt to Hero [4d Td]
Dealt to 42505fbe 
Dealt to 310ca396 
Dealt to b8a88f46 
fd99dd52: folds
dff242e5: folds
Hero: folds
42505fbe: folds
310ca396: raises $0.1 to $0.15
b8a88f46: raises $0.4 to $0.55
310ca396: folds
Uncalled bet ($0.4) returned to b8a88f46
*** SHOWDOWN ***
b8a88f46 collected $0.29 from pot
*** SUMMARY ***
Total pot $0.3 | Rake $0.01 | Jackpot $0 | Bingo $0 | Fortune $0
Seat 1: fd99dd52 folded before Flop (didn't bet)
Seat 2: dff242e5 folded before Flop (didn't bet)
Seat 3: Hero folded before Flop (didn't bet)
Seat 4: 42505fbe (button) folded before Flop (didn't bet)
Seat 5: 310ca396 (small blind) folded before Flop
Seat 6: b8a88f46 (big blind) collected ($0.29)


Poker Hand #HD1185045896: Hold'em No Limit  ($0.02/$0.05) - 2023/04/01 15:43:35
Table 'NLHBlue52' 6-max Seat #3 is the button
Seat 1: fd99dd52 ($5.07 in chips)
Seat 2: dff242e5 ($5 in chips)
Seat 3: Hero ($5.32 in chips)
Seat 4: 42505fbe ($0.95 in chips)
Seat 5: 310ca396 ($6.48 in chips)
Seat 6: b8a88f46 ($6.43 in chips)
42505fbe: posts small blind $0.02
310ca396: posts big blind $0.05
dff242e5: posts big blind $0.05
*** HOLE CARDS ***
Dealt to fd99dd52 
Dealt to dff242e5 
Dealt to Hero [Th 5c]
Dealt to 42505fbe 
Dealt to 310ca396 
Dealt to b8a88f46 
b8a88f46: folds
fd99dd52: folds
dff242e5: checks
Hero: folds
42505fbe: folds
310ca396: checks
*** FLOP *** [Tc Ks Qh]
310ca396: checks
dff242e5: bets $0.09
310ca396: folds
Uncalled bet ($0.09) returned to dff242e5
*** SHOWDOWN ***
dff242e5 collected $0.12 from pot
*** SUMMARY ***
Total pot $0.12 | Rake $0 | Jackpot $0 | Bingo $0 | Fortune $0
Board [Tc Ks Qh]
Seat 1: fd99dd52 folded before Flop (didn't bet)
Seat 2: dff242e5 won ($0.12)
Seat 3: Hero (button) folded before Flop (didn't bet)
Seat 4: 42505fbe (small blind) folded before Flop
Seat 5: 310ca396 (big blind) folded on the Flop
Seat 6: b8a88f46 folded before Flop (didn't bet)


Poker Hand #HD1185045867: Hold'em No Limit  ($0.02/$0.05) - 2023/04/01 15:43:23
Table 'NLHBlue52' 6-max Seat #1 is the button
Seat 1: fd99dd52 ($5.07 in chips)
Seat 3: Hero ($5.27 in chips)
Seat 4: 42505fbe ($1 in chips)
Seat 5: 310ca396 ($6.48 in chips)
Seat 6: b8a88f46 ($6.43 in chips)
Hero: posts small blind $0.02
42505fbe: posts big blind $0.05
*** HOLE CARDS ***
Dealt to fd99dd52 
Dealt to Hero [4d 5d]
Dealt to 42505fbe 
Dealt to 310ca396 
Dealt to b8a88f46 
310ca396: folds
b8a88f46: folds
fd99dd52: folds
Hero: raises $0.09 to $0.14
42505fbe: folds
Uncalled bet ($0.09) returned to Hero
*** SHOWDOWN ***
Hero collected $0.1 from pot
*** SUMMARY ***
Total pot $0.1 | Rake $0 | Jackpot $0 | Bingo $0 | Fortune $0
Seat 1: fd99dd52 (button) folded before Flop (didn't bet)
Seat 3: Hero (small blind) collected ($0.1)
Seat 4: 42505fbe (big blind) folded before Flop
Seat 5: 310ca396 folded before Flop (didn't bet)
Seat 6: b8a88f46 folded before Flop (didn't bet)


Poker Hand #HD1185045844: Hold'em No Limit  ($0.02/$0.05) - 2023/04/01 15:43:10
Table 'NLHBlue52' 6-max Seat #6 is the button
Seat 1: fd99dd52 ($5.09 in chips)
Seat 3: Hero ($5.25 in chips)
Seat 5: 310ca396 ($6.48 in chips)
Seat 6: b8a88f46 ($6.43 in chips)
fd99dd52: posts small blind $0.02
Hero: posts big blind $0.05
*** HOLE CARDS ***
Dealt to fd99dd52 
Dealt to Hero [Tc 7c]
Dealt to 310ca396 
Dealt to b8a88f46 
310ca396: folds
b8a88f46: folds
fd99dd52: folds
Uncalled bet ($0.03) returned to Hero
*** SHOWDOWN ***
Hero collected $0.04 from pot
*** SUMMARY ***
Total pot $0.04 | Rake $0 | Jackpot $0 | Bingo $0 | Fortune $0
Seat 1: fd99dd52 (small blind) folded before Flop
Seat 3: Hero (big blind) collected ($0.04)
Seat 5: 310ca396 folded before Flop (didn't bet)
Seat 6: b8a88f46 (button) folded before Flop (didn't bet)


Poker Hand #HD1185045809: Hold'em No Limit  ($0.02/$0.05) - 2023/04/01 15:42:56
Table 'NLHBlue52' 6-max Seat #5 is the button
Seat 1: fd99dd52 ($5.14 in chips)
Seat 3: Hero ($5.25 in chips)
Seat 5: 310ca396 ($6.41 in chips)
Seat 6: b8a88f46 ($6.45 in chips)
b8a88f46: posts small blind $0.02
fd99dd52: posts big blind $0.05
*** HOLE CARDS ***
Dealt to fd99dd52 
Dealt to Hero [5d 8c]
Dealt to 310ca396 
Dealt to b8a88f46 
Hero: folds
310ca396: raises $0.08 to $0.13
b8a88f46: folds
fd99dd52: folds
Uncalled bet ($0.08) returned to 310ca396
*** SHOWDOWN ***
310ca396 collected $0.12 from pot
*** SUMMARY ***
Total pot $0.12 | Rake $0 | Jackpot $0 | Bingo $0 | Fortune $0
Seat 1: fd99dd52 (big blind) folded before Flop
Seat 3: Hero folded before Flop (didn't bet)
Seat 5: 310ca396 (button) collected ($0.12)
Seat 6: b8a88f46 (small blind) folded before Flop


Poker Hand #HD1185045778: Hold'em No Limit  ($0.02/$0.05) - 2023/04/01 15:42:42
Table 'NLHBlue52' 6-max Seat #3 is the button
Seat 1: fd99dd52 ($5.14 in chips)
Seat 2: 1a21f055 ($5 in chips)
Seat 3: Hero ($5.25 in chips)
Seat 5: 310ca396 ($6.36 in chips)
Seat 6: b8a88f46 ($6.5 in chips)
310ca396: posts small blind $0.02
b8a88f46: posts big blind $0.05
*** HOLE CARDS ***
Dealt to fd99dd52 
Dealt to 1a21f055 
Dealt to Hero [6h Qc]
Dealt to 310ca396 
Dealt to b8a88f46 
fd99dd52: folds
1a21f055: folds
Hero: folds
310ca396: raises $0.1 to $0.15
b8a88f46: folds
Uncalled bet ($0.1) returned to 310ca396
*** SHOWDOWN ***
310ca396 collected $0.1 from pot
*** SUMMARY ***
Total pot $0.1 | Rake $0 | Jackpot $0 | Bingo $0 | Fortune $0
Seat 1: fd99dd52 folded before Flop (didn't bet)
Seat 2: 1a21f055 folded before Flop (didn't bet)
Seat 3: Hero (button) folded before Flop (didn't bet)
Seat 5: 310ca396 (small blind) collected ($0.1)
Seat 6: b8a88f46 (big blind) folded before Flop


Poker Hand #HD1185045743: Hold'em No Limit  ($0.02/$0.05) - 2023/04/01 15:42:26
Table 'NLHBlue52' 6-max Seat #2 is the button
Seat 1: fd99dd52 ($5.07 in chips)
Seat 2: 1a21f055 ($5 in chips)
Seat 3: Hero ($5.27 in chips)
Seat 5: 310ca396 ($6.41 in chips)
Seat 6: b8a88f46 ($6.5 in chips)
Hero: posts small blind $0.02
310ca396: posts big blind $0.05
*** HOLE CARDS ***
Dealt to fd99dd52 
Dealt to 1a21f055 
Dealt to Hero [Td 7c]
Dealt to 310ca396 
Dealt to b8a88f46 
b8a88f46: folds
fd99dd52: raises $0.1 to $0.15
1a21f055: folds
Hero: folds
310ca396: folds
Uncalled bet ($0.1) returned to fd99dd52
*** SHOWDOWN ***
fd99dd52 collected $0.12 from pot
*** SUMMARY ***
Total pot $0.12 | Rake $0 | Jackpot $0 | Bingo $0 | Fortune $0
Seat 1: fd99dd52 collected ($0.12)
Seat 2: 1a21f055 (button) folded before Flop (didn't bet)
Seat 3: Hero (small blind) folded before Flop
Seat 5: 310ca396 (big blind) folded before Flop
Seat 6: b8a88f46 folded before Flop (didn't bet)


Poker Hand #HD1184945624: Hold'em No Limit  ($0.02/$0.05) - 2023/04/01 15:41:32
Table 'NLHBlue52' 6-max Seat #1 is the button
Seat 1: fd99dd52 ($5.07 in chips)
Seat 2: 1a21f055 ($5 in chips)
Seat 3: Hero ($5.26 in chips)
Seat 5: 310ca396 ($6.4 in chips)
Seat 6: b8a88f46 ($6.5 in chips)
1a21f055: posts small blind $0.02
Hero: posts big blind $0.05
*** HOLE CARDS ***
Dealt to fd99dd52 
Dealt to 1a21f055 
Dealt to Hero [As 2s]
Dealt to 310ca396 
Dealt to b8a88f46 
310ca396: raises $0.1 to $0.15
b8a88f46: folds
fd99dd52: folds
1a21f055: folds
Hero: calls $0.1
*** FLOP *** [Kh 9c Qh]
Hero: checks
310ca396: checks
*** TURN *** [Kh 9c Qh] [9d]
Hero: checks
310ca396: checks
*** RIVER *** [Kh 9c Qh 9d] [8h]
Hero: checks
310ca396: checks
Hero: shows [As 2s] (Pair of Nines)
310ca396: shows [Th Ad] (Pair of Nines)
*** SHOWDOWN ***
Hero collected $0.16 from pot
310ca396 collected $0.16 from pot
*** SUMMARY ***
Total pot $0.32 | Rake $0 | Jackpot $0 | Bingo $0 | Fortune $0
Board [Kh 9c Qh 9d 8h]
Seat 1: fd99dd52 (button) folded before Flop (didn't bet)
Seat 2: 1a21f055 (small blind) folded before Flop
Seat 3: Hero (big blind) showed [As 2s] and won ($0.16) with Pair of Nines
Seat 5: 310ca396 showed [Th Ad] and won ($0.16) with Pair of Nines
Seat 6: b8a88f46 folded before Flop (didn't bet)


Poker Hand #HD1184945541: Hold'em No Limit  ($0.02/$0.05) - 2023/04/01 15:40:50
Table 'NLHBlue52' 6-max Seat #6 is the button
Seat 1: fd99dd52 ($5.09 in chips)
Seat 2: 1a21f055 ($5 in chips)
Seat 3: Hero ($5.26 in chips)
Seat 5: 310ca396 ($6.55 in chips)
Seat 6: b8a88f46 ($6.29 in chips)
fd99dd52: posts small blind $0.02
1a21f055: posts big blind $0.05
*** HOLE CARDS ***
Dealt to fd99dd52 
Dealt to 1a21f055 
Dealt to Hero [As 3h]
Dealt to 310ca396 
Dealt to b8a88f46 
Hero: folds
310ca396: raises $0.1 to $0.15
b8a88f46: calls $0.15
fd99dd52: folds
1a21f055: folds
*** FLOP *** [6h Td 8s]
310ca396: checks
b8a88f46: bets $0.28
310ca396: folds
Uncalled bet ($0.28) returned to b8a88f46
*** SHOWDOWN ***
b8a88f46 collected $0.36 from pot
*** SUMMARY ***
Total pot $0.37 | Rake $0.01 | Jackpot $0 | Bingo $0 | Fortune $0
Board [6h Td 8s]
Seat 1: fd99dd52 (small blind) folded before Flop
Seat 2: 1a21f055 (big blind) folded before Flop
Seat 3: Hero folded before Flop (didn't bet)
Seat 5: 310ca396 folded on the Flop
Seat 6: b8a88f46 (button) won ($0.36)


Poker Hand #HD1184945504: Hold'em No Limit  ($0.02/$0.05) - 2023/04/01 15:40:34
Table 'NLHBlue52' 6-max Seat #5 is the button
Seat 1: fd99dd52 ($5.07 in chips)
Seat 2: 1a21f055 ($5 in chips)
Seat 3: Hero ($5.26 in chips)
Seat 5: 310ca396 ($6.55 in chips)
Seat 6: b8a88f46 ($6.31 in chips)
b8a88f46: posts small blind $0.02
fd99dd52: posts big blind $0.05
*** HOLE CARDS ***
Dealt to fd99dd52 
Dealt to 1a21f055 
Dealt to Hero [8s 5d]
Dealt to 310ca396 
Dealt to b8a88f46 
1a21f055: folds
Hero: folds
310ca396: folds
b8a88f46: folds
Uncalled bet ($0.03) returned to fd99dd52
*** SHOWDOWN ***
fd99dd52 collected $0.04 from pot
*** SUMMARY ***
Total pot $0.04 | Rake $0 | Jackpot $0 | Bingo $0 | Fortune $0
Seat 1: fd99dd52 (big blind) collected ($0.04)
Seat 2: 1a21f055 folded before Flop (didn't bet)
Seat 3: Hero folded before Flop (didn't bet)
Seat 5: 310ca396 (button) folded before Flop (didn't bet)
Seat 6: b8a88f46 (small blind) folded before Flop


Poker Hand #HD1184945467: Hold'em No Limit  ($0.02/$0.05) - 2023/04/01 15:40:14
Table 'NLHBlue52' 6-max Seat #3 is the button
Seat 1: fd99dd52 ($5.07 in chips)
Seat 2: 1a21f055 ($5 in chips)
Seat 3: Hero ($5.26 in chips)
Seat 4: 88cf6bef ($5 in chips)
Seat 5: 310ca396 ($6.6 in chips)
Seat 6: b8a88f46 ($6.24 in chips)
88cf6bef: posts small blind $0.02
310ca396: posts big blind $0.05
*** HOLE CARDS ***
Dealt to fd99dd52 
Dealt to 1a21f055 
Dealt to Hero [2s Th]
Dealt to 88cf6bef 
Dealt to 310ca396 
Dealt to b8a88f46 
b8a88f46: raises $0.08 to $0.13
fd99dd52: folds
1a21f055: folds
Hero: folds
88cf6bef: folds
310ca396: folds
Uncalled bet ($0.08) returned to b8a88f46
*** SHOWDOWN ***
b8a88f46 collected $0.12 from pot
*** SUMMARY ***
Total pot $0.12 | Rake $0 | Jackpot $0 | Bingo $0 | Fortune $0
Seat 1: fd99dd52 folded before Flop (didn't bet)
Seat 2: 1a21f055 folded before Flop (didn't bet)
Seat 3: Hero (button) folded before Flop (didn't bet)
Seat 4: 88cf6bef (small blind) folded before Flop
Seat 5: 310ca396 (big blind) folded before Flop
Seat 6: b8a88f46 collected ($0.12)


Poker Hand #HD1184945394: Hold'em No Limit  ($0.02/$0.05) - 2023/04/01 15:39:42
Table 'NLHBlue52' 6-max Seat #2 is the button
Seat 1: fd99dd52 ($5.07 in chips)
Seat 2: 1a21f055 ($5.1 in chips)
Seat 3: Hero ($5.07 in chips)
Seat 4: 88cf6bef ($5 in chips)
Seat 5: 310ca396 ($6.6 in chips)
Seat 6: b8a88f46 ($6.24 in chips)
Hero: posts small blind $0.02
88cf6bef: posts big blind $0.05
*** HOLE CARDS ***
Dealt to fd99dd52 
Dealt to 1a21f055 
Dealt to Hero [Ts Ks]
Dealt to 88cf6bef 
Dealt to 310ca396 
Dealt to b8a88f46 
310ca396: folds
b8a88f46: folds
fd99dd52: folds
1a21f055: raises $0.1 to $0.15
Hero: raises $0.49 to $0.64
88cf6bef: folds
1a21f055: folds
Uncalled bet ($0.49) returned to Hero
*** SHOWDOWN ***
Hero collected $0.34 from pot
*** SUMMARY ***
Total pot $0.35 | Rake $0.01 | Jackpot $0 | Bingo $0 | Fortune $0
Seat 1: fd99dd52 folded before Flop (didn't bet)
Seat 2: 1a21f055 (button) folded before Flop
Seat 3: Hero (small blind) collected ($0.34)
Seat 4: 88cf6bef (big blind) folded before Flop
Seat 5: 310ca396 folded before Flop (didn't bet)
Seat 6: b8a88f46 folded before Flop (didn't bet)


Poker Hand #HD1184945347: Hold'em No Limit  ($0.02/$0.05) - 2023/04/01 15:39:18
Table 'NLHBlue52' 6-max Seat #1 is the button
Seat 1: fd99dd52 ($5 in chips)
Seat 2: 1a21f055 ($5.12 in chips)
Seat 3: Hero ($5.12 in chips)
Seat 4: 88cf6bef ($5 in chips)
Seat 5: 310ca396 ($6.6 in chips)
Seat 6: b8a88f46 ($6.24 in chips)
1a21f055: posts small blind $0.02
Hero: posts big blind $0.05
*** HOLE CARDS ***
Dealt to fd99dd52 
Dealt to 1a21f055 
Dealt to Hero [6h 4d]
Dealt to 88cf6bef 
Dealt to 310ca396 
Dealt to b8a88f46 
88cf6bef: folds
310ca396: folds
b8a88f46: folds
fd99dd52: raises $0.1 to $0.15
1a21f055: folds
Hero: folds
Uncalled bet ($0.1) returned to fd99dd52
*** SHOWDOWN ***
fd99dd52 collected $0.12 from pot
*** SUMMARY ***
Total pot $0.12 | Rake $0 | Jackpot $0 | Bingo $0 | Fortune $0
Seat 1: fd99dd52 (button) collected ($0.12)
Seat 2: 1a21f055 (small blind) folded before Flop
Seat 3: Hero (big blind) folded before Flop
Seat 4: 88cf6bef folded before Flop (didn't bet)
Seat 5: 310ca396 folded before Flop (didn't bet)
Seat 6: b8a88f46 folded before Flop (didn't bet)


Poker Hand #HD1184945293: Hold'em No Limit  ($0.02/$0.05) - 2023/04/01 15:38:50
Table 'NLHBlue52' 6-max Seat #6 is the button
Seat 1: fd99dd52 ($5.02 in chips)
Seat 2: 1a21f055 ($5.17 in chips)
Seat 3: Hero ($5.05 in chips)
Seat 4: 88cf6bef ($5 in chips)
Seat 5: 310ca396 ($6.6 in chips)
Seat 6: b8a88f46 ($6.24 in chips)
fd99dd52: posts small blind $0.02
1a21f055: posts big blind $0.05
*** HOLE CARDS ***
Dealt to fd99dd52 
Dealt to 1a21f055 
Dealt to Hero [As Qd]
Dealt to 88cf6bef 
Dealt to 310ca396 
Dealt to b8a88f46 
Hero: raises $0.07 to $0.12
88cf6bef: folds
310ca396: folds
b8a88f46: folds
fd99dd52: folds
1a21f055: folds
Uncalled bet ($0.07) returned to Hero
*** SHOWDOWN ***
Hero collected $0.12 from pot
*** SUMMARY ***
Total pot $0.12 | Rake $0 | Jackpot $0 | Bingo $0 | Fortune $0
Seat 1: fd99dd52 (small blind) folded before Flop
Seat 2: 1a21f055 (big blind) folded before Flop
Seat 3: Hero collected ($0.12)
Seat 4: 88cf6bef folded before Flop (didn't bet)
Seat 5: 310ca396 folded before Flop (didn't bet)
Seat 6: b8a88f46 (button) folded before Flop (didn't bet)


Poker Hand #HD1184945263: Hold'em No Limit  ($0.02/$0.05) - 2023/04/01 15:38:35
Table 'NLHBlue52' 6-max Seat #5 is the button
Seat 1: fd99dd52 ($5 in chips)
Seat 2: 1a21f055 ($5.17 in chips)
Seat 3: Hero ($5.05 in chips)
Seat 4: 88cf6bef ($5 in chips)
Seat 5: 310ca396 ($6.6 in chips)
Seat 6: b8a88f46 ($6.26 in chips)
b8a88f46: posts small blind $0.02
fd99dd52: posts big blind $0.05
*** HOLE CARDS ***
Dealt to fd99dd52 
Dealt to 1a21f055 
Dealt to Hero [Qd Jh]
Dealt to 88cf6bef 
Dealt to 310ca396 
Dealt to b8a88f46 
1a21f055: folds
Hero: folds
88cf6bef: folds
310ca396: folds
b8a88f46: folds
Uncalled bet ($0.03) returned to fd99dd52
*** SHOWDOWN ***
fd99dd52 collected $0.04 from pot
*** SUMMARY ***
Total pot $0.04 | Rake $0 | Jackpot $0 | Bingo $0 | Fortune $0
Seat 1: fd99dd52 (big blind) collected ($0.04)
Seat 2: 1a21f055 folded before Flop (didn't bet)
Seat 3: Hero folded before Flop (didn't bet)
Seat 4: 88cf6bef folded before Flop (didn't bet)
Seat 5: 310ca396 (button) folded before Flop (didn't bet)
Seat 6: b8a88f46 (small blind) folded before Flop


Poker Hand #HD1184945150: Hold'em No Limit  ($0.02/$0.05) - 2023/04/01 15:37:39
Table 'NLHBlue52' 6-max Seat #4 is the button
Seat 2: 1a21f055 ($5.17 in chips)
Seat 3: Hero ($5.05 in chips)
Seat 4: 88cf6bef ($5 in chips)
Seat 5: 310ca396 ($6.62 in chips)
Seat 6: b8a88f46 ($5.63 in chips)
310ca396: posts small blind $0.02
b8a88f46: posts big blind $0.05
*** HOLE CARDS ***
Dealt to 1a21f055 
Dealt to Hero [Tc 2h]
Dealt to 88cf6bef 
Dealt to 310ca396 
Dealt to b8a88f46 
1a21f055: folds
Hero: folds
88cf6bef: raises $0.08 to $0.13
310ca396: folds
b8a88f46: calls $0.08
*** FLOP *** [Ah 8d Js]
b8a88f46: checks
88cf6bef: bets $0.13
b8a88f46: calls $0.13
*** TURN *** [Ah 8d Js] [7d]
b8a88f46: checks
88cf6bef: bets $0.41
b8a88f46: calls $0.41
*** RIVER *** [Ah 8d Js 7d] [6h]
b8a88f46: bets $1.02
88cf6bef: folds
Uncalled bet ($1.02) returned to b8a88f46
*** SHOWDOWN ***
b8a88f46 collected $1.3 from pot
*** SUMMARY ***
Total pot $1.36 | Rake $0.06 | Jackpot $0 | Bingo $0 | Fortune $0
Board [Ah 8d Js 7d 6h]
Seat 2: 1a21f055 folded before Flop (didn't bet)
Seat 3: Hero folded before Flop (didn't bet)
Seat 4: 88cf6bef (button) folded on the River
Seat 5: 310ca396 (small blind) folded before Flop
Seat 6: b8a88f46 (big blind) won ($1.3)


Poker Hand #HD1184945122: Hold'em No Limit  ($0.02/$0.05) - 2023/04/01 15:37:23
Table 'NLHBlue52' 6-max Seat #3 is the button
Seat 2: 1a21f055 ($5.17 in chips)
Seat 3: Hero ($5.05 in chips)
Seat 4: 88cf6bef ($5.02 in chips)
Seat 5: 310ca396 ($6.67 in chips)
Seat 6: b8a88f46 ($5.56 in chips)
88cf6bef: posts small blind $0.02
310ca396: posts big blind $0.05
*** HOLE CARDS ***
Dealt to 1a21f055 
Dealt to Hero [Ks 5s]
Dealt to 88cf6bef 
Dealt to 310ca396 
Dealt to b8a88f46 
b8a88f46: raises $0.08 to $0.13
1a21f055: folds
Hero: folds
88cf6bef: folds
310ca396: folds
Uncalled bet ($0.08) returned to b8a88f46
*** SHOWDOWN ***
b8a88f46 collected $0.12 from pot
*** SUMMARY ***
Total pot $0.12 | Rake $0 | Jackpot $0 | Bingo $0 | Fortune $0
Seat 2: 1a21f055 folded before Flop (didn't bet)
Seat 3: Hero (button) folded before Flop (didn't bet)
Seat 4: 88cf6bef (small blind) folded before Flop
Seat 5: 310ca396 (big blind) folded before Flop
Seat 6: b8a88f46 collected ($0.12)


Poker Hand #HD1184945087: Hold'em No Limit  ($0.02/$0.05) - 2023/04/01 15:37:09
Table 'NLHBlue52' 6-max Seat #2 is the button
Seat 2: 1a21f055 ($5.17 in chips)
Seat 3: Hero ($5 in chips)
Seat 4: 88cf6bef ($5.07 in chips)
Seat 5: 310ca396 ($6.67 in chips)
Seat 6: b8a88f46 ($5.56 in chips)
Hero: posts small blind $0.02
88cf6bef: posts big blind $0.05
*** HOLE CARDS ***
Dealt to 1a21f055 
Dealt to Hero [Qs Js]
Dealt to 88cf6bef 
Dealt to 310ca396 
Dealt to b8a88f46 
310ca396: folds
b8a88f46: folds
1a21f055: folds
Hero: raises $0.09 to $0.14
88cf6bef: folds
Uncalled bet ($0.09) returned to Hero
*** SHOWDOWN ***
Hero collected $0.1 from pot
*** SUMMARY ***
Total pot $0.1 | Rake $0 | Jackpot $0 | Bingo $0 | Fortune $0
Seat 2: 1a21f055 (button) folded before Flop (didn't bet)
Seat 3: Hero (small blind) collected ($0.1)
Seat 4: 88cf6bef (big blind) folded before Flop
Seat 5: 310ca396 folded before Flop (didn't bet)
Seat 6: b8a88f46 folded before Flop (didn't bet)


Poker Hand #HD1184945003: Hold'em No Limit  ($0.02/$0.05) - 2023/04/01 15:36:32
Table 'NLHBlue52' 6-max Seat #6 is the button
Seat 2: 1a21f055 ($5.19 in chips)
Seat 3: Hero ($5 in chips)
Seat 4: 88cf6bef ($5.07 in chips)
Seat 5: 310ca396 ($6.67 in chips)
Seat 6: b8a88f46 ($5.42 in chips)
1a21f055: posts small blind $0.02
Hero: posts big blind $0.05
*** HOLE CARDS ***
Dealt to 1a21f055 
Dealt to Hero [8h 7h]
Dealt to 88cf6bef 
Dealt to 310ca396 
Dealt to b8a88f46 
88cf6bef: folds
310ca396: folds
b8a88f46: raises $0.08 to $0.13
1a21f055: folds
Hero: calls $0.08
*** FLOP *** [Kc 2s Kh]
Hero: checks
b8a88f46: checks
*** TURN *** [Kc 2s Kh] [3d]
Hero: checks
b8a88f46: checks
*** RIVER *** [Kc 2s Kh 3d] [Jh]
Hero: checks
b8a88f46: checks
Hero: shows [8h 7h] (Pair of Kings)
b8a88f46: shows [As 6s] (Pair of Kings)
*** SHOWDOWN ***
b8a88f46 collected $0.27 from pot
*** SUMMARY ***
Total pot $0.28 | Rake $0.01 | Jackpot $0 | Bingo $0 | Fortune $0
Board [Kc 2s Kh 3d Jh]
Seat 2: 1a21f055 (small blind) folded before Flop
Seat 3: Hero (big blind) showed [8h 7h] and lost with Pair of Kings
Seat 4: 88cf6bef folded before Flop (didn't bet)
Seat 5: 310ca396 folded before Flop (didn't bet)
Seat 6: b8a88f46 (button) showed [As 6s] and won ($0.27) with Pair of Kings


Poker Hand #HD1184944878: Hold'em No Limit  ($0.02/$0.05) - 2023/04/01 15:35:26
Table 'NLHBlue52' 6-max Seat #5 is the button
Seat 1: fd99dd52 ($5 in chips)
Seat 2: 1a21f055 ($5.19 in chips)
Seat 3: Hero ($5 in chips)
Seat 4: 88cf6bef ($5 in chips)
Seat 5: 310ca396 ($6.67 in chips)
Seat 6: b8a88f46 ($5.44 in chips)
b8a88f46: posts small blind $0.02
fd99dd52: posts big blind $0.05
*** HOLE CARDS ***
Dealt to fd99dd52 
Dealt to 1a21f055 
Dealt to Hero [3h Kd]
Dealt to 88cf6bef 
Dealt to 310ca396 
Dealt to b8a88f46 
1a21f055: folds
Hero: folds
88cf6bef: raises $0.08 to $0.13
310ca396: folds
b8a88f46: folds
fd99dd52: folds
Uncalled bet ($0.08) returned to 88cf6bef
*** SHOWDOWN ***
88cf6bef collected $0.12 from pot
*** SUMMARY ***
Total pot $0.12 | Rake $0 | Jackpot $0 | Bingo $0 | Fortune $0
Seat 1: fd99dd52 (big blind) folded before Flop
Seat 2: 1a21f055 folded before Flop (didn't bet)
Seat 3: Hero folded before Flop (didn't bet)
Seat 4: 88cf6bef collected ($0.12)
Seat 5: 310ca396 (button) folded before Flop (didn't bet)
Seat 6: b8a88f46 (small blind) folded before Flop


Poker Hand #HD1184944851: Hold'em No Limit  ($0.02/$0.05) - 2023/04/01 15:35:14
Table 'NLHBlue52' 6-max Seat #4 is the button
Seat 1: fd99dd52 ($5 in chips)
Seat 2: 1a21f055 ($5.19 in chips)
Seat 3: Hero ($5 in chips)
Seat 4: 88cf6bef ($5 in chips)
Seat 5: 310ca396 ($6.69 in chips)
Seat 6: b8a88f46 ($5.42 in chips)
310ca396: posts small blind $0.02
b8a88f46: posts big blind $0.05
*** HOLE CARDS ***
Dealt to fd99dd52 
Dealt to 1a21f055 
Dealt to Hero [2c 8c]
Dealt to 88cf6bef 
Dealt to 310ca396 
Dealt to b8a88f46 
fd99dd52: folds
1a21f055: folds
Hero: folds
88cf6bef: folds
310ca396: folds
Uncalled bet ($0.03) returned to b8a88f46
*** SHOWDOWN ***
b8a88f46 collected $0.04 from pot
*** SUMMARY ***
Total pot $0.04 | Rake $0 | Jackpot $0 | Bingo $0 | Fortune $0
Seat 1: fd99dd52 folded before Flop (didn't bet)
Seat 2: 1a21f055 folded before Flop (didn't bet)
Seat 3: Hero folded before Flop (didn't bet)
Seat 4: 88cf6bef (button) folded before Flop (didn't bet)
Seat 5: 310ca396 (small blind) folded before Flop
Seat 6: b8a88f46 (big blind) collected ($0.04)


Poker Hand #HD1184944825: Hold'em No Limit  ($0.02/$0.05) - 2023/04/01 15:35:00
Table 'NLHBlue52' 6-max Seat #3 is the button
Seat 1: fd99dd52 ($5 in chips)
Seat 2: 1a21f055 ($5.19 in chips)
Seat 3: Hero ($5 in chips)
Seat 4: 88cf6bef ($5 in chips)
Seat 5: 310ca396 ($6.67 in chips)
Seat 6: b8a88f46 ($5.42 in chips)
88cf6bef: posts small blind $0.02
310ca396: posts big blind $0.05
*** HOLE CARDS ***
Dealt to fd99dd52 
Dealt to 1a21f055 
Dealt to Hero [Kc 4h]
Dealt to 88cf6bef 
Dealt to 310ca396 
Dealt to b8a88f46 
b8a88f46: folds
fd99dd52: folds
1a21f055: folds
Hero: folds
88cf6bef: folds
Uncalled bet ($0.03) returned to 310ca396
*** SHOWDOWN ***
310ca396 collected $0.04 from pot
*** SUMMARY ***
Total pot $0.04 | Rake $0 | Jackpot $0 | Bingo $0 | Fortune $0
Seat 1: fd99dd52 folded before Flop (didn't bet)
Seat 2: 1a21f055 folded before Flop (didn't bet)
Seat 3: Hero (button) folded before Flop (didn't bet)
Seat 4: 88cf6bef (small blind) folded before Flop
Seat 5: 310ca396 (big blind) collected ($0.04)
Seat 6: b8a88f46 folded before Flop (didn't bet)


Poker Hand #HD1184944784: Hold'em No Limit  ($0.02/$0.05) - 2023/04/01 15:34:36
Table 'NLHBlue52' 6-max Seat #2 is the button
Seat 1: fd99dd52 ($5 in chips)
Seat 2: 1a21f055 ($5.19 in chips)
Seat 3: Hero ($5 in chips)
Seat 4: 88cf6bef ($5 in chips)
Seat 5: 310ca396 ($6.67 in chips)
Seat 6: b8a88f46 ($5.35 in chips)
Hero: posts small blind $0.02
88cf6bef: posts big blind $0.05
*** HOLE CARDS ***
Dealt to fd99dd52 
Dealt to 1a21f055 
Dealt to Hero [3c Td]
Dealt to 88cf6bef 
Dealt to 310ca396 
Dealt to b8a88f46 
310ca396: folds
b8a88f46: raises $0.08 to $0.13
fd99dd52: folds
1a21f055: folds
Hero: folds
88cf6bef: folds
Uncalled bet ($0.08) returned to b8a88f46
*** SHOWDOWN ***
b8a88f46 collected $0.12 from pot
*** SUMMARY ***
Total pot $0.12 | Rake $0 | Jackpot $0 | Bingo $0 | Fortune $0
Seat 1: fd99dd52 folded before Flop (didn't bet)
Seat 2: 1a21f055 (button) folded before Flop (didn't bet)
Seat 3: Hero (small blind) folded before Flop
Seat 4: 88cf6bef (big blind) folded before Flop
Seat 5: 310ca396 folded before Flop (didn't bet)
Seat 6: b8a88f46 collected ($0.12)


Poker Hand #HD1184944737: Hold'em No Limit  ($0.02/$0.05) - 2023/04/01 15:34:07
Table 'NLHBlue52' 6-max Seat #1 is the button
Seat 1: fd99dd52 ($5 in chips)
Seat 2: 1a21f055 ($5 in chips)
Seat 3: Hero ($5 in chips)
Seat 5: 310ca396 ($6.67 in chips)
Seat 6: b8a88f46 ($5.35 in chips)
1a21f055: posts small blind $0.02
Hero: posts big blind $0.05
*** HOLE CARDS ***
Dealt to fd99dd52 
Dealt to 1a21f055 
Dealt to Hero [3c Jc]
Dealt to 310ca396 
Dealt to b8a88f46 
310ca396: folds
b8a88f46: folds
fd99dd52: raises $0.1 to $0.15
1a21f055: raises $0.35 to $0.5
Hero: folds
fd99dd52: folds
Uncalled bet ($0.35) returned to 1a21f055
*** SHOWDOWN ***
1a21f055 collected $0.34 from pot
*** SUMMARY ***
Total pot $0.35 | Rake $0.01 | Jackpot $0 | Bingo $0 | Fortune $0
Seat 1: fd99dd52 (button) folded before Flop
Seat 2: 1a21f055 (small blind) collected ($0.34)
Seat 3: Hero (big blind) folded before Flop
Seat 5: 310ca396 folded before Flop (didn't bet)
Seat 6: b8a88f46 folded before Flop (didn't bet)


Poker Hand #HD1184944692: Hold'em No Limit  ($0.02/$0.05) - 2023/04/01 15:33:51
Table 'NLHBlue52' 6-max Seat #6 is the button
Seat 1: fd99dd52 ($5.02 in chips)
Seat 2: 1a21f055 ($5.05 in chips)
Seat 3: Hero ($5 in chips)
Seat 5: 310ca396 ($6.6 in chips)
Seat 6: b8a88f46 ($5.35 in chips)
fd99dd52: posts small blind $0.02
1a21f055: posts big blind $0.05
*** HOLE CARDS ***
Dealt to fd99dd52 
Dealt to 1a21f055 
Dealt to Hero [Ah 2s]
Dealt to 310ca396 
Dealt to b8a88f46 
Hero: folds
310ca396: raises $0.1 to $0.15
b8a88f46: folds
fd99dd52: folds
1a21f055: folds
Uncalled bet ($0.1) returned to 310ca396
*** SHOWDOWN ***
310ca396 collected $0.12 from pot
*** SUMMARY ***
Total pot $0.12 | Rake $0 | Jackpot $0 | Bingo $0 | Fortune $0
Seat 1: fd99dd52 (small blind) folded before Flop
Seat 2: 1a21f055 (big blind) folded before Flop
Seat 3: Hero folded before Flop (didn't bet)
Seat 5: 310ca396 collected ($0.12)
Seat 6: b8a88f46 (button) folded before Flop (didn't bet)


Poker Hand #HD1184944679: Hold'em No Limit  ($0.02/$0.05) - 2023/04/01 15:33:44
Table 'NLHBlue52' 6-max Seat #5 is the button
Seat 1: fd99dd52 ($5 in chips)
Seat 2: 1a21f055 ($5.05 in chips)
Seat 3: Hero ($5 in chips)
Seat 5: 310ca396 ($6.6 in chips)
Seat 6: b8a88f46 ($5.37 in chips)
b8a88f46: posts small blind $0.02
fd99dd52: posts big blind $0.05
*** HOLE CARDS ***
Dealt to fd99dd52 
Dealt to 1a21f055 
Dealt to Hero [Jd 7c]
Dealt to 310ca396 
Dealt to b8a88f46 
1a21f055: folds
Hero: folds
310ca396: folds
b8a88f46: folds
Uncalled bet ($0.03) returned to fd99dd52
*** SHOWDOWN ***
fd99dd52 collected $0.04 from pot
*** SUMMARY ***
Total pot $0.04 | Rake $0 | Jackpot $0 | Bingo $0 | Fortune $0
Seat 1: fd99dd52 (big blind) collected ($0.04)
Seat 2: 1a21f055 folded before Flop (didn't bet)
Seat 3: Hero folded before Flop (didn't bet)
Seat 5: 310ca396 (button) folded before Flop (didn't bet)
Seat 6: b8a88f46 (small blind) folded before Flop


Poker Hand #HD1184944633: Hold'em No Limit  ($0.02/$0.05) - 2023/04/01 15:33:20
Table 'NLHBlue52' 6-max Seat #3 is the button
Seat 1: fd99dd52 ($5 in chips)
Seat 2: 1a21f055 ($5.05 in chips)
Seat 3: Hero ($5 in chips)
Seat 5: 310ca396 ($6.44 in chips)
Seat 6: b8a88f46 ($5.42 in chips)
310ca396: posts small blind $0.02
b8a88f46: posts big blind $0.05
*** HOLE CARDS ***
Dealt to fd99dd52 
Dealt to 1a21f055 
Dealt to Hero [Qs Td]
Dealt to 310ca396 
Dealt to b8a88f46 
fd99dd52: folds
1a21f055: folds
Hero: raises $0.07 to $0.12
310ca396: raises $0.36 to $0.48
b8a88f46: folds
Hero: folds
Uncalled bet ($0.36) returned to 310ca396
*** SHOWDOWN ***
310ca396 collected $0.28 from pot
*** SUMMARY ***
Total pot $0.29 | Rake $0.01 | Jackpot $0 | Bingo $0 | Fortune $0
Seat 1: fd99dd52 folded before Flop (didn't bet)
Seat 2: 1a21f055 folded before Flop (didn't bet)
Seat 3: Hero (button) folded before Flop
Seat 5: 310ca396 (small blind) collected ($0.28)
Seat 6: b8a88f46 (big blind) folded before Flop


Poker Hand #HD1184944570: Hold'em No Limit  ($0.02/$0.05) - 2023/04/01 15:32:41
Table 'NLHBlue52' 6-max Seat #2 is the button
Seat 1: fd99dd52 ($5 in chips)
Seat 2: 1a21f055 ($5.05 in chips)
Seat 3: Hero ($5.14 in chips)
Seat 5: 310ca396 ($5.72 in chips)
Seat 6: b8a88f46 ($5.42 in chips)
Hero: posts small blind $0.02
310ca396: posts big blind $0.05
*** HOLE CARDS ***
Dealt to fd99dd52 
Dealt to 1a21f055 
Dealt to Hero [Jc Tc]
Dealt to 310ca396 
Dealt to b8a88f46 
b8a88f46: folds
fd99dd52: raises $0.1 to $0.15
1a21f055: folds
Hero: raises $0.49 to $0.64
310ca396: raises $0.95 to $1.59
fd99dd52: folds
Hero: folds
Uncalled bet ($0.95) returned to 310ca396
*** SHOWDOWN ***
310ca396 collected $1.36 from pot
*** SUMMARY ***
Total pot $1.43 | Rake $0.07 | Jackpot $0 | Bingo $0 | Fortune $0
Seat 1: fd99dd52 folded before Flop
Seat 2: 1a21f055 (button) folded before Flop (didn't bet)
Seat 3: Hero (small blind) folded before Flop
Seat 5: 310ca396 (big blind) collected ($1.36)
Seat 6: b8a88f46 folded before Flop (didn't bet)


Poker Hand #HD1184944528: Hold'em No Limit  ($0.02/$0.05) - 2023/04/01 15:32:19
Table 'NLHBlue52' 6-max Seat #1 is the button
Seat 1: fd99dd52 ($5 in chips)
Seat 2: 1a21f055 ($5 in chips)
Seat 3: Hero ($5.19 in chips)
Seat 5: 310ca396 ($5.72 in chips)
Seat 6: b8a88f46 ($5.42 in chips)
1a21f055: posts small blind $0.02
Hero: posts big blind $0.05
*** HOLE CARDS ***
Dealt to fd99dd52 
Dealt to 1a21f055 
Dealt to Hero [2h 5h]
Dealt to 310ca396 
Dealt to b8a88f46 
310ca396: folds
b8a88f46: folds
fd99dd52: folds
1a21f055: raises $0.1 to $0.15
Hero: folds
Uncalled bet ($0.1) returned to 1a21f055
*** SHOWDOWN ***
1a21f055 collected $0.1 from pot
*** SUMMARY ***
Total pot $0.1 | Rake $0 | Jackpot $0 | Bingo $0 | Fortune $0
Seat 1: fd99dd52 (button) folded before Flop (didn't bet)
Seat 2: 1a21f055 (small blind) collected ($0.1)
Seat 3: Hero (big blind) folded before Flop
Seat 5: 310ca396 folded before Flop (didn't bet)
Seat 6: b8a88f46 folded before Flop (didn't bet)


Poker Hand #HD1184944495: Hold'em No Limit  ($0.02/$0.05) - 2023/04/01 15:31:57
Table 'NLHBlue52' 6-max Seat #6 is the button
Seat 1: fd99dd52 ($5 in chips)
Seat 2: 1a21f055 ($5 in chips)
Seat 3: Hero ($5.19 in chips)
Seat 5: 310ca396 ($5.72 in chips)
Seat 6: b8a88f46 ($5.35 in chips)
fd99dd52: posts small blind $0.02
1a21f055: posts big blind $0.05
*** HOLE CARDS ***
Dealt to fd99dd52 
Dealt to 1a21f055 
Dealt to Hero [4d 8h]
Dealt to 310ca396 
Dealt to b8a88f46 
Hero: folds
310ca396: folds
b8a88f46: raises $0.08 to $0.13
fd99dd52: folds
1a21f055: folds
Uncalled bet ($0.08) returned to b8a88f46
*** SHOWDOWN ***
b8a88f46 collected $0.12 from pot
*** SUMMARY ***
Total pot $0.12 | Rake $0 | Jackpot $0 | Bingo $0 | Fortune $0
Seat 1: fd99dd52 (small blind) folded before Flop
Seat 2: 1a21f055 (big blind) folded before Flop
Seat 3: Hero folded before Flop (didn't bet)
Seat 5: 310ca396 folded before Flop (didn't bet)
Seat 6: b8a88f46 (button) collected ($0.12)


Poker Hand #HD1184944467: Hold'em No Limit  ($0.02/$0.05) - 2023/04/01 15:31:43
Table 'NLHBlue52' 6-max Seat #5 is the button
Seat 1: fd99dd52 ($5.02 in chips)
Seat 2: 1a21f055 ($5 in chips)
Seat 3: Hero ($5.12 in chips)
Seat 5: 310ca396 ($5.72 in chips)
Seat 6: b8a88f46 ($5.37 in chips)
b8a88f46: posts small blind $0.02
fd99dd52: posts big blind $0.05
*** HOLE CARDS ***
Dealt to fd99dd52 
Dealt to 1a21f055 
Dealt to Hero [Ts Ks]
Dealt to 310ca396 
Dealt to b8a88f46 
1a21f055: folds
Hero: raises $0.07 to $0.12
310ca396: folds
b8a88f46: folds
fd99dd52: folds
Uncalled bet ($0.07) returned to Hero
*** SHOWDOWN ***
Hero collected $0.12 from pot
*** SUMMARY ***
Total pot $0.12 | Rake $0 | Jackpot $0 | Bingo $0 | Fortune $0
Seat 1: fd99dd52 (big blind) folded before Flop
Seat 2: 1a21f055 folded before Flop (didn't bet)
Seat 3: Hero collected ($0.12)
Seat 5: 310ca396 (button) folded before Flop (didn't bet)
Seat 6: b8a88f46 (small blind) folded before Flop


Poker Hand #HD1184944439: Hold'em No Limit  ($0.02/$0.05) - 2023/04/01 15:31:30
Table 'NLHBlue52' 6-max Seat #3 is the button
Seat 1: fd99dd52 ($5.02 in chips)
Seat 2: 1a21f055 ($5 in chips)
Seat 3: Hero ($5.05 in chips)
Seat 5: 310ca396 ($5.74 in chips)
Seat 6: b8a88f46 ($5.42 in chips)
310ca396: posts small blind $0.02
b8a88f46: posts big blind $0.05
*** HOLE CARDS ***
Dealt to fd99dd52 
Dealt to 1a21f055 
Dealt to Hero [Qh Kh]
Dealt to 310ca396 
Dealt to b8a88f46 
fd99dd52: folds
1a21f055: folds
Hero: raises $0.07 to $0.12
310ca396: folds
b8a88f46: folds
Uncalled bet ($0.07) returned to Hero
*** SHOWDOWN ***
Hero collected $0.12 from pot
*** SUMMARY ***
Total pot $0.12 | Rake $0 | Jackpot $0 | Bingo $0 | Fortune $0
Seat 1: fd99dd52 folded before Flop (didn't bet)
Seat 2: 1a21f055 folded before Flop (didn't bet)
Seat 3: Hero (button) collected ($0.12)
Seat 5: 310ca396 (small blind) folded before Flop
Seat 6: b8a88f46 (big blind) folded before Flop


Poker Hand #HD1184944396: Hold'em No Limit  ($0.02/$0.05) - 2023/04/01 15:31:09
Table 'NLHBlue52' 6-max Seat #2 is the button
Seat 1: fd99dd52 ($5.02 in chips)
Seat 2: 1a21f055 ($5 in chips)
Seat 3: Hero ($5 in chips)
Seat 5: 310ca396 ($5.79 in chips)
Seat 6: b8a88f46 ($5.42 in chips)
Hero: posts small blind $0.02
310ca396: posts big blind $0.05
*** HOLE CARDS ***
Dealt to fd99dd52 
Dealt to 1a21f055 
Dealt to Hero [2d Ad]
Dealt to 310ca396 
Dealt to b8a88f46 
b8a88f46: folds
fd99dd52: folds
1a21f055: folds
Hero: raises $0.09 to $0.14
310ca396: folds
Uncalled bet ($0.09) returned to Hero
*** SHOWDOWN ***
Hero collected $0.1 from pot
*** SUMMARY ***
Total pot $0.1 | Rake $0 | Jackpot $0 | Bingo $0 | Fortune $0
Seat 1: fd99dd52 folded before Flop (didn't bet)
Seat 2: 1a21f055 (button) folded before Flop (didn't bet)
Seat 3: Hero (small blind) collected ($0.1)
Seat 5: 310ca396 (big blind) folded before Flop
Seat 6: b8a88f46 folded before Flop (didn't bet)


Poker Hand #HD1184944348: Hold'em No Limit  ($0.02/$0.05) - 2023/04/01 15:30:42
Table 'NLHBlue52' 6-max Seat #1 is the button
Seat 1: fd99dd52 ($5.02 in chips)
Seat 2: 1a21f055 ($5.02 in chips)
Seat 3: Hero ($5 in chips)
Seat 5: 310ca396 ($5.72 in chips)
Seat 6: b8a88f46 ($5.42 in chips)
1a21f055: posts small blind $0.02
Hero: posts big blind $0.05
*** HOLE CARDS ***
Dealt to fd99dd52 
Dealt to 1a21f055 
Dealt to Hero [Kd 4h]
Dealt to 310ca396 
Dealt to b8a88f46 
310ca396: raises $0.1 to $0.15
b8a88f46: folds
fd99dd52: folds
1a21f055: folds
Hero: folds
Uncalled bet ($0.1) returned to 310ca396
*** SHOWDOWN ***
310ca396 collected $0.12 from pot
*** SUMMARY ***
Total pot $0.12 | Rake $0 | Jackpot $0 | Bingo $0 | Fortune $0
Seat 1: fd99dd52 (button) folded before Flop (didn't bet)
Seat 2: 1a21f055 (small blind) folded before Flop
Seat 3: Hero (big blind) folded before Flop
Seat 5: 310ca396 collected ($0.12)
Seat 6: b8a88f46 folded before Flop (didn't bet)


