Poker Hand #HD1602328961: Hold'em No Limit ($0.02/$0.05) - 2024/01/23 14:04:32
Table 'NLHBlue78' 6-max Seat #5 is the button
Seat 1: 4cd367ff ($5.58 in chips)
Seat 2: Hero ($5 in chips)
Seat 3: dae5e413 ($5.26 in chips)
Seat 4: e3ebad69 ($2.5 in chips)
Seat 5: 8c7e7f1 ($4.66 in chips)
Seat 6: b411440b ($1.39 in chips)
b411440b: posts small blind $0.02
4cd367ff: posts big blind $0.05
e3ebad69: posts big blind $0.05
*** HOLE CARDS ***
Dealt to 4cd367ff 
Dealt to Hero [Ac 2h]
Dealt to dae5e413 
Dealt to e3ebad69 
Dealt to 8c7e7f1 
Dealt to b411440b 
Hero: folds
dae5e413: folds
e3ebad69: checks
8c7e7f1: raises $0.15 to $0.2
b411440b: folds
4cd367ff: folds
e3ebad69: calls $0.15
*** FLOP *** [Td 2s Qd]
e3ebad69: bets $0.1
8c7e7f1: raises $0.34 to $0.44
e3ebad69: calls $0.34
*** TURN *** [Td 2s Qd] [4h]
e3ebad69: bets $0.2
8c7e7f1: raises $3.82 to $4.02 and is all-in
e3ebad69: folds
Uncalled bet ($3.82) returned to 8c7e7f1
*** SHOWDOWN ***
8c7e7f1 collected $1.62 from pot
*** SUMMARY ***
Total pot $1.75 | Rake $0.08 | Jackpot $0.05 | Bingo $0 | Fortune $0 | Tax $0
Board [Td 2s Qd 4h]
Seat 1: 4cd367ff (big blind) folded before Flop
Seat 2: Hero folded before Flop (didn't bet)
Seat 3: dae5e413 folded before Flop (didn't bet)
Seat 4: e3ebad69 folded on the Turn
Seat 5: 8c7e7f1 (button) won ($1.62)
Seat 6: b411440b (small blind) folded before Flop


Poker Hand #HD1602328894: Hold'em No Limit ($0.02/$0.05) - 2024/01/23 14:03:55
Table 'NLHBlue78' 6-max Seat #4 is the button
Seat 1: 4cd367ff ($5.58 in chips)
Seat 2: Hero ($5 in chips)
Seat 3: dae5e413 ($5 in chips)
Seat 4: 3f69dfd ($8.57 in chips)
Seat 5: 8c7e7f1 ($4.68 in chips)
Seat 6: b411440b ($1.65 in chips)
8c7e7f1: posts small blind $0.02
b411440b: posts big blind $0.05
*** HOLE CARDS ***
Dealt to 4cd367ff 
Dealt to Hero [Ts Qd]
Dealt to dae5e413 
Dealt to 3f69dfd 
Dealt to 8c7e7f1 
Dealt to b411440b 
4cd367ff: folds
Hero: folds
dae5e413: raises $0.07 to $0.12
3f69dfd: folds
8c7e7f1: folds
b411440b: calls $0.07
*** FLOP *** [Kc Qs Jc]
b411440b: checks
dae5e413: bets $0.14
b411440b: calls $0.14
*** TURN *** [Kc Qs Jc] [Td]
b411440b: checks
dae5e413: bets $0.38
b411440b: folds
Uncalled bet ($0.38) returned to dae5e413
*** SHOWDOWN ***
dae5e413 collected $0.52 from pot
*** SUMMARY ***
Total pot $0.54 | Rake $0.02 | Jackpot $0 | Bingo $0 | Fortune $0 | Tax $0
Board [Kc Qs Jc Td]
Seat 1: 4cd367ff folded before Flop (didn't bet)
Seat 2: Hero folded before Flop (didn't bet)
Seat 3: dae5e413 won ($0.52)
Seat 4: 3f69dfd (button) folded before Flop (didn't bet)
Seat 5: 8c7e7f1 (small blind) folded before Flop
Seat 6: b411440b (big blind) folded on the Turn


Poker Hand #HD1602328839: Hold'em No Limit ($0.02/$0.05) - 2024/01/23 14:03:34
Table 'NLHBlue78' 6-max Seat #3 is the button
Seat 1: 4cd367ff ($5.51 in chips)
Seat 2: Hero ($5 in chips)
Seat 3: dae5e413 ($5 in chips)
Seat 4: 3f69dfd ($8.59 in chips)
Seat 5: 8c7e7f1 ($4.73 in chips)
Seat 6: b411440b ($1.65 in chips)
3f69dfd: posts small blind $0.02
8c7e7f1: posts big blind $0.05
*** HOLE CARDS ***
Dealt to 4cd367ff 
Dealt to Hero [7h 6h]
Dealt to dae5e413 
Dealt to 3f69dfd 
Dealt to 8c7e7f1 
Dealt to b411440b 
b411440b: folds
4cd367ff: raises $0.08 to $0.13
Hero: folds
dae5e413: folds
3f69dfd: folds
8c7e7f1: folds
Uncalled bet ($0.08) returned to 4cd367ff
*** SHOWDOWN ***
4cd367ff collected $0.12 from pot
*** SUMMARY ***
Total pot $0.12 | Rake $0 | Jackpot $0 | Bingo $0 | Fortune $0 | Tax $0
Seat 1: 4cd367ff collected ($0.12)
Seat 2: Hero folded before Flop (didn't bet)
Seat 3: dae5e413 (button) folded before Flop (didn't bet)
Seat 4: 3f69dfd (small blind) folded before Flop
Seat 5: 8c7e7f1 (big blind) folded before Flop
Seat 6: b411440b folded before Flop (didn't bet)


Poker Hand #HD1602328731: Hold'em No Limit ($0.02/$0.05) - 2024/01/23 14:02:40
Table 'NLHBlue78' 6-max Seat #2 is the button
Seat 1: 4cd367ff ($5.51 in chips)
Seat 2: Hero ($5 in chips)
Seat 3: dae5e413 ($5 in chips)
Seat 4: 3f69dfd ($8.45 in chips)
Seat 6: b411440b ($1.65 in chips)
dae5e413: posts small blind $0.02
3f69dfd: posts big blind $0.05
*** HOLE CARDS ***
Dealt to 4cd367ff 
Dealt to Hero [Th 5h]
Dealt to dae5e413 
Dealt to 3f69dfd 
Dealt to b411440b 
b411440b: folds
4cd367ff: folds
Hero: folds
dae5e413: raises $0.1 to $0.15
3f69dfd: calls $0.1
*** FLOP *** [6h 3d 9c]
dae5e413: checks
3f69dfd: checks
*** TURN *** [6h 3d 9c] [Kh]
dae5e413: checks
3f69dfd: bets $0.15
dae5e413: folds
Uncalled bet ($0.15) returned to 3f69dfd
*** SHOWDOWN ***
3f69dfd collected $0.29 from pot
*** SUMMARY ***
Total pot $0.3 | Rake $0.01 | Jackpot $0 | Bingo $0 | Fortune $0 | Tax $0
Board [6h 3d 9c Kh]
Seat 1: 4cd367ff folded before Flop (didn't bet)
Seat 2: Hero (button) folded before Flop (didn't bet)
Seat 3: dae5e413 (small blind) folded on the Turn
Seat 4: 3f69dfd (big blind) won ($0.29)
Seat 6: b411440b folded before Flop (didn't bet)


Poker Hand #HD1602328672: Hold'em No Limit ($0.02/$0.05) - 2024/01/23 14:02:11
Table 'NLHBlue78' 6-max Seat #1 is the button
Seat 1: 4cd367ff ($5.51 in chips)
Seat 2: Hero ($5.02 in chips)
Seat 3: dae5e413 ($5 in chips)
Seat 4: 3f69dfd ($8.38 in chips)
Seat 6: b411440b ($1.65 in chips)
Hero: posts small blind $0.02
dae5e413: posts big blind $0.05
*** HOLE CARDS ***
Dealt to 4cd367ff 
Dealt to Hero [Ad Ts]
Dealt to dae5e413 
Dealt to 3f69dfd 
Dealt to b411440b 
3f69dfd: raises $0.08 to $0.13
b411440b: folds
4cd367ff: folds
Hero: folds
dae5e413: folds
Uncalled bet ($0.08) returned to 3f69dfd
*** SHOWDOWN ***
3f69dfd collected $0.12 from pot
*** SUMMARY ***
Total pot $0.12 | Rake $0 | Jackpot $0 | Bingo $0 | Fortune $0 | Tax $0
Seat 1: 4cd367ff (button) folded before Flop (didn't bet)
Seat 2: Hero (small blind) folded before Flop
Seat 3: dae5e413 (big blind) folded before Flop
Seat 4: 3f69dfd collected ($0.12)
Seat 6: b411440b folded before Flop (didn't bet)


Poker Hand #HD1602328633: Hold'em No Limit ($0.02/$0.05) - 2024/01/23 14:01:50
Table 'NLHBlue78' 6-max Seat #6 is the button
Seat 1: 4cd367ff ($5.53 in chips)
Seat 2: Hero ($5.07 in chips)
Seat 3: dae5e413 ($5 in chips)
Seat 4: 3f69dfd ($8.38 in chips)
Seat 6: b411440b ($1.58 in chips)
4cd367ff: posts small blind $0.02
Hero: posts big blind $0.05
*** HOLE CARDS ***
Dealt to 4cd367ff 
Dealt to Hero [6s 8c]
Dealt to dae5e413 
Dealt to 3f69dfd 
Dealt to b411440b 
dae5e413: folds
3f69dfd: folds
b411440b: raises $0.05 to $0.1
4cd367ff: folds
Hero: folds
Uncalled bet ($0.05) returned to b411440b
*** SHOWDOWN ***
b411440b collected $0.12 from pot
*** SUMMARY ***
Total pot $0.12 | Rake $0 | Jackpot $0 | Bingo $0 | Fortune $0 | Tax $0
Seat 1: 4cd367ff (small blind) folded before Flop
Seat 2: Hero (big blind) folded before Flop
Seat 3: dae5e413 folded before Flop (didn't bet)
Seat 4: 3f69dfd folded before Flop (didn't bet)
Seat 6: b411440b (button) collected ($0.12)


Poker Hand #HD1602328523: Hold'em No Limit ($0.02/$0.05) - 2024/01/23 14:00:57
Table 'NLHBlue78' 6-max Seat #4 is the button
Seat 1: 4cd367ff ($5.27 in chips)
Seat 2: Hero ($5.07 in chips)
Seat 3: dae5e413 ($5 in chips)
Seat 4: 3f69dfd ($8.38 in chips)
Seat 6: b411440b ($1.6 in chips)
b411440b: posts small blind $0.02
4cd367ff: posts big blind $0.05
*** HOLE CARDS ***
Dealt to 4cd367ff 
Dealt to Hero [Ac 4d]
Dealt to dae5e413 
Dealt to 3f69dfd 
Dealt to b411440b 
Hero: folds
dae5e413: raises $0.07 to $0.12
3f69dfd: folds
b411440b: folds
4cd367ff: calls $0.07
*** FLOP *** [9h 8d 5s]
4cd367ff: checks
dae5e413: bets $0.14
4cd367ff: calls $0.14
*** TURN *** [9h 8d 5s] [8c]
4cd367ff: checks
dae5e413: checks
*** RIVER *** [9h 8d 5s 8c] [Kc]
4cd367ff: bets $0.41
dae5e413: folds
Uncalled bet ($0.41) returned to 4cd367ff
*** SHOWDOWN ***
4cd367ff collected $0.52 from pot
*** SUMMARY ***
Total pot $0.54 | Rake $0.02 | Jackpot $0 | Bingo $0 | Fortune $0 | Tax $0
Board [9h 8d 5s 8c Kc]
Seat 1: 4cd367ff (big blind) won ($0.52)
Seat 2: Hero folded before Flop (didn't bet)
Seat 3: dae5e413 folded on the River
Seat 4: 3f69dfd (button) folded before Flop (didn't bet)
Seat 6: b411440b (small blind) folded before Flop


Poker Hand #HD1602328502: Hold'em No Limit ($0.02/$0.05) - 2024/01/23 14:00:47
Table 'NLHBlue78' 6-max Seat #3 is the button
Seat 1: 4cd367ff ($5.27 in chips)
Seat 2: Hero ($5.07 in chips)
Seat 3: dae5e413 ($5 in chips)
Seat 4: 3f69dfd ($8.4 in chips)
Seat 6: b411440b ($1.58 in chips)
3f69dfd: posts small blind $0.02
b411440b: posts big blind $0.05
*** HOLE CARDS ***
Dealt to 4cd367ff 
Dealt to Hero [8s 7c]
Dealt to dae5e413 
Dealt to 3f69dfd 
Dealt to b411440b 
4cd367ff: folds
Hero: folds
dae5e413: folds
3f69dfd: folds
Uncalled bet ($0.03) returned to b411440b
*** SHOWDOWN ***
b411440b collected $0.04 from pot
*** SUMMARY ***
Total pot $0.04 | Rake $0 | Jackpot $0 | Bingo $0 | Fortune $0 | Tax $0
Seat 1: 4cd367ff folded before Flop (didn't bet)
Seat 2: Hero folded before Flop (didn't bet)
Seat 3: dae5e413 (button) folded before Flop (didn't bet)
Seat 4: 3f69dfd (small blind) folded before Flop
Seat 6: b411440b (big blind) collected ($0.04)


Poker Hand #HD1602328458: Hold'em No Limit ($0.02/$0.05) - 2024/01/23 14:00:25
Table 'NLHBlue78' 6-max Seat #2 is the button
Seat 1: 4cd367ff ($5.27 in chips)
Seat 2: Hero ($5.07 in chips)
Seat 3: dae5e413 ($5.01 in chips)
Seat 4: 3f69dfd ($8.38 in chips)
Seat 6: b411440b ($1.58 in chips)
dae5e413: posts small blind $0.02
3f69dfd: posts big blind $0.05
*** HOLE CARDS ***
Dealt to 4cd367ff 
Dealt to Hero [Td 4h]
Dealt to dae5e413 
Dealt to 3f69dfd 
Dealt to b411440b 
b411440b: folds
4cd367ff: folds
Hero: folds
dae5e413: folds
Uncalled bet ($0.03) returned to 3f69dfd
*** SHOWDOWN ***
3f69dfd collected $0.04 from pot
*** SUMMARY ***
Total pot $0.04 | Rake $0 | Jackpot $0 | Bingo $0 | Fortune $0 | Tax $0
Seat 1: 4cd367ff folded before Flop (didn't bet)
Seat 2: Hero (button) folded before Flop (didn't bet)
Seat 3: dae5e413 (small blind) folded before Flop
Seat 4: 3f69dfd (big blind) collected ($0.04)
Seat 6: b411440b folded before Flop (didn't bet)


Poker Hand #HD1602328427: Hold'em No Limit ($0.02/$0.05) - 2024/01/23 14:00:13
Table 'NLHBlue78' 6-max Seat #1 is the button
Seat 1: 4cd367ff ($5.2 in chips)
Seat 2: Hero ($5.09 in chips)
Seat 3: dae5e413 ($5.06 in chips)
Seat 4: 3f69dfd ($8.38 in chips)
Seat 6: b411440b ($1.58 in chips)
Hero: posts small blind $0.02
dae5e413: posts big blind $0.05
*** HOLE CARDS ***
Dealt to 4cd367ff 
Dealt to Hero [Kh 7h]
Dealt to dae5e413 
Dealt to 3f69dfd 
Dealt to b411440b 
3f69dfd: folds
b411440b: folds
4cd367ff: raises $0.08 to $0.13
Hero: folds
dae5e413: folds
Uncalled bet ($0.08) returned to 4cd367ff
*** SHOWDOWN ***
4cd367ff collected $0.12 from pot
*** SUMMARY ***
Total pot $0.12 | Rake $0 | Jackpot $0 | Bingo $0 | Fortune $0 | Tax $0
Seat 1: 4cd367ff (button) collected ($0.12)
Seat 2: Hero (small blind) folded before Flop
Seat 3: dae5e413 (big blind) folded before Flop
Seat 4: 3f69dfd folded before Flop (didn't bet)
Seat 6: b411440b folded before Flop (didn't bet)


Poker Hand #HD1602328401: Hold'em No Limit ($0.02/$0.05) - 2024/01/23 14:00:01
Table 'NLHBlue78' 6-max Seat #6 is the button
Seat 1: 4cd367ff ($5.22 in chips)
Seat 2: Hero ($5.07 in chips)
Seat 3: dae5e413 ($5.06 in chips)
Seat 4: 3f69dfd ($8.38 in chips)
Seat 6: b411440b ($1.58 in chips)
4cd367ff: posts small blind $0.02
Hero: posts big blind $0.05
*** HOLE CARDS ***
Dealt to 4cd367ff 
Dealt to Hero [Tc Ac]
Dealt to dae5e413 
Dealt to 3f69dfd 
Dealt to b411440b 
dae5e413: folds
3f69dfd: folds
b411440b: folds
4cd367ff: folds
Uncalled bet ($0.03) returned to Hero
*** SHOWDOWN ***
Hero collected $0.04 from pot
*** SUMMARY ***
Total pot $0.04 | Rake $0 | Jackpot $0 | Bingo $0 | Fortune $0 | Tax $0
Seat 1: 4cd367ff (small blind) folded before Flop
Seat 2: Hero (big blind) collected ($0.04)
Seat 3: dae5e413 folded before Flop (didn't bet)
Seat 4: 3f69dfd folded before Flop (didn't bet)
Seat 6: b411440b (button) folded before Flop (didn't bet)


Poker Hand #HD1602328314: Hold'em No Limit ($0.02/$0.05) - 2024/01/23 13:59:15
Table 'NLHBlue78' 6-max Seat #4 is the button
Seat 1: 4cd367ff ($5 in chips)
Seat 2: Hero ($5.07 in chips)
Seat 3: dae5e413 ($5.28 in chips)
Seat 4: 3f69dfd ($8.38 in chips)
Seat 6: b411440b ($1.6 in chips)
b411440b: posts small blind $0.02
4cd367ff: posts big blind $0.05
*** HOLE CARDS ***
Dealt to 4cd367ff 
Dealt to Hero [Ad 9c]
Dealt to dae5e413 
Dealt to 3f69dfd 
Dealt to b411440b 
Hero: folds
dae5e413: raises $0.07 to $0.12
3f69dfd: folds
b411440b: folds
4cd367ff: calls $0.07
*** FLOP *** [2d 3h 5s]
4cd367ff: bets $0.1
dae5e413: calls $0.1
*** TURN *** [2d 3h 5s] [Qh]
4cd367ff: bets $0.35
dae5e413: folds
Uncalled bet ($0.35) returned to 4cd367ff
*** SHOWDOWN ***
4cd367ff collected $0.44 from pot
*** SUMMARY ***
Total pot $0.46 | Rake $0.02 | Jackpot $0 | Bingo $0 | Fortune $0 | Tax $0
Board [2d 3h 5s Qh]
Seat 1: 4cd367ff (big blind) won ($0.44)
Seat 2: Hero folded before Flop (didn't bet)
Seat 3: dae5e413 folded on the Turn
Seat 4: 3f69dfd (button) folded before Flop (didn't bet)
Seat 6: b411440b (small blind) folded before Flop


Poker Hand #HD1602328245: Hold'em No Limit ($0.02/$0.05) - 2024/01/23 13:58:42
Table 'NLHBlue78' 6-max Seat #3 is the button
Seat 1: 4cd367ff ($5 in chips)
Seat 2: Hero ($5.07 in chips)
Seat 3: dae5e413 ($5.28 in chips)
Seat 4: 3f69dfd ($8.33 in chips)
Seat 6: b411440b ($1.65 in chips)
3f69dfd: posts small blind $0.02
b411440b: posts big blind $0.05
*** HOLE CARDS ***
Dealt to 4cd367ff 
Dealt to Hero [Jd Tc]
Dealt to dae5e413 
Dealt to 3f69dfd 
Dealt to b411440b 
4cd367ff: folds
Hero: folds
dae5e413: folds
3f69dfd: calls $0.03
b411440b: checks
*** FLOP *** [3s 9c 5d]
3f69dfd: checks
b411440b: checks
*** TURN *** [3s 9c 5d] [Ah]
3f69dfd: bets $0.08
b411440b: folds
Uncalled bet ($0.08) returned to 3f69dfd
*** SHOWDOWN ***
3f69dfd collected $0.1 from pot
*** SUMMARY ***
Total pot $0.1 | Rake $0 | Jackpot $0 | Bingo $0 | Fortune $0 | Tax $0
Board [3s 9c 5d Ah]
Seat 1: 4cd367ff folded before Flop (didn't bet)
Seat 2: Hero folded before Flop (didn't bet)
Seat 3: dae5e413 (button) folded before Flop (didn't bet)
Seat 4: 3f69dfd (small blind) won ($0.1)
Seat 6: b411440b (big blind) folded on the Turn


Poker Hand #HD1602328214: Hold'em No Limit ($0.02/$0.05) - 2024/01/23 13:58:29
Table 'NLHBlue78' 6-max Seat #2 is the button
Seat 1: 4cd367ff ($5 in chips)
Seat 2: Hero ($5.07 in chips)
Seat 3: dae5e413 ($5.3 in chips)
Seat 4: 3f69dfd ($8.31 in chips)
Seat 6: b411440b ($1.65 in chips)
dae5e413: posts small blind $0.02
3f69dfd: posts big blind $0.05
*** HOLE CARDS ***
Dealt to 4cd367ff 
Dealt to Hero [6d 4d]
Dealt to dae5e413 
Dealt to 3f69dfd 
Dealt to b411440b 
b411440b: folds
4cd367ff: folds
Hero: folds
dae5e413: folds
Uncalled bet ($0.03) returned to 3f69dfd
*** SHOWDOWN ***
3f69dfd collected $0.04 from pot
*** SUMMARY ***
Total pot $0.04 | Rake $0 | Jackpot $0 | Bingo $0 | Fortune $0 | Tax $0
Seat 1: 4cd367ff folded before Flop (didn't bet)
Seat 2: Hero (button) folded before Flop (didn't bet)
Seat 3: dae5e413 (small blind) folded before Flop
Seat 4: 3f69dfd (big blind) collected ($0.04)
Seat 6: b411440b folded before Flop (didn't bet)


Poker Hand #HD1602328054: Hold'em No Limit ($0.02/$0.05) - 2024/01/23 13:57:11
Table 'NLHBlue78' 6-max Seat #1 is the button
Seat 1: 4cd367ff ($5.15 in chips)
Seat 2: Hero ($5.09 in chips)
Seat 3: dae5e413 ($5.35 in chips)
Seat 4: 3f69dfd ($7.49 in chips)
Seat 5: 8c7e7f1 ($4.73 in chips)
Seat 6: b411440b ($1.65 in chips)
Hero: posts small blind $0.02
dae5e413: posts big blind $0.05
*** HOLE CARDS ***
Dealt to 4cd367ff 
Dealt to Hero [Td Kd]
Dealt to dae5e413 
Dealt to 3f69dfd 
Dealt to 8c7e7f1 
Dealt to b411440b 
3f69dfd: raises $0.08 to $0.13
8c7e7f1: folds
b411440b: folds
4cd367ff: raises $0.37 to $0.5
Hero: folds
dae5e413: folds
3f69dfd: calls $0.37
*** FLOP *** [5d 7c 5h]
3f69dfd: checks
4cd367ff: bets $0.38
3f69dfd: calls $0.38
*** TURN *** [5d 7c 5h] [5s]
3f69dfd: checks
4cd367ff: checks
*** RIVER *** [5d 7c 5h 5s] [Js]
3f69dfd: bets $3.5
4cd367ff: folds
Uncalled bet ($3.5) returned to 3f69dfd
*** SHOWDOWN ***
3f69dfd collected $1.7 from pot
*** SUMMARY ***
Total pot $1.83 | Rake $0.08 | Jackpot $0.05 | Bingo $0 | Fortune $0 | Tax $0
Board [5d 7c 5h 5s Js]
Seat 1: 4cd367ff (button) folded on the River
Seat 2: Hero (small blind) folded before Flop
Seat 3: dae5e413 (big blind) folded before Flop
Seat 4: 3f69dfd won ($1.7)
Seat 5: 8c7e7f1 folded before Flop (didn't bet)
Seat 6: b411440b folded before Flop (didn't bet)


Poker Hand #HD1602328029: Hold'em No Limit ($0.02/$0.05) - 2024/01/23 13:57:00
Table 'NLHBlue78' 6-max Seat #6 is the button
Seat 1: 4cd367ff ($5.17 in chips)
Seat 2: Hero ($5.07 in chips)
Seat 3: dae5e413 ($5.35 in chips)
Seat 4: 3f69dfd ($7.49 in chips)
Seat 5: 8c7e7f1 ($4.73 in chips)
Seat 6: b411440b ($1.65 in chips)
4cd367ff: posts small blind $0.02
Hero: posts big blind $0.05
*** HOLE CARDS ***
Dealt to 4cd367ff 
Dealt to Hero [8d 5c]
Dealt to dae5e413 
Dealt to 3f69dfd 
Dealt to 8c7e7f1 
Dealt to b411440b 
dae5e413: folds
3f69dfd: folds
8c7e7f1: folds
b411440b: folds
4cd367ff: folds
Uncalled bet ($0.03) returned to Hero
*** SHOWDOWN ***
Hero collected $0.04 from pot
*** SUMMARY ***
Total pot $0.04 | Rake $0 | Jackpot $0 | Bingo $0 | Fortune $0 | Tax $0
Seat 1: 4cd367ff (small blind) folded before Flop
Seat 2: Hero (big blind) collected ($0.04)
Seat 3: dae5e413 folded before Flop (didn't bet)
Seat 4: 3f69dfd folded before Flop (didn't bet)
Seat 5: 8c7e7f1 folded before Flop (didn't bet)
Seat 6: b411440b (button) folded before Flop (didn't bet)


Poker Hand #HD1602327956: Hold'em No Limit ($0.02/$0.05) - 2024/01/23 13:56:26
Table 'NLHBlue78' 6-max Seat #5 is the button
Seat 1: 4cd367ff ($5.3 in chips)
Seat 2: Hero ($5.07 in chips)
Seat 3: dae5e413 ($5.35 in chips)
Seat 4: 3f69dfd ($7.35 in chips)
Seat 5: 8c7e7f1 ($4.73 in chips)
Seat 6: b411440b ($1.67 in chips)
b411440b: posts small blind $0.02
4cd367ff: posts big blind $0.05
*** HOLE CARDS ***
Dealt to 4cd367ff 
Dealt to Hero [Td 2s]
Dealt to dae5e413 
Dealt to 3f69dfd 
Dealt to 8c7e7f1 
Dealt to b411440b 
Hero: folds
dae5e413: folds
3f69dfd: raises $0.08 to $0.13
8c7e7f1: folds
b411440b: folds
4cd367ff: calls $0.08
*** FLOP *** [7h 9s Ah]
4cd367ff: checks
3f69dfd: bets $0.1
4cd367ff: folds
Uncalled bet ($0.1) returned to 3f69dfd
*** SHOWDOWN ***
3f69dfd collected $0.27 from pot
*** SUMMARY ***
Total pot $0.28 | Rake $0.01 | Jackpot $0 | Bingo $0 | Fortune $0 | Tax $0
Board [7h 9s Ah]
Seat 1: 4cd367ff (big blind) folded on the Flop
Seat 2: Hero folded before Flop (didn't bet)
Seat 3: dae5e413 folded before Flop (didn't bet)
Seat 4: 3f69dfd won ($0.27)
Seat 5: 8c7e7f1 (button) folded before Flop (didn't bet)
Seat 6: b411440b (small blind) folded before Flop


Poker Hand #HD1602327933: Hold'em No Limit ($0.02/$0.05) - 2024/01/23 13:56:13
Table 'NLHBlue78' 6-max Seat #4 is the button
Seat 1: 4cd367ff ($5.23 in chips)
Seat 2: Hero ($5.07 in chips)
Seat 3: dae5e413 ($5.35 in chips)
Seat 4: 3f69dfd ($7.35 in chips)
Seat 5: 8c7e7f1 ($4.75 in chips)
Seat 6: b411440b ($1.72 in chips)
8c7e7f1: posts small blind $0.02
b411440b: posts big blind $0.05
*** HOLE CARDS ***
Dealt to 4cd367ff 
Dealt to Hero [3h 7h]
Dealt to dae5e413 
Dealt to 3f69dfd 
Dealt to 8c7e7f1 
Dealt to b411440b 
4cd367ff: raises $0.08 to $0.13
Hero: folds
dae5e413: folds
3f69dfd: folds
8c7e7f1: folds
b411440b: folds
Uncalled bet ($0.08) returned to 4cd367ff
*** SHOWDOWN ***
4cd367ff collected $0.12 from pot
*** SUMMARY ***
Total pot $0.12 | Rake $0 | Jackpot $0 | Bingo $0 | Fortune $0 | Tax $0
Seat 1: 4cd367ff collected ($0.12)
Seat 2: Hero folded before Flop (didn't bet)
Seat 3: dae5e413 folded before Flop (didn't bet)
Seat 4: 3f69dfd (button) folded before Flop (didn't bet)
Seat 5: 8c7e7f1 (small blind) folded before Flop
Seat 6: b411440b (big blind) folded before Flop


Poker Hand #HD1602327820: Hold'em No Limit ($0.02/$0.05) - 2024/01/23 13:55:21
Table 'NLHBlue78' 6-max Seat #3 is the button
Seat 1: 4cd367ff ($5.23 in chips)
Seat 2: Hero ($4.82 in chips)
Seat 3: dae5e413 ($5.35 in chips)
Seat 4: 3f69dfd ($7.37 in chips)
Seat 5: 8c7e7f1 ($5 in chips)
Seat 6: b411440b ($1.72 in chips)
3f69dfd: posts small blind $0.02
8c7e7f1: posts big blind $0.05
*** HOLE CARDS ***
Dealt to 4cd367ff 
Dealt to Hero [As Th]
Dealt to dae5e413 
Dealt to 3f69dfd 
Dealt to 8c7e7f1 
Dealt to b411440b 
b411440b: folds
4cd367ff: folds
Hero: raises $0.07 to $0.12
dae5e413: folds
3f69dfd: folds
8c7e7f1: calls $0.07
*** FLOP *** [5s 5c 5d]
8c7e7f1: checks
Hero: checks
*** TURN *** [5s 5c 5d] [Ad]
8c7e7f1: bets $0.13
Hero: calls $0.13
*** RIVER *** [5s 5c 5d Ad] [9h]
8c7e7f1: checks
Hero: bets $0.18
8c7e7f1: folds
Uncalled bet ($0.18) returned to Hero
*** SHOWDOWN ***
Hero collected $0.5 from pot
*** SUMMARY ***
Total pot $0.52 | Rake $0.02 | Jackpot $0 | Bingo $0 | Fortune $0 | Tax $0
Board [5s 5c 5d Ad 9h]
Seat 1: 4cd367ff folded before Flop (didn't bet)
Seat 2: Hero won ($0.5)
Seat 3: dae5e413 (button) folded before Flop (didn't bet)
Seat 4: 3f69dfd (small blind) folded before Flop
Seat 5: 8c7e7f1 (big blind) folded on the River
Seat 6: b411440b folded before Flop (didn't bet)


Poker Hand #HD1602327791: Hold'em No Limit ($0.02/$0.05) - 2024/01/23 13:55:08
Table 'NLHBlue78' 6-max Seat #2 is the button
Seat 1: 4cd367ff ($5.23 in chips)
Seat 2: Hero ($4.75 in chips)
Seat 3: dae5e413 ($5.37 in chips)
Seat 4: 3f69dfd ($7.42 in chips)
Seat 6: b411440b ($1.72 in chips)
dae5e413: posts small blind $0.02
3f69dfd: posts big blind $0.05
*** HOLE CARDS ***
Dealt to 4cd367ff 
Dealt to Hero [As Qh]
Dealt to dae5e413 
Dealt to 3f69dfd 
Dealt to b411440b 
b411440b: folds
4cd367ff: folds
Hero: raises $0.07 to $0.12
dae5e413: folds
3f69dfd: folds
Uncalled bet ($0.07) returned to Hero
*** SHOWDOWN ***
Hero collected $0.12 from pot
*** SUMMARY ***
Total pot $0.12 | Rake $0 | Jackpot $0 | Bingo $0 | Fortune $0 | Tax $0
Seat 1: 4cd367ff folded before Flop (didn't bet)
Seat 2: Hero (button) collected ($0.12)
Seat 3: dae5e413 (small blind) folded before Flop
Seat 4: 3f69dfd (big blind) folded before Flop
Seat 6: b411440b folded before Flop (didn't bet)


Poker Hand #HD1602327766: Hold'em No Limit ($0.02/$0.05) - 2024/01/23 13:54:55
Table 'NLHBlue78' 6-max Seat #1 is the button
Seat 1: 4cd367ff ($5.23 in chips)
Seat 2: Hero ($4.77 in chips)
Seat 3: dae5e413 ($5.42 in chips)
Seat 4: 3f69dfd ($7.35 in chips)
Seat 6: b411440b ($1.72 in chips)
Hero: posts small blind $0.02
dae5e413: posts big blind $0.05
*** HOLE CARDS ***
Dealt to 4cd367ff 
Dealt to Hero [Qc 3d]
Dealt to dae5e413 
Dealt to 3f69dfd 
Dealt to b411440b 
3f69dfd: raises $0.08 to $0.13
b411440b: folds
4cd367ff: folds
Hero: folds
dae5e413: folds
Uncalled bet ($0.08) returned to 3f69dfd
*** SHOWDOWN ***
3f69dfd collected $0.12 from pot
*** SUMMARY ***
Total pot $0.12 | Rake $0 | Jackpot $0 | Bingo $0 | Fortune $0 | Tax $0
Seat 1: 4cd367ff (button) folded before Flop (didn't bet)
Seat 2: Hero (small blind) folded before Flop
Seat 3: dae5e413 (big blind) folded before Flop
Seat 4: 3f69dfd collected ($0.12)
Seat 6: b411440b folded before Flop (didn't bet)


Poker Hand #HD1602327738: Hold'em No Limit ($0.02/$0.05) - 2024/01/23 13:54:42
Table 'NLHBlue78' 6-max Seat #6 is the button
Seat 1: 4cd367ff ($5.25 in chips)
Seat 2: Hero ($4.75 in chips)
Seat 3: dae5e413 ($5.42 in chips)
Seat 4: 3f69dfd ($7.35 in chips)
Seat 6: b411440b ($1.72 in chips)
4cd367ff: posts small blind $0.02
Hero: posts big blind $0.05
*** HOLE CARDS ***
Dealt to 4cd367ff 
Dealt to Hero [5d 4d]
Dealt to dae5e413 
Dealt to 3f69dfd 
Dealt to b411440b 
dae5e413: folds
3f69dfd: folds
b411440b: folds
4cd367ff: folds
Uncalled bet ($0.03) returned to Hero
*** SHOWDOWN ***
Hero collected $0.04 from pot
*** SUMMARY ***
Total pot $0.04 | Rake $0 | Jackpot $0 | Bingo $0 | Fortune $0 | Tax $0
Seat 1: 4cd367ff (small blind) folded before Flop
Seat 2: Hero (big blind) collected ($0.04)
Seat 3: dae5e413 folded before Flop (didn't bet)
Seat 4: 3f69dfd folded before Flop (didn't bet)
Seat 6: b411440b (button) folded before Flop (didn't bet)


Poker Hand #HD1602327691: Hold'em No Limit ($0.02/$0.05) - 2024/01/23 13:54:22
Table 'NLHBlue78' 6-max Seat #4 is the button
Seat 1: 4cd367ff ($5.3 in chips)
Seat 2: Hero ($4.68 in chips)
Seat 3: dae5e413 ($5.42 in chips)
Seat 4: 3f69dfd ($7.35 in chips)
Seat 6: b411440b ($1.74 in chips)
b411440b: posts small blind $0.02
4cd367ff: posts big blind $0.05
*** HOLE CARDS ***
Dealt to 4cd367ff 
Dealt to Hero [7s 8s]
Dealt to dae5e413 
Dealt to 3f69dfd 
Dealt to b411440b 
Hero: raises $0.07 to $0.12
dae5e413: folds
3f69dfd: folds
b411440b: folds
4cd367ff: folds
Uncalled bet ($0.07) returned to Hero
*** SHOWDOWN ***
Hero collected $0.12 from pot
*** SUMMARY ***
Total pot $0.12 | Rake $0 | Jackpot $0 | Bingo $0 | Fortune $0 | Tax $0
Seat 1: 4cd367ff (big blind) folded before Flop
Seat 2: Hero collected ($0.12)
Seat 3: dae5e413 folded before Flop (didn't bet)
Seat 4: 3f69dfd (button) folded before Flop (didn't bet)
Seat 6: b411440b (small blind) folded before Flop


Poker Hand #HD1602327665: Hold'em No Limit ($0.02/$0.05) - 2024/01/23 13:54:10
Table 'NLHBlue78' 6-max Seat #3 is the button
Seat 1: 4cd367ff ($5.3 in chips)
Seat 2: Hero ($4.68 in chips)
Seat 3: dae5e413 ($5.35 in chips)
Seat 4: 3f69dfd ($7.37 in chips)
Seat 6: b411440b ($1.79 in chips)
3f69dfd: posts small blind $0.02
b411440b: posts big blind $0.05
*** HOLE CARDS ***
Dealt to 4cd367ff 
Dealt to Hero [3c 9s]
Dealt to dae5e413 
Dealt to 3f69dfd 
Dealt to b411440b 
4cd367ff: folds
Hero: folds
dae5e413: raises $0.07 to $0.12
3f69dfd: folds
b411440b: folds
Uncalled bet ($0.07) returned to dae5e413
*** SHOWDOWN ***
dae5e413 collected $0.12 from pot
*** SUMMARY ***
Total pot $0.12 | Rake $0 | Jackpot $0 | Bingo $0 | Fortune $0 | Tax $0
Seat 1: 4cd367ff folded before Flop (didn't bet)
Seat 2: Hero folded before Flop (didn't bet)
Seat 3: dae5e413 (button) collected ($0.12)
Seat 4: 3f69dfd (small blind) folded before Flop
Seat 6: b411440b (big blind) folded before Flop


Poker Hand #HD1602327642: Hold'em No Limit ($0.02/$0.05) - 2024/01/23 13:53:56
Table 'NLHBlue78' 6-max Seat #2 is the button
Seat 1: 4cd367ff ($5.3 in chips)
Seat 2: Hero ($4.68 in chips)
Seat 3: dae5e413 ($5.37 in chips)
Seat 4: 3f69dfd ($7.35 in chips)
Seat 5: 322f5e36 ($6.95 in chips)
Seat 6: b411440b ($1.79 in chips)
dae5e413: posts small blind $0.02
3f69dfd: posts big blind $0.05
*** HOLE CARDS ***
Dealt to 4cd367ff 
Dealt to Hero [9h 4c]
Dealt to dae5e413 
Dealt to 3f69dfd 
Dealt to 322f5e36 
Dealt to b411440b 
322f5e36: folds
b411440b: folds
4cd367ff: folds
Hero: folds
dae5e413: folds
Uncalled bet ($0.03) returned to 3f69dfd
*** SHOWDOWN ***
3f69dfd collected $0.04 from pot
*** SUMMARY ***
Total pot $0.04 | Rake $0 | Jackpot $0 | Bingo $0 | Fortune $0 | Tax $0
Seat 1: 4cd367ff folded before Flop (didn't bet)
Seat 2: Hero (button) folded before Flop (didn't bet)
Seat 3: dae5e413 (small blind) folded before Flop
Seat 4: 3f69dfd (big blind) collected ($0.04)
Seat 5: 322f5e36 folded before Flop (didn't bet)
Seat 6: b411440b folded before Flop (didn't bet)


Poker Hand #HD1602327610: Hold'em No Limit ($0.02/$0.05) - 2024/01/23 13:53:42
Table 'NLHBlue78' 6-max Seat #1 is the button
Seat 1: 4cd367ff ($5.3 in chips)
Seat 2: Hero ($4.7 in chips)
Seat 3: dae5e413 ($5.42 in chips)
Seat 4: 3f69dfd ($7.35 in chips)
Seat 5: 322f5e36 ($6.88 in chips)
Seat 6: b411440b ($1.79 in chips)
Hero: posts small blind $0.02
dae5e413: posts big blind $0.05
*** HOLE CARDS ***
Dealt to 4cd367ff 
Dealt to Hero [Ts 7c]
Dealt to dae5e413 
Dealt to 3f69dfd 
Dealt to 322f5e36 
Dealt to b411440b 
3f69dfd: folds
322f5e36: raises $0.1 to $0.15
b411440b: folds
4cd367ff: folds
Hero: folds
dae5e413: folds
Uncalled bet ($0.1) returned to 322f5e36
*** SHOWDOWN ***
322f5e36 collected $0.12 from pot
*** SUMMARY ***
Total pot $0.12 | Rake $0 | Jackpot $0 | Bingo $0 | Fortune $0 | Tax $0
Seat 1: 4cd367ff (button) folded before Flop (didn't bet)
Seat 2: Hero (small blind) folded before Flop
Seat 3: dae5e413 (big blind) folded before Flop
Seat 4: 3f69dfd folded before Flop (didn't bet)
Seat 5: 322f5e36 collected ($0.12)
Seat 6: b411440b folded before Flop (didn't bet)


Poker Hand #HD1602327519: Hold'em No Limit ($0.02/$0.05) - 2024/01/23 13:53:02
Table 'NLHBlue78' 6-max Seat #6 is the button
Seat 1: 4cd367ff ($5.13 in chips)
Seat 2: Hero ($4.75 in chips)
Seat 3: dae5e413 ($5.42 in chips)
Seat 4: 3f69dfd ($7.48 in chips)
Seat 5: 322f5e36 ($6.88 in chips)
Seat 6: b411440b ($1.79 in chips)
4cd367ff: posts small blind $0.02
Hero: posts big blind $0.05
*** HOLE CARDS ***
Dealt to 4cd367ff 
Dealt to Hero [Qd Ts]
Dealt to dae5e413 
Dealt to 3f69dfd 
Dealt to 322f5e36 
Dealt to b411440b 
dae5e413: folds
3f69dfd: raises $0.08 to $0.13
322f5e36: folds
b411440b: folds
4cd367ff: raises $0.4 to $0.53
Hero: folds
3f69dfd: folds
Uncalled bet ($0.4) returned to 4cd367ff
*** SHOWDOWN ***
4cd367ff collected $0.3 from pot
*** SUMMARY ***
Total pot $0.31 | Rake $0.01 | Jackpot $0 | Bingo $0 | Fortune $0 | Tax $0
Seat 1: 4cd367ff (small blind) collected ($0.3)
Seat 2: Hero (big blind) folded before Flop
Seat 3: dae5e413 folded before Flop (didn't bet)
Seat 4: 3f69dfd folded before Flop
Seat 5: 322f5e36 folded before Flop (didn't bet)
Seat 6: b411440b (button) folded before Flop (didn't bet)


Poker Hand #HD1602327438: Hold'em No Limit ($0.02/$0.05) - 2024/01/23 13:52:26
Table 'NLHBlue78' 6-max Seat #5 is the button
Seat 1: 4cd367ff ($5 in chips)
Seat 2: Hero ($4.87 in chips)
Seat 3: dae5e413 ($5.42 in chips)
Seat 4: 3f69dfd ($7.48 in chips)
Seat 5: 322f5e36 ($6.88 in chips)
Seat 6: b411440b ($1.81 in chips)
b411440b: posts small blind $0.02
4cd367ff: posts big blind $0.05
*** HOLE CARDS ***
Dealt to 4cd367ff 
Dealt to Hero [Ah 3h]
Dealt to dae5e413 
Dealt to 3f69dfd 
Dealt to 322f5e36 
Dealt to b411440b 
Hero: raises $0.07 to $0.12
dae5e413: folds
3f69dfd: folds
322f5e36: folds
b411440b: folds
4cd367ff: raises $0.39 to $0.51
Hero: folds
Uncalled bet ($0.39) returned to 4cd367ff
*** SHOWDOWN ***
4cd367ff collected $0.25 from pot
*** SUMMARY ***
Total pot $0.26 | Rake $0.01 | Jackpot $0 | Bingo $0 | Fortune $0 | Tax $0
Seat 1: 4cd367ff (big blind) collected ($0.25)
Seat 2: Hero folded before Flop
Seat 3: dae5e413 folded before Flop (didn't bet)
Seat 4: 3f69dfd folded before Flop (didn't bet)
Seat 5: 322f5e36 (button) folded before Flop (didn't bet)
Seat 6: b411440b (small blind) folded before Flop


Poker Hand #HD1602327364: Hold'em No Limit ($0.02/$0.05) - 2024/01/23 13:51:47
Table 'NLHBlue78' 6-max Seat #4 is the button
Seat 1: 4cd367ff ($5 in chips)
Seat 2: Hero ($4.87 in chips)
Seat 3: dae5e413 ($5.64 in chips)
Seat 4: 3f69dfd ($7.48 in chips)
Seat 5: 322f5e36 ($6.9 in chips)
Seat 6: b411440b ($1.59 in chips)
322f5e36: posts small blind $0.02
b411440b: posts big blind $0.05
*** HOLE CARDS ***
Dealt to 4cd367ff 
Dealt to Hero [2d 6s]
Dealt to dae5e413 
Dealt to 3f69dfd 
Dealt to 322f5e36 
Dealt to b411440b 
4cd367ff: folds
Hero: folds
dae5e413: raises $0.05 to $0.1
3f69dfd: folds
322f5e36: folds
b411440b: calls $0.05
*** FLOP *** [Qh Ac Jd]
b411440b: checks
dae5e413: bets $0.12
b411440b: calls $0.12
*** TURN *** [Qh Ac Jd] [3c]
b411440b: checks
dae5e413: checks
*** RIVER *** [Qh Ac Jd 3c] [2c]
b411440b: checks
dae5e413: checks
b411440b: shows [Qs Td] (Pair of Queens)
dae5e413: shows [9h 9c] (Pair of Nines)
*** SHOWDOWN ***
b411440b collected $0.44 from pot
*** SUMMARY ***
Total pot $0.46 | Rake $0.02 | Jackpot $0 | Bingo $0 | Fortune $0 | Tax $0
Board [Qh Ac Jd 3c 2c]
Seat 1: 4cd367ff folded before Flop (didn't bet)
Seat 2: Hero folded before Flop (didn't bet)
Seat 3: dae5e413 showed [9h 9c] and lost with Pair of Nines
Seat 4: 3f69dfd (button) folded before Flop (didn't bet)
Seat 5: 322f5e36 (small blind) folded before Flop
Seat 6: b411440b (big blind) showed [Qs Td] and won ($0.44) with Pair of Queens


Poker Hand #HD1602327335: Hold'em No Limit ($0.02/$0.05) - 2024/01/23 13:51:31
Table 'NLHBlue78' 6-max Seat #3 is the button
Seat 1: 4cd367ff ($5 in chips)
Seat 2: Hero ($4.87 in chips)
Seat 3: dae5e413 ($5.64 in chips)
Seat 4: 3f69dfd ($7.5 in chips)
Seat 5: 322f5e36 ($6.95 in chips)
Seat 6: b411440b ($1.52 in chips)
3f69dfd: posts small blind $0.02
322f5e36: posts big blind $0.05
*** HOLE CARDS ***
Dealt to 4cd367ff 
Dealt to Hero [8s 7d]
Dealt to dae5e413 
Dealt to 3f69dfd 
Dealt to 322f5e36 
Dealt to b411440b 
b411440b: raises $0.15 to $0.2
4cd367ff: folds
Hero: folds
dae5e413: folds
3f69dfd: folds
322f5e36: folds
Uncalled bet ($0.15) returned to b411440b
*** SHOWDOWN ***
b411440b collected $0.12 from pot
*** SUMMARY ***
Total pot $0.12 | Rake $0 | Jackpot $0 | Bingo $0 | Fortune $0 | Tax $0
Seat 1: 4cd367ff folded before Flop (didn't bet)
Seat 2: Hero folded before Flop (didn't bet)
Seat 3: dae5e413 (button) folded before Flop (didn't bet)
Seat 4: 3f69dfd (small blind) folded before Flop
Seat 5: 322f5e36 (big blind) folded before Flop
Seat 6: b411440b collected ($0.12)


Poker Hand #HD1602327281: Hold'em No Limit ($0.02/$0.05) - 2024/01/23 13:51:08
Table 'NLHBlue78' 6-max Seat #2 is the button
Seat 1: 4cd367ff ($5 in chips)
Seat 2: Hero ($4.87 in chips)
Seat 3: dae5e413 ($5.66 in chips)
Seat 4: 3f69dfd ($7.55 in chips)
Seat 5: 322f5e36 ($6.95 in chips)
Seat 6: b411440b ($1.45 in chips)
dae5e413: posts small blind $0.02
3f69dfd: posts big blind $0.05
*** HOLE CARDS ***
Dealt to 4cd367ff 
Dealt to Hero [3c 2d]
Dealt to dae5e413 
Dealt to 3f69dfd 
Dealt to 322f5e36 
Dealt to b411440b 
322f5e36: folds
b411440b: raises $0.05 to $0.1
4cd367ff: folds
Hero: folds
dae5e413: folds
3f69dfd: folds
Uncalled bet ($0.05) returned to b411440b
*** SHOWDOWN ***
b411440b collected $0.12 from pot
*** SUMMARY ***
Total pot $0.12 | Rake $0 | Jackpot $0 | Bingo $0 | Fortune $0 | Tax $0
Seat 1: 4cd367ff folded before Flop (didn't bet)
Seat 2: Hero (button) folded before Flop (didn't bet)
Seat 3: dae5e413 (small blind) folded before Flop
Seat 4: 3f69dfd (big blind) folded before Flop
Seat 5: 322f5e36 folded before Flop (didn't bet)
Seat 6: b411440b collected ($0.12)


Poker Hand #HD1602327250: Hold'em No Limit ($0.02/$0.05) - 2024/01/23 13:50:52
Table 'NLHBlue78' 6-max Seat #1 is the button
Seat 1: 4cd367ff ($5 in chips)
Seat 2: Hero ($4.89 in chips)
Seat 3: dae5e413 ($5.71 in chips)
Seat 4: 3f69dfd ($7.55 in chips)
Seat 5: 322f5e36 ($6.88 in chips)
Seat 6: b411440b ($1.45 in chips)
Hero: posts small blind $0.02
dae5e413: posts big blind $0.05
*** HOLE CARDS ***
Dealt to 4cd367ff 
Dealt to Hero [3d 4d]
Dealt to dae5e413 
Dealt to 3f69dfd 
Dealt to 322f5e36 
Dealt to b411440b 
3f69dfd: folds
322f5e36: raises $0.1 to $0.15
b411440b: folds
4cd367ff: folds
Hero: folds
dae5e413: folds
Uncalled bet ($0.1) returned to 322f5e36
*** SHOWDOWN ***
322f5e36 collected $0.12 from pot
*** SUMMARY ***
Total pot $0.12 | Rake $0 | Jackpot $0 | Bingo $0 | Fortune $0 | Tax $0
Seat 1: 4cd367ff (button) folded before Flop (didn't bet)
Seat 2: Hero (small blind) folded before Flop
Seat 3: dae5e413 (big blind) folded before Flop
Seat 4: 3f69dfd folded before Flop (didn't bet)
Seat 5: 322f5e36 collected ($0.12)
Seat 6: b411440b folded before Flop (didn't bet)


Poker Hand #HD1602327210: Hold'em No Limit ($0.02/$0.05) - 2024/01/23 13:50:34
Table 'NLHBlue78' 6-max Seat #6 is the button
Seat 1: 4cd367ff ($5 in chips)
Seat 2: Hero ($4.94 in chips)
Seat 3: dae5e413 ($5.71 in chips)
Seat 4: 3f69dfd ($7.55 in chips)
Seat 5: 322f5e36 ($6.88 in chips)
Seat 6: b411440b ($1.38 in chips)
4cd367ff: posts small blind $0.02
Hero: posts big blind $0.05
*** HOLE CARDS ***
Dealt to 4cd367ff 
Dealt to Hero [6h 7s]
Dealt to dae5e413 
Dealt to 3f69dfd 
Dealt to 322f5e36 
Dealt to b411440b 
dae5e413: folds
3f69dfd: folds
322f5e36: folds
b411440b: raises $0.05 to $0.1
4cd367ff: folds
Hero: folds
Uncalled bet ($0.05) returned to b411440b
*** SHOWDOWN ***
b411440b collected $0.12 from pot
*** SUMMARY ***
Total pot $0.12 | Rake $0 | Jackpot $0 | Bingo $0 | Fortune $0 | Tax $0
Seat 1: 4cd367ff (small blind) folded before Flop
Seat 2: Hero (big blind) folded before Flop
Seat 3: dae5e413 folded before Flop (didn't bet)
Seat 4: 3f69dfd folded before Flop (didn't bet)
Seat 5: 322f5e36 folded before Flop (didn't bet)
Seat 6: b411440b (button) collected ($0.12)


Poker Hand #HD1602327123: Hold'em No Limit ($0.02/$0.05) - 2024/01/23 13:49:54
Table 'NLHBlue78' 6-max Seat #5 is the button
Seat 1: 4cd367ff ($5 in chips)
Seat 2: Hero ($4.94 in chips)
Seat 3: dae5e413 ($5.42 in chips)
Seat 4: 3f69dfd ($7.55 in chips)
Seat 5: 322f5e36 ($6.88 in chips)
Seat 6: b411440b ($1.65 in chips)
b411440b: posts small blind $0.02
4cd367ff: posts big blind $0.05
*** HOLE CARDS ***
Dealt to 4cd367ff 
Dealt to Hero [7h 2h]
Dealt to dae5e413 
Dealt to 3f69dfd 
Dealt to 322f5e36 
Dealt to b411440b 
Hero: folds
dae5e413: raises $0.07 to $0.12
3f69dfd: folds
322f5e36: folds
b411440b: calls $0.1
4cd367ff: folds
*** FLOP *** [Jh 8c 9h]
b411440b: bets $0.15
dae5e413: raises $0.31 to $0.46
b411440b: folds
Uncalled bet ($0.31) returned to dae5e413
*** SHOWDOWN ***
dae5e413 collected $0.56 from pot
*** SUMMARY ***
Total pot $0.59 | Rake $0.03 | Jackpot $0 | Bingo $0 | Fortune $0 | Tax $0
Board [Jh 8c 9h]
Seat 1: 4cd367ff (big blind) folded before Flop
Seat 2: Hero folded before Flop (didn't bet)
Seat 3: dae5e413 won ($0.56)
Seat 4: 3f69dfd folded before Flop (didn't bet)
Seat 5: 322f5e36 (button) folded before Flop (didn't bet)
Seat 6: b411440b (small blind) folded on the Flop


Poker Hand #HD1602327095: Hold'em No Limit ($0.02/$0.05) - 2024/01/23 13:49:40
Table 'NLHBlue78' 6-max Seat #4 is the button
Seat 2: Hero ($4.94 in chips)
Seat 3: dae5e413 ($5.42 in chips)
Seat 4: 3f69dfd ($7.48 in chips)
Seat 5: 322f5e36 ($6.9 in chips)
Seat 6: b411440b ($1.7 in chips)
322f5e36: posts small blind $0.02
b411440b: posts big blind $0.05
*** HOLE CARDS ***
Dealt to Hero [2c 9d]
Dealt to dae5e413 
Dealt to 3f69dfd 
Dealt to 322f5e36 
Dealt to b411440b 
Hero: folds
dae5e413: folds
3f69dfd: raises $0.08 to $0.13
322f5e36: folds
b411440b: folds
Uncalled bet ($0.08) returned to 3f69dfd
*** SHOWDOWN ***
3f69dfd collected $0.12 from pot
*** SUMMARY ***
Total pot $0.12 | Rake $0 | Jackpot $0 | Bingo $0 | Fortune $0 | Tax $0
Seat 2: Hero folded before Flop (didn't bet)
Seat 3: dae5e413 folded before Flop (didn't bet)
Seat 4: 3f69dfd (button) collected ($0.12)
Seat 5: 322f5e36 (small blind) folded before Flop
Seat 6: b411440b (big blind) folded before Flop


Poker Hand #HD1602327018: Hold'em No Limit ($0.02/$0.05) - 2024/01/23 13:49:07
Table 'NLHBlue78' 6-max Seat #3 is the button
Seat 2: Hero ($4.94 in chips)
Seat 3: dae5e413 ($5.92 in chips)
Seat 4: 3f69dfd ($6.98 in chips)
Seat 5: 322f5e36 ($6.95 in chips)
3f69dfd: posts small blind $0.02
322f5e36: posts big blind $0.05
*** HOLE CARDS ***
Dealt to Hero [3s Tc]
Dealt to dae5e413 
Dealt to 3f69dfd 
Dealt to 322f5e36 
Hero: folds
dae5e413: raises $0.05 to $0.1
3f69dfd: raises $0.4 to $0.5
322f5e36: folds
dae5e413: calls $0.4
*** FLOP *** [Td Ah 3c]
3f69dfd: bets $0.35
dae5e413: folds
Uncalled bet ($0.35) returned to 3f69dfd
*** SHOWDOWN ***
3f69dfd collected $1 from pot
*** SUMMARY ***
Total pot $1.05 | Rake $0.05 | Jackpot $0 | Bingo $0 | Fortune $0 | Tax $0
Board [Td Ah 3c]
Seat 2: Hero folded before Flop (didn't bet)
Seat 3: dae5e413 (button) folded on the Flop
Seat 4: 3f69dfd (small blind) won ($1)
Seat 5: 322f5e36 (big blind) folded before Flop


Poker Hand #HD1602326910: Hold'em No Limit ($0.02/$0.05) - 2024/01/23 13:48:08
Table 'NLHBlue78' 6-max Seat #2 is the button
Seat 2: Hero ($4.94 in chips)
Seat 3: dae5e413 ($5.02 in chips)
Seat 4: 3f69dfd ($7.03 in chips)
Seat 5: 322f5e36 ($6.95 in chips)
Seat 6: b411440b ($1 in chips)
dae5e413: posts small blind $0.02
3f69dfd: posts big blind $0.05
*** HOLE CARDS ***
Dealt to Hero [5c 3d]
Dealt to dae5e413 
Dealt to 3f69dfd 
Dealt to 322f5e36 
Dealt to b411440b 
322f5e36: folds
b411440b: raises $0.05 to $0.1
Hero: folds
dae5e413: raises $0.22 to $0.32
3f69dfd: folds
b411440b: calls $0.22
*** FLOP *** [2c 2d 2h]
dae5e413: bets $0.24
b411440b: raises $0.44 to $0.68 and is all-in
dae5e413: calls $0.44
b411440b: shows [5h 5s] (Twos Full over Fives)
dae5e413: shows [9d 9c] (Twos Full over Nines)
*** TURN *** [2c 2d 2h] [Th]
*** RIVER *** [2c 2d 2h Th] [8h]
*** SHOWDOWN ***
dae5e413 collected $1.9 from pot
*** SUMMARY ***
Total pot $2.05 | Rake $0.1 | Jackpot $0.05 | Bingo $0 | Fortune $0 | Tax $0
Board [2c 2d 2h Th 8h]
Seat 2: Hero (button) folded before Flop (didn't bet)
Seat 3: dae5e413 (small blind) showed [9d 9c] and won ($1.9) with Twos Full over Nines
Seat 4: 3f69dfd (big blind) folded before Flop
Seat 5: 322f5e36 folded before Flop (didn't bet)
Seat 6: b411440b showed [5h 5s] and lost with Twos Full over Fives


Poker Hand #HD1602326877: Hold'em No Limit ($0.02/$0.05) - 2024/01/23 13:47:54
Table 'NLHBlue78' 6-max Seat #1 is the button
Seat 1: 3856cb11 ($4.65 in chips)
Seat 2: Hero ($4.96 in chips)
Seat 3: dae5e413 ($5 in chips)
Seat 4: 3f69dfd ($7.03 in chips)
Seat 5: 322f5e36 ($6.95 in chips)
Seat 6: b411440b ($1 in chips)
Hero: posts small blind $0.02
dae5e413: posts big blind $0.05
*** HOLE CARDS ***
Dealt to 3856cb11 
Dealt to Hero [Jh 9c]
Dealt to dae5e413 
Dealt to 3f69dfd 
Dealt to 322f5e36 
Dealt to b411440b 
3f69dfd: folds
322f5e36: folds
b411440b: folds
3856cb11: folds
Hero: folds
Uncalled bet ($0.03) returned to dae5e413
*** SHOWDOWN ***
dae5e413 collected $0.04 from pot
*** SUMMARY ***
Total pot $0.04 | Rake $0 | Jackpot $0 | Bingo $0 | Fortune $0 | Tax $0
Seat 1: 3856cb11 (button) folded before Flop (didn't bet)
Seat 2: Hero (small blind) folded before Flop
Seat 3: dae5e413 (big blind) collected ($0.04)
Seat 4: 3f69dfd folded before Flop (didn't bet)
Seat 5: 322f5e36 folded before Flop (didn't bet)
Seat 6: b411440b folded before Flop (didn't bet)


Poker Hand #HD1602326689: Hold'em No Limit ($0.02/$0.05) - 2024/01/23 13:46:13
Table 'NLHBlue78' 6-max Seat #6 is the button
Seat 1: 3856cb11 ($6.12 in chips)
Seat 2: Hero ($5.01 in chips)
Seat 3: dae5e413 ($5 in chips)
Seat 4: 3f69dfd ($7.03 in chips)
Seat 5: 322f5e36 ($5.62 in chips)
Seat 6: b411440b ($1 in chips)
3856cb11: posts small blind $0.02
Hero: posts big blind $0.05
*** HOLE CARDS ***
Dealt to 3856cb11 
Dealt to Hero [4c 7h]
Dealt to dae5e413 
Dealt to 3f69dfd 
Dealt to 322f5e36 
Dealt to b411440b 
dae5e413: folds
3f69dfd: folds
322f5e36: raises $0.1 to $0.15
b411440b: folds
3856cb11: calls $0.13
Hero: folds
*** FLOP *** [3h Th Kc]
3856cb11: checks
322f5e36: bets $0.12
3856cb11: calls $0.12
*** TURN *** [3h Th Kc] [Ad]
3856cb11: bets $0.3
322f5e36: calls $0.3
*** RIVER *** [3h Th Kc Ad] [8s]
3856cb11: checks
322f5e36: bets $0.4
3856cb11: raises $0.5 to $0.9
322f5e36: calls $0.5
3856cb11: shows [5c 2c] (Ace-High)
322f5e36: shows [Qd Ac] (Pair of Aces)
*** SHOWDOWN ***
322f5e36 collected $2.8 from pot
*** SUMMARY ***
Total pot $2.99 | Rake $0.14 | Jackpot $0.05 | Bingo $0 | Fortune $0 | Tax $0
Board [3h Th Kc Ad 8s]
Seat 1: 3856cb11 (small blind) showed [5c 2c] and lost with Ace-High
Seat 2: Hero (big blind) folded before Flop
Seat 3: dae5e413 folded before Flop (didn't bet)
Seat 4: 3f69dfd folded before Flop (didn't bet)
Seat 5: 322f5e36 showed [Qd Ac] and won ($2.8) with Pair of Aces
Seat 6: b411440b (button) folded before Flop (didn't bet)


Poker Hand #HD1602326641: Hold'em No Limit ($0.02/$0.05) - 2024/01/23 13:45:43
Table 'NLHBlue78' 6-max Seat #5 is the button
Seat 1: 3856cb11 ($5.98 in chips)
Seat 2: Hero ($5.01 in chips)
Seat 3: dae5e413 ($5 in chips)
Seat 4: 3f69dfd ($7.16 in chips)
Seat 5: 322f5e36 ($5.62 in chips)
Seat 6: b411440b ($1.02 in chips)
b411440b: posts small blind $0.02
3856cb11: posts big blind $0.05
*** HOLE CARDS ***
Dealt to 3856cb11 
Dealt to Hero [Ks 4s]
Dealt to dae5e413 
Dealt to 3f69dfd 
Dealt to 322f5e36 
Dealt to b411440b 
Hero: folds
dae5e413: folds
3f69dfd: raises $0.08 to $0.13
322f5e36: folds
b411440b: folds
3856cb11: calls $0.08
*** FLOP *** [Th 4c 7c]
3856cb11: checks
3f69dfd: checks
*** TURN *** [Th 4c 7c] [2h]
3856cb11: bets $0.14
3f69dfd: folds
Uncalled bet ($0.14) returned to 3856cb11
*** SHOWDOWN ***
3856cb11 collected $0.27 from pot
*** SUMMARY ***
Total pot $0.28 | Rake $0.01 | Jackpot $0 | Bingo $0 | Fortune $0 | Tax $0
Board [Th 4c 7c 2h]
Seat 1: 3856cb11 (big blind) won ($0.27)
Seat 2: Hero folded before Flop (didn't bet)
Seat 3: dae5e413 folded before Flop (didn't bet)
Seat 4: 3f69dfd folded on the Turn
Seat 5: 322f5e36 (button) folded before Flop (didn't bet)
Seat 6: b411440b (small blind) folded before Flop


Poker Hand #HD1602326548: Hold'em No Limit ($0.02/$0.05) - 2024/01/23 13:44:59
Table 'NLHBlue78' 6-max Seat #4 is the button
Seat 1: 3856cb11 ($5.98 in chips)
Seat 2: Hero ($5.01 in chips)
Seat 3: dae5e413 ($5 in chips)
Seat 4: 3f69dfd ($7.16 in chips)
Seat 5: 322f5e36 ($5.35 in chips)
Seat 6: b411440b ($1.32 in chips)
322f5e36: posts small blind $0.02
b411440b: posts big blind $0.05
*** HOLE CARDS ***
Dealt to 3856cb11 
Dealt to Hero [4h Ks]
Dealt to dae5e413 
Dealt to 3f69dfd 
Dealt to 322f5e36 
Dealt to b411440b 
3856cb11: folds
Hero: folds
dae5e413: folds
3f69dfd: folds
322f5e36: raises $0.1 to $0.15
b411440b: calls $0.1
*** FLOP *** [Jc Th 7d]
322f5e36: checks
b411440b: bets $0.15
322f5e36: calls $0.15
*** TURN *** [Jc Th 7d] [2h]
322f5e36: checks
b411440b: checks
*** RIVER *** [Jc Th 7d 2h] [6d]
322f5e36: checks
b411440b: checks
322f5e36: shows [Tc Kd] (Pair of Tens)
b411440b: shows [7c 9c] (Pair of Sevens)
*** SHOWDOWN ***
322f5e36 collected $0.57 from pot
*** SUMMARY ***
Total pot $0.6 | Rake $0.03 | Jackpot $0 | Bingo $0 | Fortune $0 | Tax $0
Board [Jc Th 7d 2h 6d]
Seat 1: 3856cb11 folded before Flop (didn't bet)
Seat 2: Hero folded before Flop (didn't bet)
Seat 3: dae5e413 folded before Flop (didn't bet)
Seat 4: 3f69dfd (button) folded before Flop (didn't bet)
Seat 5: 322f5e36 (small blind) showed [Tc Kd] and won ($0.57) with Pair of Tens
Seat 6: b411440b (big blind) showed [7c 9c] and lost with Pair of Sevens


Poker Hand #HD1602326466: Hold'em No Limit ($0.02/$0.05) - 2024/01/23 13:44:16
Table 'NLHBlue78' 6-max Seat #3 is the button
Seat 1: 3856cb11 ($5.86 in chips)
Seat 2: Hero ($5.01 in chips)
Seat 3: dae5e413 ($5 in chips)
Seat 4: 3f69dfd ($7.18 in chips)
Seat 5: 322f5e36 ($5.46 in chips)
Seat 6: b411440b ($1.32 in chips)
3f69dfd: posts small blind $0.02
322f5e36: posts big blind $0.05
*** HOLE CARDS ***
Dealt to 3856cb11 
Dealt to Hero [Ad 3c]
Dealt to dae5e413 
Dealt to 3f69dfd 
Dealt to 322f5e36 
Dealt to b411440b 
b411440b: folds
3856cb11: calls $0.05
Hero: folds
dae5e413: folds
3f69dfd: folds
322f5e36: checks
*** FLOP *** [6s 3d 4h]
322f5e36: checks
3856cb11: checks
*** TURN *** [6s 3d 4h] [Ks]
322f5e36: checks
3856cb11: checks
*** RIVER *** [6s 3d 4h Ks] [Jc]
322f5e36: checks
3856cb11: bets $0.06
322f5e36: calls $0.06
3856cb11: shows [Qs Jd] (Pair of Jacks)
322f5e36: shows [6c 5h] (Pair of Sixes)
*** SHOWDOWN ***
3856cb11 collected $0.23 from pot
*** SUMMARY ***
Total pot $0.24 | Rake $0.01 | Jackpot $0 | Bingo $0 | Fortune $0 | Tax $0
Board [6s 3d 4h Ks Jc]
Seat 1: 3856cb11 showed [Qs Jd] and won ($0.23) with Pair of Jacks
Seat 2: Hero folded before Flop (didn't bet)
Seat 3: dae5e413 (button) folded before Flop (didn't bet)
Seat 4: 3f69dfd (small blind) folded before Flop
Seat 5: 322f5e36 (big blind) showed [6c 5h] and lost with Pair of Sixes
Seat 6: b411440b folded before Flop (didn't bet)


Poker Hand #HD1602326386: Hold'em No Limit ($0.02/$0.05) - 2024/01/23 13:43:36
Table 'NLHBlue78' 6-max Seat #2 is the button
Seat 1: 3856cb11 ($6.01 in chips)
Seat 2: Hero ($5.01 in chips)
Seat 3: dae5e413 ($5.02 in chips)
Seat 4: 3f69dfd ($6.88 in chips)
Seat 5: 322f5e36 ($5.61 in chips)
Seat 6: b411440b ($1.32 in chips)
dae5e413: posts small blind $0.02
3f69dfd: posts big blind $0.05
*** HOLE CARDS ***
Dealt to 3856cb11 
Dealt to Hero [Qc 3c]
Dealt to dae5e413 
Dealt to 3f69dfd 
Dealt to 322f5e36 
Dealt to b411440b 
322f5e36: raises $0.1 to $0.15
b411440b: folds
3856cb11: calls $0.15
Hero: folds
dae5e413: folds
3f69dfd: raises $0.47 to $0.62
322f5e36: folds
3856cb11: folds
Uncalled bet ($0.47) returned to 3f69dfd
*** SHOWDOWN ***
3f69dfd collected $0.45 from pot
*** SUMMARY ***
Total pot $0.47 | Rake $0.02 | Jackpot $0 | Bingo $0 | Fortune $0 | Tax $0
Seat 1: 3856cb11 folded before Flop
Seat 2: Hero (button) folded before Flop (didn't bet)
Seat 3: dae5e413 (small blind) folded before Flop
Seat 4: 3f69dfd (big blind) collected ($0.45)
Seat 5: 322f5e36 folded before Flop
Seat 6: b411440b folded before Flop (didn't bet)


Poker Hand #HD1602326274: Hold'em No Limit ($0.02/$0.05) - 2024/01/23 13:42:40
Table 'NLHBlue78' 6-max Seat #1 is the button
Seat 1: 3856cb11 ($6.01 in chips)
Seat 2: Hero ($5.03 in chips)
Seat 3: dae5e413 ($5 in chips)
Seat 4: 3f69dfd ($6.88 in chips)
Seat 5: 322f5e36 ($5.61 in chips)
Seat 6: b411440b ($1.32 in chips)
Hero: posts small blind $0.02
dae5e413: posts big blind $0.05
*** HOLE CARDS ***
Dealt to 3856cb11 
Dealt to Hero [Kc 4d]
Dealt to dae5e413 
Dealt to 3f69dfd 
Dealt to 322f5e36 
Dealt to b411440b 
3f69dfd: folds
322f5e36: folds
b411440b: folds
3856cb11: folds
Hero: folds
Uncalled bet ($0.03) returned to dae5e413
*** SHOWDOWN ***
dae5e413 collected $0.04 from pot
*** SUMMARY ***
Total pot $0.04 | Rake $0 | Jackpot $0 | Bingo $0 | Fortune $0 | Tax $0
Seat 1: 3856cb11 (button) folded before Flop (didn't bet)
Seat 2: Hero (small blind) folded before Flop
Seat 3: dae5e413 (big blind) collected ($0.04)
Seat 4: 3f69dfd folded before Flop (didn't bet)
Seat 5: 322f5e36 folded before Flop (didn't bet)
Seat 6: b411440b folded before Flop (didn't bet)


Poker Hand #HD1602326216: Hold'em No Limit ($0.02/$0.05) - 2024/01/23 13:42:14
Table 'NLHBlue78' 6-max Seat #6 is the button
Seat 1: 3856cb11 ($6.03 in chips)
Seat 2: Hero ($5.08 in chips)
Seat 4: 3f69dfd ($6.88 in chips)
Seat 5: 322f5e36 ($5.61 in chips)
Seat 6: b411440b ($1.25 in chips)
3856cb11: posts small blind $0.02
Hero: posts big blind $0.05
*** HOLE CARDS ***
Dealt to 3856cb11 
Dealt to Hero [2d 7s]
Dealt to 3f69dfd 
Dealt to 322f5e36 
Dealt to b411440b 
3f69dfd: folds
322f5e36: folds
b411440b: raises $0.05 to $0.1
3856cb11: folds
Hero: folds
Uncalled bet ($0.05) returned to b411440b
*** SHOWDOWN ***
b411440b collected $0.12 from pot
*** SUMMARY ***
Total pot $0.12 | Rake $0 | Jackpot $0 | Bingo $0 | Fortune $0 | Tax $0
Seat 1: 3856cb11 (small blind) folded before Flop
Seat 2: Hero (big blind) folded before Flop
Seat 4: 3f69dfd folded before Flop (didn't bet)
Seat 5: 322f5e36 folded before Flop (didn't bet)
Seat 6: b411440b (button) collected ($0.12)


Poker Hand #HD1602326103: Hold'em No Limit ($0.02/$0.05) - 2024/01/23 13:41:17
Table 'NLHBlue78' 6-max Seat #5 is the button
Seat 1: 3856cb11 ($6.08 in chips)
Seat 2: Hero ($5.08 in chips)
Seat 3: 677de0d4 ($4.61 in chips)
Seat 4: 3f69dfd ($6.88 in chips)
Seat 5: 322f5e36 ($5 in chips)
Seat 6: b411440b ($1.87 in chips)
b411440b: posts small blind $0.02
3856cb11: posts big blind $0.05
*** HOLE CARDS ***
Dealt to 3856cb11 
Dealt to Hero [2s 4d]
Dealt to 677de0d4 
Dealt to 3f69dfd 
Dealt to 322f5e36 
Dealt to b411440b 
Hero: folds
677de0d4: folds
3f69dfd: folds
322f5e36: raises $0.1 to $0.15
b411440b: calls $0.13
3856cb11: folds
*** FLOP *** [9s 5d 9d]
b411440b: bets $0.18
322f5e36: calls $0.18
*** TURN *** [9s 5d 9d] [2d]
b411440b: bets $0.29
322f5e36: calls $0.29
*** RIVER *** [9s 5d 9d 2d] [5h]
b411440b: checks
322f5e36: bets $0.65
b411440b: folds
Uncalled bet ($0.65) returned to 322f5e36
*** SHOWDOWN ***
322f5e36 collected $1.23 from pot
*** SUMMARY ***
Total pot $1.29 | Rake $0.06 | Jackpot $0 | Bingo $0 | Fortune $0 | Tax $0
Board [9s 5d 9d 2d 5h]
Seat 1: 3856cb11 (big blind) folded before Flop
Seat 2: Hero folded before Flop (didn't bet)
Seat 3: 677de0d4 folded before Flop (didn't bet)
Seat 4: 3f69dfd folded before Flop (didn't bet)
Seat 5: 322f5e36 (button) won ($1.23)
Seat 6: b411440b (small blind) folded on the River


Poker Hand #HD1602326063: Hold'em No Limit ($0.02/$0.05) - 2024/01/23 13:40:59
Table 'NLHBlue78' 6-max Seat #4 is the button
Seat 1: 3856cb11 ($6.08 in chips)
Seat 2: Hero ($5.08 in chips)
Seat 3: 677de0d4 ($4.61 in chips)
Seat 4: 3f69dfd ($6.81 in chips)
Seat 5: 322f5e36 ($5 in chips)
Seat 6: b411440b ($1.92 in chips)
322f5e36: posts small blind $0.02
b411440b: posts big blind $0.05
*** HOLE CARDS ***
Dealt to 3856cb11 
Dealt to Hero [Jh 7h]
Dealt to 677de0d4 
Dealt to 3f69dfd 
Dealt to 322f5e36 
Dealt to b411440b 
3856cb11: folds
Hero: folds
677de0d4: folds
3f69dfd: raises $0.08 to $0.13
322f5e36: folds
b411440b: folds
Uncalled bet ($0.08) returned to 3f69dfd
*** SHOWDOWN ***
3f69dfd collected $0.12 from pot
*** SUMMARY ***
Total pot $0.12 | Rake $0 | Jackpot $0 | Bingo $0 | Fortune $0 | Tax $0
Seat 1: 3856cb11 folded before Flop (didn't bet)
Seat 2: Hero folded before Flop (didn't bet)
Seat 3: 677de0d4 folded before Flop (didn't bet)
Seat 4: 3f69dfd (button) collected ($0.12)
Seat 5: 322f5e36 (small blind) folded before Flop
Seat 6: b411440b (big blind) folded before Flop


Poker Hand #HD1602325885: Hold'em No Limit ($0.02/$0.05) - 2024/01/23 13:39:28
Table 'NLHBlue78' 6-max Seat #3 is the button
Seat 1: 3856cb11 ($7.03 in chips)
Seat 2: Hero ($5.08 in chips)
Seat 3: 677de0d4 ($4.61 in chips)
Seat 4: 3f69dfd ($5.68 in chips)
Seat 5: 322f5e36 ($5.05 in chips)
Seat 6: b411440b ($2.2 in chips)
3f69dfd: posts small blind $0.02
322f5e36: posts big blind $0.05
*** HOLE CARDS ***
Dealt to 3856cb11 
Dealt to Hero [4c Th]
Dealt to 677de0d4 
Dealt to 3f69dfd 
Dealt to 322f5e36 
Dealt to b411440b 
b411440b: raises $0.05 to $0.1
3856cb11: calls $0.1
Hero: folds
677de0d4: folds
3f69dfd: calls $0.08
322f5e36: folds
*** FLOP *** [5c 2h 9h]
3f69dfd: checks
b411440b: bets $0.18
3856cb11: calls $0.18
3f69dfd: calls $0.18
*** TURN *** [5c 2h 9h] [Qc]
3f69dfd: checks
b411440b: checks
3856cb11: checks
*** RIVER *** [5c 2h 9h Qc] [3c]
3f69dfd: bets $0.67
b411440b: folds
3856cb11: calls $0.67
3f69dfd: shows [6c 8c] (Queen High Flush)
3856cb11: shows [8h 8s] (Pair of Eights)
*** SHOWDOWN ***
3f69dfd collected $2.08 from pot
*** SUMMARY ***
Total pot $2.23 | Rake $0.1 | Jackpot $0.05 | Bingo $0 | Fortune $0 | Tax $0
Board [5c 2h 9h Qc 3c]
Seat 1: 3856cb11 showed [8h 8s] and lost with Pair of Eights
Seat 2: Hero folded before Flop (didn't bet)
Seat 3: 677de0d4 (button) folded before Flop (didn't bet)
Seat 4: 3f69dfd (small blind) showed [6c 8c] and won ($2.08) with Queen High Flush
Seat 5: 322f5e36 (big blind) folded before Flop
Seat 6: b411440b folded on the River


Poker Hand #HD1602325827: Hold'em No Limit ($0.02/$0.05) - 2024/01/23 13:39:03
Table 'NLHBlue78' 6-max Seat #2 is the button
Seat 1: 3856cb11 ($7.03 in chips)
Seat 2: Hero ($5.08 in chips)
Seat 3: 677de0d4 ($4.63 in chips)
Seat 4: 3f69dfd ($5.57 in chips)
Seat 5: 322f5e36 ($5.05 in chips)
Seat 6: b411440b ($2.3 in chips)
677de0d4: posts small blind $0.02
3f69dfd: posts big blind $0.05
*** HOLE CARDS ***
Dealt to 3856cb11 
Dealt to Hero [3c Qc]
Dealt to 677de0d4 
Dealt to 3f69dfd 
Dealt to 322f5e36 
Dealt to b411440b 
322f5e36: folds
b411440b: raises $0.05 to $0.1
3856cb11: folds
Hero: folds
677de0d4: folds
3f69dfd: raises $0.4 to $0.5
b411440b: folds
Uncalled bet ($0.4) returned to 3f69dfd
*** SHOWDOWN ***
3f69dfd collected $0.21 from pot
*** SUMMARY ***
Total pot $0.22 | Rake $0.01 | Jackpot $0 | Bingo $0 | Fortune $0 | Tax $0
Seat 1: 3856cb11 folded before Flop (didn't bet)
Seat 2: Hero (button) folded before Flop (didn't bet)
Seat 3: 677de0d4 (small blind) folded before Flop
Seat 4: 3f69dfd (big blind) collected ($0.21)
Seat 5: 322f5e36 folded before Flop (didn't bet)
Seat 6: b411440b folded before Flop


Poker Hand #HD1602325785: Hold'em No Limit ($0.02/$0.05) - 2024/01/23 13:38:43
Table 'NLHBlue78' 6-max Seat #1 is the button
Seat 1: 3856cb11 ($7.03 in chips)
Seat 2: Hero ($5.03 in chips)
Seat 3: 677de0d4 ($4.68 in chips)
Seat 4: 3f69dfd ($5.57 in chips)
Seat 5: 322f5e36 ($5.05 in chips)
Seat 6: b411440b ($2.3 in chips)
Hero: posts small blind $0.02
677de0d4: posts big blind $0.05
*** HOLE CARDS ***
Dealt to 3856cb11 
Dealt to Hero [8s Ah]
Dealt to 677de0d4 
Dealt to 3f69dfd 
Dealt to 322f5e36 
Dealt to b411440b 
3f69dfd: folds
322f5e36: folds
b411440b: folds
3856cb11: folds
Hero: raises $0.09 to $0.14
677de0d4: folds
Uncalled bet ($0.09) returned to Hero
*** SHOWDOWN ***
Hero collected $0.1 from pot
*** SUMMARY ***
Total pot $0.1 | Rake $0 | Jackpot $0 | Bingo $0 | Fortune $0 | Tax $0
Seat 1: 3856cb11 (button) folded before Flop (didn't bet)
Seat 2: Hero (small blind) collected ($0.1)
Seat 3: 677de0d4 (big blind) folded before Flop
Seat 4: 3f69dfd folded before Flop (didn't bet)
Seat 5: 322f5e36 folded before Flop (didn't bet)
Seat 6: b411440b folded before Flop (didn't bet)


Poker Hand #HD1602325674: Hold'em No Limit ($0.02/$0.05) - 2024/01/23 13:37:54
Table 'NLHBlue78' 6-max Seat #6 is the button
Seat 1: 3856cb11 ($6.86 in chips)
Seat 2: Hero ($5.21 in chips)
Seat 3: 677de0d4 ($4.68 in chips)
Seat 4: 3f69dfd ($5.57 in chips)
Seat 5: 322f5e36 ($5.05 in chips)
Seat 6: b411440b ($2.3 in chips)
3856cb11: posts small blind $0.02
Hero: posts big blind $0.05
*** HOLE CARDS ***
Dealt to 3856cb11 
Dealt to Hero [Ts 9s]
Dealt to 677de0d4 
Dealt to 3f69dfd 
Dealt to 322f5e36 
Dealt to b411440b 
677de0d4: folds
3f69dfd: folds
322f5e36: folds
b411440b: folds
3856cb11: calls $0.03
Hero: raises $0.13 to $0.18
3856cb11: calls $0.13
*** FLOP *** [3d 4s 7d]
3856cb11: checks
Hero: checks
*** TURN *** [3d 4s 7d] [6h]
3856cb11: checks
Hero: checks
*** RIVER *** [3d 4s 7d 6h] [2d]
3856cb11: checks
Hero: checks
3856cb11: shows [Kd Qh] (King-High)
Hero: shows [Ts 9s] (Ten-High)
*** SHOWDOWN ***
3856cb11 collected $0.35 from pot
*** SUMMARY ***
Total pot $0.36 | Rake $0.01 | Jackpot $0 | Bingo $0 | Fortune $0 | Tax $0
Board [3d 4s 7d 6h 2d]
Seat 1: 3856cb11 (small blind) showed [Kd Qh] and won ($0.35) with King-High
Seat 2: Hero (big blind) showed [Ts 9s] and lost with Ten-High
Seat 3: 677de0d4 folded before Flop (didn't bet)
Seat 4: 3f69dfd folded before Flop (didn't bet)
Seat 5: 322f5e36 folded before Flop (didn't bet)
Seat 6: b411440b (button) folded before Flop (didn't bet)


Poker Hand #HD1602205586: Hold'em No Limit ($0.02/$0.05) - 2024/01/23 13:37:14
Table 'NLHBlue78' 6-max Seat #5 is the button
Seat 1: 3856cb11 ($6.99 in chips)
Seat 2: Hero ($5.21 in chips)
Seat 3: 677de0d4 ($4.68 in chips)
Seat 4: 3f69dfd ($5.43 in chips)
Seat 5: 322f5e36 ($5.05 in chips)
Seat 6: b411440b ($2.32 in chips)
b411440b: posts small blind $0.02
3856cb11: posts big blind $0.05
*** HOLE CARDS ***
Dealt to 3856cb11 
Dealt to Hero [As 9c]
Dealt to 677de0d4 
Dealt to 3f69dfd 
Dealt to 322f5e36 
Dealt to b411440b 
Hero: folds
677de0d4: folds
3f69dfd: raises $0.08 to $0.13
322f5e36: folds
b411440b: folds
3856cb11: calls $0.08
*** FLOP *** [Qh Qs 4c]
3856cb11: checks
3f69dfd: checks
*** TURN *** [Qh Qs 4c] [5d]
3856cb11: checks
3f69dfd: checks
*** RIVER *** [Qh Qs 4c 5d] [Td]
3856cb11: checks
3f69dfd: checks
3856cb11: shows [Js 8s] (Pair of Queens)
3f69dfd: shows [Kh 2h] (Pair of Queens)
*** SHOWDOWN ***
3f69dfd collected $0.27 from pot
*** SUMMARY ***
Total pot $0.28 | Rake $0.01 | Jackpot $0 | Bingo $0 | Fortune $0 | Tax $0
Board [Qh Qs 4c 5d Td]
Seat 1: 3856cb11 (big blind) showed [Js 8s] and lost with Pair of Queens
Seat 2: Hero folded before Flop (didn't bet)
Seat 3: 677de0d4 folded before Flop (didn't bet)
Seat 4: 3f69dfd showed [Kh 2h] and won ($0.27) with Pair of Queens
Seat 5: 322f5e36 (button) folded before Flop (didn't bet)
Seat 6: b411440b (small blind) folded before Flop


Poker Hand #HD1602205515: Hold'em No Limit ($0.02/$0.05) - 2024/01/23 13:36:39
Table 'NLHBlue78' 6-max Seat #4 is the button
Seat 1: 3856cb11 ($6.99 in chips)
Seat 2: Hero ($5.08 in chips)
Seat 3: 677de0d4 ($4.68 in chips)
Seat 4: 3f69dfd ($5.43 in chips)
Seat 5: 322f5e36 ($5.07 in chips)
Seat 6: b411440b ($2.44 in chips)
322f5e36: posts small blind $0.02
b411440b: posts big blind $0.05
*** HOLE CARDS ***
Dealt to 3856cb11 
Dealt to Hero [As Td]
Dealt to 677de0d4 
Dealt to 3f69dfd 
Dealt to 322f5e36 
Dealt to b411440b 
3856cb11: folds
Hero: raises $0.07 to $0.12
677de0d4: folds
3f69dfd: folds
322f5e36: folds
b411440b: calls $0.07
*** FLOP *** [8s 9d Ks]
b411440b: checks
Hero: bets $0.16
b411440b: folds
Uncalled bet ($0.16) returned to Hero
*** SHOWDOWN ***
Hero collected $0.25 from pot
*** SUMMARY ***
Total pot $0.26 | Rake $0.01 | Jackpot $0 | Bingo $0 | Fortune $0 | Tax $0
Board [8s 9d Ks]
Seat 1: 3856cb11 folded before Flop (didn't bet)
Seat 2: Hero won ($0.25)
Seat 3: 677de0d4 folded before Flop (didn't bet)
Seat 4: 3f69dfd (button) folded before Flop (didn't bet)
Seat 5: 322f5e36 (small blind) folded before Flop
Seat 6: b411440b (big blind) folded on the Flop


Poker Hand #HD1602205440: Hold'em No Limit ($0.02/$0.05) - 2024/01/23 13:36:04
Table 'NLHBlue78' 6-max Seat #3 is the button
Seat 1: 3856cb11 ($7.04 in chips)
Seat 2: Hero ($5.08 in chips)
Seat 3: 677de0d4 ($4.88 in chips)
Seat 4: 3f69dfd ($5.15 in chips)
Seat 5: 322f5e36 ($5.12 in chips)
Seat 6: b411440b ($2.44 in chips)
3f69dfd: posts small blind $0.02
322f5e36: posts big blind $0.05
*** HOLE CARDS ***
Dealt to 3856cb11 
Dealt to Hero [4s 4c]
Dealt to 677de0d4 
Dealt to 3f69dfd 
Dealt to 322f5e36 
Dealt to b411440b 
b411440b: folds
3856cb11: calls $0.05
Hero: folds
677de0d4: raises $0.15 to $0.2
3f69dfd: raises $0.4 to $0.6
322f5e36: folds
3856cb11: folds
677de0d4: folds
Uncalled bet ($0.4) returned to 3f69dfd
*** SHOWDOWN ***
3f69dfd collected $0.48 from pot
*** SUMMARY ***
Total pot $0.5 | Rake $0.02 | Jackpot $0 | Bingo $0 | Fortune $0 | Tax $0
Seat 1: 3856cb11 folded before Flop
Seat 2: Hero folded before Flop (didn't bet)
Seat 3: 677de0d4 (button) folded before Flop
Seat 4: 3f69dfd (small blind) collected ($0.48)
Seat 5: 322f5e36 (big blind) folded before Flop
Seat 6: b411440b folded before Flop (didn't bet)


Poker Hand #HD1602205345: Hold'em No Limit ($0.02/$0.05) - 2024/01/23 13:35:19
Table 'NLHBlue78' 6-max Seat #2 is the button
Seat 1: 3856cb11 ($7.14 in chips)
Seat 2: Hero ($5.08 in chips)
Seat 3: 677de0d4 ($4.9 in chips)
Seat 4: 3f69dfd ($5.25 in chips)
Seat 5: 322f5e36 ($5.12 in chips)
Seat 6: b411440b ($2.23 in chips)
677de0d4: posts small blind $0.02
3f69dfd: posts big blind $0.05
*** HOLE CARDS ***
Dealt to 3856cb11 
Dealt to Hero [Jc 6h]
Dealt to 677de0d4 
Dealt to 3f69dfd 
Dealt to 322f5e36 
Dealt to b411440b 
322f5e36: folds
b411440b: raises $0.05 to $0.1
3856cb11: calls $0.1
Hero: folds
677de0d4: folds
3f69dfd: calls $0.05
*** FLOP *** [3s Tc 6s]
3f69dfd: checks
b411440b: checks
3856cb11: checks
*** TURN *** [3s Tc 6s] [Qs]
3f69dfd: checks
b411440b: bets $0.05
3856cb11: folds
3f69dfd: folds
Uncalled bet ($0.05) returned to b411440b
*** SHOWDOWN ***
b411440b collected $0.31 from pot
*** SUMMARY ***
Total pot $0.32 | Rake $0.01 | Jackpot $0 | Bingo $0 | Fortune $0 | Tax $0
Board [3s Tc 6s Qs]
Seat 1: 3856cb11 folded on the Turn
Seat 2: Hero (button) folded before Flop (didn't bet)
Seat 3: 677de0d4 (small blind) folded before Flop
Seat 4: 3f69dfd (big blind) folded on the Turn
Seat 5: 322f5e36 folded before Flop (didn't bet)
Seat 6: b411440b won ($0.31)


Poker Hand #HD1602205272: Hold'em No Limit ($0.02/$0.05) - 2024/01/23 13:34:45
Table 'NLHBlue78' 6-max Seat #1 is the button
Seat 1: 3856cb11 ($7.07 in chips)
Seat 2: Hero ($5.1 in chips)
Seat 3: 677de0d4 ($4.95 in chips)
Seat 4: 3f69dfd ($5.25 in chips)
Seat 5: 322f5e36 ($5.12 in chips)
Seat 6: b411440b ($2.23 in chips)
Hero: posts small blind $0.02
677de0d4: posts big blind $0.05
*** HOLE CARDS ***
Dealt to 3856cb11 
Dealt to Hero [2h Ks]
Dealt to 677de0d4 
Dealt to 3f69dfd 
Dealt to 322f5e36 
Dealt to b411440b 
3f69dfd: folds
322f5e36: folds
b411440b: folds
3856cb11: calls $0.05
Hero: folds
677de0d4: checks
*** FLOP *** [Ah 7s 3h]
677de0d4: checks
3856cb11: checks
*** TURN *** [Ah 7s 3h] [9s]
677de0d4: checks
3856cb11: bets $0.06
677de0d4: folds
Uncalled bet ($0.06) returned to 3856cb11
*** SHOWDOWN ***
3856cb11 collected $0.12 from pot
*** SUMMARY ***
Total pot $0.12 | Rake $0 | Jackpot $0 | Bingo $0 | Fortune $0 | Tax $0
Board [Ah 7s 3h 9s]
Seat 1: 3856cb11 (button) won ($0.12)
Seat 2: Hero (small blind) folded before Flop
Seat 3: 677de0d4 (big blind) folded on the Turn
Seat 4: 3f69dfd folded before Flop (didn't bet)
Seat 5: 322f5e36 folded before Flop (didn't bet)
Seat 6: b411440b folded before Flop (didn't bet)


Poker Hand #HD1602205225: Hold'em No Limit ($0.02/$0.05) - 2024/01/23 13:34:26
Table 'NLHBlue78' 6-max Seat #6 is the button
Seat 1: 3856cb11 ($7.09 in chips)
Seat 2: Hero ($5.15 in chips)
Seat 3: 677de0d4 ($5 in chips)
Seat 4: 3f69dfd ($5.25 in chips)
Seat 5: 322f5e36 ($5 in chips)
Seat 6: b411440b ($2.23 in chips)
3856cb11: posts small blind $0.02
Hero: posts big blind $0.05
677de0d4: posts big blind $0.05
*** HOLE CARDS ***
Dealt to 3856cb11 
Dealt to Hero [2d 5c]
Dealt to 677de0d4 
Dealt to 3f69dfd 
Dealt to 322f5e36 
Dealt to b411440b 
677de0d4: checks
3f69dfd: folds
322f5e36: raises $0.15 to $0.2
b411440b: folds
3856cb11: folds
Hero: folds
677de0d4: folds
Uncalled bet ($0.15) returned to 322f5e36
*** SHOWDOWN ***
322f5e36 collected $0.17 from pot
*** SUMMARY ***
Total pot $0.17 | Rake $0 | Jackpot $0 | Bingo $0 | Fortune $0 | Tax $0
Seat 1: 3856cb11 (small blind) folded before Flop
Seat 2: Hero (big blind) folded before Flop
Seat 3: 677de0d4 folded before Flop
Seat 4: 3f69dfd folded before Flop (didn't bet)
Seat 5: 322f5e36 collected ($0.17)
Seat 6: b411440b (button) folded before Flop (didn't bet)


Poker Hand #HD1602205202: Hold'em No Limit ($0.02/$0.05) - 2024/01/23 13:34:12
Table 'NLHBlue78' 6-max Seat #5 is the button
Seat 1: 3856cb11 ($7.14 in chips)
Seat 2: Hero ($5.15 in chips)
Seat 4: 3f69dfd ($5.18 in chips)
Seat 5: 322f5e36 ($5 in chips)
Seat 6: b411440b ($2.25 in chips)
b411440b: posts small blind $0.02
3856cb11: posts big blind $0.05
*** HOLE CARDS ***
Dealt to 3856cb11 
Dealt to Hero [5h Kh]
Dealt to 3f69dfd 
Dealt to 322f5e36 
Dealt to b411440b 
Hero: folds
3f69dfd: raises $0.08 to $0.13
322f5e36: folds
b411440b: folds
3856cb11: folds
Uncalled bet ($0.08) returned to 3f69dfd
*** SHOWDOWN ***
3f69dfd collected $0.12 from pot
*** SUMMARY ***
Total pot $0.12 | Rake $0 | Jackpot $0 | Bingo $0 | Fortune $0 | Tax $0
Seat 1: 3856cb11 (big blind) folded before Flop
Seat 2: Hero folded before Flop (didn't bet)
Seat 4: 3f69dfd collected ($0.12)
Seat 5: 322f5e36 (button) folded before Flop (didn't bet)
Seat 6: b411440b (small blind) folded before Flop


Poker Hand #HD1602205122: Hold'em No Limit ($0.02/$0.05) - 2024/01/23 13:33:36
Table 'NLHBlue78' 6-max Seat #4 is the button
Seat 1: 3856cb11 ($7.32 in chips)
Seat 2: Hero ($5.15 in chips)
Seat 4: 3f69dfd ($4.95 in chips)
Seat 5: 322f5e36 ($5 in chips)
Seat 6: b411440b ($2.3 in chips)
322f5e36: posts small blind $0.02
b411440b: posts big blind $0.05
*** HOLE CARDS ***
Dealt to 3856cb11 
Dealt to Hero [5d Kc]
Dealt to 3f69dfd 
Dealt to 322f5e36 
Dealt to b411440b 
3856cb11: calls $0.05
Hero: folds
3f69dfd: raises $0.13 to $0.18
322f5e36: folds
b411440b: folds
3856cb11: calls $0.13
*** FLOP *** [Ah 7s Kd]
3856cb11: checks
3f69dfd: bets $0.22
3856cb11: folds
Uncalled bet ($0.22) returned to 3f69dfd
*** SHOWDOWN ***
3f69dfd collected $0.41 from pot
*** SUMMARY ***
Total pot $0.43 | Rake $0.02 | Jackpot $0 | Bingo $0 | Fortune $0 | Tax $0
Board [Ah 7s Kd]
Seat 1: 3856cb11 folded on the Flop
Seat 2: Hero folded before Flop (didn't bet)
Seat 4: 3f69dfd (button) won ($0.41)
Seat 5: 322f5e36 (small blind) folded before Flop
Seat 6: b411440b (big blind) folded before Flop


Poker Hand #HD1602205021: Hold'em No Limit ($0.02/$0.05) - 2024/01/23 13:32:38
Table 'NLHBlue78' 6-max Seat #3 is the button
Seat 1: 3856cb11 ($7.32 in chips)
Seat 2: Hero ($5.15 in chips)
Seat 3: dd3eed18 ($6.27 in chips)
Seat 4: 3f69dfd ($4.9 in chips)
Seat 5: 322f5e36 ($5 in chips)
Seat 6: b411440b ($2.3 in chips)
3f69dfd: posts small blind $0.02
322f5e36: posts big blind $0.05
*** HOLE CARDS ***
Dealt to 3856cb11 
Dealt to Hero [3c 7h]
Dealt to dd3eed18 
Dealt to 3f69dfd 
Dealt to 322f5e36 
Dealt to b411440b 
b411440b: folds
3856cb11: folds
Hero: folds
dd3eed18: folds
3f69dfd: calls $0.03
322f5e36: checks
*** FLOP *** [5c 8d As]
3f69dfd: checks
322f5e36: checks
*** TURN *** [5c 8d As] [Qd]
3f69dfd: checks
322f5e36: checks
*** RIVER *** [5c 8d As Qd] [4h]
3f69dfd: checks
322f5e36: checks
3f69dfd: shows [7c 8s] (Pair of Eights)
322f5e36: shows [2h Ts] (Ace-High)
*** SHOWDOWN ***
3f69dfd collected $0.1 from pot
*** SUMMARY ***
Total pot $0.1 | Rake $0 | Jackpot $0 | Bingo $0 | Fortune $0 | Tax $0
Board [5c 8d As Qd 4h]
Seat 1: 3856cb11 folded before Flop (didn't bet)
Seat 2: Hero folded before Flop (didn't bet)
Seat 3: dd3eed18 (button) folded before Flop (didn't bet)
Seat 4: 3f69dfd (small blind) showed [7c 8s] and won ($0.1) with Pair of Eights
Seat 5: 322f5e36 (big blind) showed [2h Ts] and lost with Ace-High
Seat 6: b411440b folded before Flop (didn't bet)


Poker Hand #HD1602204960: Hold'em No Limit ($0.02/$0.05) - 2024/01/23 13:32:05
Table 'NLHBlue78' 6-max Seat #2 is the button
Seat 1: 3856cb11 ($7.32 in chips)
Seat 2: Hero ($5.15 in chips)
Seat 3: dd3eed18 ($6.29 in chips)
Seat 4: 3f69dfd ($5 in chips)
Seat 5: 322f5e36 ($5 in chips)
Seat 6: b411440b ($2.19 in chips)
dd3eed18: posts small blind $0.02
3f69dfd: posts big blind $0.05
*** HOLE CARDS ***
Dealt to 3856cb11 
Dealt to Hero [8s 5c]
Dealt to dd3eed18 
Dealt to 3f69dfd 
Dealt to 322f5e36 
Dealt to b411440b 
322f5e36: folds
b411440b: raises $0.05 to $0.1
3856cb11: folds
Hero: folds
dd3eed18: folds
3f69dfd: calls $0.05
*** FLOP *** [8h 4h Kd]
3f69dfd: checks
b411440b: bets $0.22
3f69dfd: folds
Uncalled bet ($0.22) returned to b411440b
*** SHOWDOWN ***
b411440b collected $0.21 from pot
*** SUMMARY ***
Total pot $0.22 | Rake $0.01 | Jackpot $0 | Bingo $0 | Fortune $0 | Tax $0
Board [8h 4h Kd]
Seat 1: 3856cb11 folded before Flop (didn't bet)
Seat 2: Hero (button) folded before Flop (didn't bet)
Seat 3: dd3eed18 (small blind) folded before Flop
Seat 4: 3f69dfd (big blind) folded on the Flop
Seat 5: 322f5e36 folded before Flop (didn't bet)
Seat 6: b411440b won ($0.21)


Poker Hand #HD1602204861: Hold'em No Limit ($0.02/$0.05) - 2024/01/23 13:31:19
Table 'NLHBlue78' 6-max Seat #1 is the button
Seat 1: 3856cb11 ($6.54 in chips)
Seat 2: Hero ($5.17 in chips)
Seat 3: dd3eed18 ($6.34 in chips)
Seat 5: 322f5e36 ($5.73 in chips)
Seat 6: b411440b ($2.19 in chips)
Hero: posts small blind $0.02
dd3eed18: posts big blind $0.05
*** HOLE CARDS ***
Dealt to 3856cb11 
Dealt to Hero [Kd 9c]
Dealt to dd3eed18 
Dealt to 322f5e36 
Dealt to b411440b 
322f5e36: raises $0.1 to $0.15
b411440b: folds
3856cb11: calls $0.15
Hero: folds
dd3eed18: folds
*** FLOP *** [6s Qh Ad]
322f5e36: checks
3856cb11: checks
*** TURN *** [6s Qh Ad] [4h]
322f5e36: bets $0.19
3856cb11: calls $0.19
*** RIVER *** [6s Qh Ad 4h] [8h]
322f5e36: bets $0.5
3856cb11: calls $0.5
322f5e36: shows [Jc Tc] (Ace-High)
3856cb11: shows [Js Qc] (Pair of Queens)
*** SHOWDOWN ***
3856cb11 collected $1.62 from pot
*** SUMMARY ***
Total pot $1.75 | Rake $0.08 | Jackpot $0.05 | Bingo $0 | Fortune $0 | Tax $0
Board [6s Qh Ad 4h 8h]
Seat 1: 3856cb11 (button) showed [Js Qc] and won ($1.62) with Pair of Queens
Seat 2: Hero (small blind) folded before Flop
Seat 3: dd3eed18 (big blind) folded before Flop
Seat 5: 322f5e36 showed [Jc Tc] and lost with Ace-High
Seat 6: b411440b folded before Flop (didn't bet)


Poker Hand #HD1602204840: Hold'em No Limit ($0.02/$0.05) - 2024/01/23 13:31:11
Table 'NLHBlue78' 6-max Seat #6 is the button
Seat 1: 3856cb11 ($6.56 in chips)
Seat 2: Hero ($5.15 in chips)
Seat 3: dd3eed18 ($6.34 in chips)
Seat 5: 322f5e36 ($5.73 in chips)
Seat 6: b411440b ($2.19 in chips)
3856cb11: posts small blind $0.02
Hero: posts big blind $0.05
*** HOLE CARDS ***
Dealt to 3856cb11 
Dealt to Hero [Qh Ac]
Dealt to dd3eed18 
Dealt to 322f5e36 
Dealt to b411440b 
dd3eed18: folds
322f5e36: folds
b411440b: folds
3856cb11: folds
Uncalled bet ($0.03) returned to Hero
*** SHOWDOWN ***
Hero collected $0.04 from pot
*** SUMMARY ***
Total pot $0.04 | Rake $0 | Jackpot $0 | Bingo $0 | Fortune $0 | Tax $0
Seat 1: 3856cb11 (small blind) folded before Flop
Seat 2: Hero (big blind) collected ($0.04)
Seat 3: dd3eed18 folded before Flop (didn't bet)
Seat 5: 322f5e36 folded before Flop (didn't bet)
Seat 6: b411440b (button) folded before Flop (didn't bet)


Poker Hand #HD1602204765: Hold'em No Limit ($0.02/$0.05) - 2024/01/23 13:30:36
Table 'NLHBlue78' 6-max Seat #5 is the button
Seat 1: 3856cb11 ($6.66 in chips)
Seat 2: Hero ($5.15 in chips)
Seat 3: dd3eed18 ($6.34 in chips)
Seat 5: 322f5e36 ($5.73 in chips)
Seat 6: b411440b ($2.1 in chips)
b411440b: posts small blind $0.02
3856cb11: posts big blind $0.05
*** HOLE CARDS ***
Dealt to 3856cb11 
Dealt to Hero [9c 7h]
Dealt to dd3eed18 
Dealt to 322f5e36 
Dealt to b411440b 
Hero: folds
dd3eed18: folds
322f5e36: folds
b411440b: raises $0.05 to $0.1
3856cb11: calls $0.05
*** FLOP *** [Qd Jh 5h]
b411440b: bets $0.1
3856cb11: folds
Uncalled bet ($0.1) returned to b411440b
*** SHOWDOWN ***
b411440b collected $0.19 from pot
*** SUMMARY ***
Total pot $0.2 | Rake $0.01 | Jackpot $0 | Bingo $0 | Fortune $0 | Tax $0
Board [Qd Jh 5h]
Seat 1: 3856cb11 (big blind) folded on the Flop
Seat 2: Hero folded before Flop (didn't bet)
Seat 3: dd3eed18 folded before Flop (didn't bet)
Seat 5: 322f5e36 (button) folded before Flop (didn't bet)
Seat 6: b411440b (small blind) won ($0.19)


Poker Hand #HD1602204747: Hold'em No Limit ($0.02/$0.05) - 2024/01/23 13:30:27
Table 'NLHBlue78' 6-max Seat #3 is the button
Seat 1: 3856cb11 ($6.66 in chips)
Seat 2: Hero ($5.15 in chips)
Seat 3: dd3eed18 ($6.34 in chips)
Seat 5: 322f5e36 ($5.75 in chips)
Seat 6: b411440b ($2.08 in chips)
322f5e36: posts small blind $0.02
b411440b: posts big blind $0.05
*** HOLE CARDS ***
Dealt to 3856cb11 
Dealt to Hero [Qh 6h]
Dealt to dd3eed18 
Dealt to 322f5e36 
Dealt to b411440b 
3856cb11: folds
Hero: folds
dd3eed18: folds
322f5e36: folds
Uncalled bet ($0.03) returned to b411440b
*** SHOWDOWN ***
b411440b collected $0.04 from pot
*** SUMMARY ***
Total pot $0.04 | Rake $0 | Jackpot $0 | Bingo $0 | Fortune $0 | Tax $0
Seat 1: 3856cb11 folded before Flop (didn't bet)
Seat 2: Hero folded before Flop (didn't bet)
Seat 3: dd3eed18 (button) folded before Flop (didn't bet)
Seat 5: 322f5e36 (small blind) folded before Flop
Seat 6: b411440b (big blind) collected ($0.04)


Poker Hand #HD1602204709: Hold'em No Limit ($0.02/$0.05) - 2024/01/23 13:30:06
Table 'NLHBlue78' 6-max Seat #2 is the button
Seat 1: 3856cb11 ($6.59 in chips)
Seat 2: Hero ($5.15 in chips)
Seat 3: dd3eed18 ($6.36 in chips)
Seat 4: 440dbcba ($2.96 in chips)
Seat 5: 322f5e36 ($5.75 in chips)
Seat 6: b411440b ($2.08 in chips)
dd3eed18: posts small blind $0.02
440dbcba: posts big blind $0.05
*** HOLE CARDS ***
Dealt to 3856cb11 
Dealt to Hero [Jh 8d]
Dealt to dd3eed18 
Dealt to 440dbcba 
Dealt to 322f5e36 
Dealt to b411440b 
322f5e36: folds
b411440b: folds
3856cb11: calls $0.05
Hero: folds
dd3eed18: folds
440dbcba: checks
*** FLOP *** [Ts Ah 9s]
440dbcba: checks
3856cb11: bets $0.05
440dbcba: folds
Uncalled bet ($0.05) returned to 3856cb11
*** SHOWDOWN ***
3856cb11 collected $0.12 from pot
*** SUMMARY ***
Total pot $0.12 | Rake $0 | Jackpot $0 | Bingo $0 | Fortune $0 | Tax $0
Board [Ts Ah 9s]
Seat 1: 3856cb11 won ($0.12)
Seat 2: Hero (button) folded before Flop (didn't bet)
Seat 3: dd3eed18 (small blind) folded before Flop
Seat 4: 440dbcba (big blind) folded on the Flop
Seat 5: 322f5e36 folded before Flop (didn't bet)
Seat 6: b411440b folded before Flop (didn't bet)


Poker Hand #HD1602204648: Hold'em No Limit ($0.02/$0.05) - 2024/01/23 13:29:33
Table 'NLHBlue78' 6-max Seat #1 is the button
Seat 1: 3856cb11 ($6.59 in chips)
Seat 2: Hero ($5.17 in chips)
Seat 3: dd3eed18 ($6.22 in chips)
Seat 4: 440dbcba ($3.09 in chips)
Seat 5: 322f5e36 ($5.75 in chips)
Seat 6: b411440b ($2.08 in chips)
Hero: posts small blind $0.02
dd3eed18: posts big blind $0.05
*** HOLE CARDS ***
Dealt to 3856cb11 
Dealt to Hero [4h Ac]
Dealt to dd3eed18 
Dealt to 440dbcba 
Dealt to 322f5e36 
Dealt to b411440b 
440dbcba: raises $0.08 to $0.13
322f5e36: folds
b411440b: folds
3856cb11: folds
Hero: folds
dd3eed18: calls $0.08
*** FLOP *** [9h 3d Jd]
dd3eed18: checks
440dbcba: checks
*** TURN *** [9h 3d Jd] [Jh]
dd3eed18: checks
440dbcba: checks
*** RIVER *** [9h 3d Jd Jh] [2s]
dd3eed18: checks
440dbcba: checks
dd3eed18: shows [Qs 9s] (Pair of Jacks and Pair of Nines)
440dbcba: shows [7c Qc] (Pair of Jacks)
*** SHOWDOWN ***
dd3eed18 collected $0.27 from pot
*** SUMMARY ***
Total pot $0.28 | Rake $0.01 | Jackpot $0 | Bingo $0 | Fortune $0 | Tax $0
Board [9h 3d Jd Jh 2s]
Seat 1: 3856cb11 (button) folded before Flop (didn't bet)
Seat 2: Hero (small blind) folded before Flop
Seat 3: dd3eed18 (big blind) showed [Qs 9s] and won ($0.27) with Pair of Jacks and Pair of Nines
Seat 4: 440dbcba showed [7c Qc] and lost with Pair of Jacks
Seat 5: 322f5e36 folded before Flop (didn't bet)
Seat 6: b411440b folded before Flop (didn't bet)


Poker Hand #HD1602204533: Hold'em No Limit ($0.02/$0.05) - 2024/01/23 13:28:41
Table 'NLHBlue78' 6-max Seat #6 is the button
Seat 1: 3856cb11 ($4.67 in chips)
Seat 2: Hero ($5.22 in chips)
Seat 3: dd3eed18 ($6.22 in chips)
Seat 4: 440dbcba ($5.22 in chips)
Seat 5: 322f5e36 ($5.75 in chips)
Seat 6: b411440b ($2.08 in chips)
3856cb11: posts small blind $0.02
Hero: posts big blind $0.05
*** HOLE CARDS ***
Dealt to 3856cb11 
Dealt to Hero [9s 7h]
Dealt to dd3eed18 
Dealt to 440dbcba 
Dealt to 322f5e36 
Dealt to b411440b 
dd3eed18: folds
440dbcba: calls $0.05
322f5e36: folds
b411440b: folds
3856cb11: raises $0.1 to $0.15
Hero: folds
440dbcba: calls $0.1
*** FLOP *** [Qd 7d 2c]
3856cb11: checks
440dbcba: bets $0.18
3856cb11: raises $0.18 to $0.36
440dbcba: calls $0.18
*** TURN *** [Qd 7d 2c] [6d]
3856cb11: checks
440dbcba: bets $0.54
3856cb11: calls $0.54
*** RIVER *** [Qd 7d 2c 6d] [Jc]
3856cb11: checks
440dbcba: bets $1.08
3856cb11: calls $1.08
440dbcba: shows [5s Ts] (Queen-High)
3856cb11: shows [Jh Ad] (Pair of Jacks)
*** SHOWDOWN ***
3856cb11 collected $4.05 from pot
*** SUMMARY ***
Total pot $4.31 | Rake $0.21 | Jackpot $0.05 | Bingo $0 | Fortune $0 | Tax $0
Board [Qd 7d 2c 6d Jc]
Seat 1: 3856cb11 (small blind) showed [Jh Ad] and won ($4.05) with Pair of Jacks
Seat 2: Hero (big blind) folded before Flop
Seat 3: dd3eed18 folded before Flop (didn't bet)
Seat 4: 440dbcba showed [5s Ts] and lost with Queen-High
Seat 5: 322f5e36 folded before Flop (didn't bet)
Seat 6: b411440b (button) folded before Flop (didn't bet)


Poker Hand #HD1602204512: Hold'em No Limit ($0.02/$0.05) - 2024/01/23 13:28:25
Table 'NLHBlue78' 6-max Seat #5 is the button
Seat 1: 3856cb11 ($4.72 in chips)
Seat 2: Hero ($5.22 in chips)
Seat 3: dd3eed18 ($6.22 in chips)
Seat 4: 440dbcba ($5.15 in chips)
Seat 5: 322f5e36 ($5.75 in chips)
Seat 6: b411440b ($2.1 in chips)
b411440b: posts small blind $0.02
3856cb11: posts big blind $0.05
*** HOLE CARDS ***
Dealt to 3856cb11 
Dealt to Hero [3d Tc]
Dealt to dd3eed18 
Dealt to 440dbcba 
Dealt to 322f5e36 
Dealt to b411440b 
Hero: folds
dd3eed18: folds
440dbcba: raises $0.08 to $0.13
322f5e36: folds
b411440b: folds
3856cb11: folds
Uncalled bet ($0.08) returned to 440dbcba
*** SHOWDOWN ***
440dbcba collected $0.12 from pot
*** SUMMARY ***
Total pot $0.12 | Rake $0 | Jackpot $0 | Bingo $0 | Fortune $0 | Tax $0
Seat 1: 3856cb11 (big blind) folded before Flop
Seat 2: Hero folded before Flop (didn't bet)
Seat 3: dd3eed18 folded before Flop (didn't bet)
Seat 4: 440dbcba collected ($0.12)
Seat 5: 322f5e36 (button) folded before Flop (didn't bet)
Seat 6: b411440b (small blind) folded before Flop


Poker Hand #HD1602204477: Hold'em No Limit ($0.02/$0.05) - 2024/01/23 13:28:07
Table 'NLHBlue78' 6-max Seat #4 is the button
Seat 1: 3856cb11 ($4.72 in chips)
Seat 2: Hero ($5.15 in chips)
Seat 3: dd3eed18 ($6.22 in chips)
Seat 4: 440dbcba ($5.15 in chips)
Seat 5: 322f5e36 ($5.77 in chips)
Seat 6: b411440b ($2.15 in chips)
322f5e36: posts small blind $0.02
b411440b: posts big blind $0.05
*** HOLE CARDS ***
Dealt to 3856cb11 
Dealt to Hero [Ad 6d]
Dealt to dd3eed18 
Dealt to 440dbcba 
Dealt to 322f5e36 
Dealt to b411440b 
3856cb11: folds
Hero: raises $0.07 to $0.12
dd3eed18: folds
440dbcba: folds
322f5e36: folds
b411440b: folds
Uncalled bet ($0.07) returned to Hero
*** SHOWDOWN ***
Hero collected $0.12 from pot
*** SUMMARY ***
Total pot $0.12 | Rake $0 | Jackpot $0 | Bingo $0 | Fortune $0 | Tax $0
Seat 1: 3856cb11 folded before Flop (didn't bet)
Seat 2: Hero collected ($0.12)
Seat 3: dd3eed18 folded before Flop (didn't bet)
Seat 4: 440dbcba (button) folded before Flop (didn't bet)
Seat 5: 322f5e36 (small blind) folded before Flop
Seat 6: b411440b (big blind) folded before Flop


Poker Hand #HD1602204451: Hold'em No Limit ($0.02/$0.05) - 2024/01/23 13:27:57
Table 'NLHBlue78' 6-max Seat #3 is the button
Seat 1: 3856cb11 ($4.72 in chips)
Seat 2: Hero ($5.15 in chips)
Seat 3: dd3eed18 ($6.22 in chips)
Seat 4: 440dbcba ($5.17 in chips)
Seat 5: 322f5e36 ($5.75 in chips)
Seat 6: b411440b ($2.15 in chips)
440dbcba: posts small blind $0.02
322f5e36: posts big blind $0.05
*** HOLE CARDS ***
Dealt to 3856cb11 
Dealt to Hero [3c 7s]
Dealt to dd3eed18 
Dealt to 440dbcba 
Dealt to 322f5e36 
Dealt to b411440b 
b411440b: folds
3856cb11: folds
Hero: folds
dd3eed18: folds
440dbcba: folds
Uncalled bet ($0.03) returned to 322f5e36
*** SHOWDOWN ***
322f5e36 collected $0.04 from pot
*** SUMMARY ***
Total pot $0.04 | Rake $0 | Jackpot $0 | Bingo $0 | Fortune $0 | Tax $0
Seat 1: 3856cb11 folded before Flop (didn't bet)
Seat 2: Hero folded before Flop (didn't bet)
Seat 3: dd3eed18 (button) folded before Flop (didn't bet)
Seat 4: 440dbcba (small blind) folded before Flop
Seat 5: 322f5e36 (big blind) collected ($0.04)
Seat 6: b411440b folded before Flop (didn't bet)


Poker Hand #HD1602204380: Hold'em No Limit ($0.02/$0.05) - 2024/01/23 13:27:18
Table 'NLHBlue78' 6-max Seat #2 is the button
Seat 1: 3856cb11 ($4.77 in chips)
Seat 2: Hero ($5.15 in chips)
Seat 3: dd3eed18 ($5.94 in chips)
Seat 4: 440dbcba ($5.42 in chips)
Seat 5: 322f5e36 ($5.75 in chips)
Seat 6: b411440b ($2.15 in chips)
dd3eed18: posts small blind $0.02
440dbcba: posts big blind $0.05
*** HOLE CARDS ***
Dealt to 3856cb11 
Dealt to Hero [6d 5c]
Dealt to dd3eed18 
Dealt to 440dbcba 
Dealt to 322f5e36 
Dealt to b411440b 
322f5e36: folds
b411440b: folds
3856cb11: calls $0.05
Hero: folds
dd3eed18: raises $0.2 to $0.25
440dbcba: calls $0.2
3856cb11: folds
*** FLOP *** [6s 5d 4d]
dd3eed18: bets $0.17
440dbcba: folds
Uncalled bet ($0.17) returned to dd3eed18
*** SHOWDOWN ***
dd3eed18 collected $0.53 from pot
*** SUMMARY ***
Total pot $0.55 | Rake $0.02 | Jackpot $0 | Bingo $0 | Fortune $0 | Tax $0
Board [6s 5d 4d]
Seat 1: 3856cb11 folded before Flop
Seat 2: Hero (button) folded before Flop (didn't bet)
Seat 3: dd3eed18 (small blind) won ($0.53)
Seat 4: 440dbcba (big blind) folded on the Flop
Seat 5: 322f5e36 folded before Flop (didn't bet)
Seat 6: b411440b folded before Flop (didn't bet)


Poker Hand #HD1602204350: Hold'em No Limit ($0.02/$0.05) - 2024/01/23 13:27:06
Table 'NLHBlue78' 6-max Seat #1 is the button
Seat 1: 3856cb11 ($4.77 in chips)
Seat 2: Hero ($5.17 in chips)
Seat 3: dd3eed18 ($5.92 in chips)
Seat 4: 440dbcba ($5.42 in chips)
Seat 5: 322f5e36 ($5.75 in chips)
Seat 6: b411440b ($2.15 in chips)
Hero: posts small blind $0.02
dd3eed18: posts big blind $0.05
*** HOLE CARDS ***
Dealt to 3856cb11 
Dealt to Hero [4h Td]
Dealt to dd3eed18 
Dealt to 440dbcba 
Dealt to 322f5e36 
Dealt to b411440b 
440dbcba: folds
322f5e36: folds
b411440b: folds
3856cb11: folds
Hero: folds
Uncalled bet ($0.03) returned to dd3eed18
*** SHOWDOWN ***
dd3eed18 collected $0.04 from pot
*** SUMMARY ***
Total pot $0.04 | Rake $0 | Jackpot $0 | Bingo $0 | Fortune $0 | Tax $0
Seat 1: 3856cb11 (button) folded before Flop (didn't bet)
Seat 2: Hero (small blind) folded before Flop
Seat 3: dd3eed18 (big blind) collected ($0.04)
Seat 4: 440dbcba folded before Flop (didn't bet)
Seat 5: 322f5e36 folded before Flop (didn't bet)
Seat 6: b411440b folded before Flop (didn't bet)


Poker Hand #HD1602204187: Hold'em No Limit ($0.02/$0.05) - 2024/01/23 13:25:42
Table 'NLHBlue78' 6-max Seat #6 is the button
Seat 1: 3856cb11 ($4.95 in chips)
Seat 2: Hero ($5 in chips)
Seat 3: dd3eed18 ($5.92 in chips)
Seat 4: 440dbcba ($5.42 in chips)
Seat 5: 322f5e36 ($5.75 in chips)
Seat 6: b411440b ($2.15 in chips)
3856cb11: posts small blind $0.02
Hero: posts big blind $0.05
*** HOLE CARDS ***
Dealt to 3856cb11 
Dealt to Hero [Ks Ac]
Dealt to dd3eed18 
Dealt to 440dbcba 
Dealt to 322f5e36 
Dealt to b411440b 
dd3eed18: folds
440dbcba: folds
322f5e36: folds
b411440b: folds
3856cb11: calls $0.03
Hero: raises $0.13 to $0.18
3856cb11: calls $0.13
*** FLOP *** [Js 6c 2h]
3856cb11: checks
Hero: checks
*** TURN *** [Js 6c 2h] [5s]
3856cb11: checks
Hero: checks
*** RIVER *** [Js 6c 2h 5s] [Kd]
3856cb11: checks
Hero: bets $0.31
3856cb11: folds
Uncalled bet ($0.31) returned to Hero
*** SHOWDOWN ***
Hero collected $0.35 from pot
*** SUMMARY ***
Total pot $0.36 | Rake $0.01 | Jackpot $0 | Bingo $0 | Fortune $0 | Tax $0
Board [Js 6c 2h 5s Kd]
Seat 1: 3856cb11 (small blind) folded on the River
Seat 2: Hero (big blind) won ($0.35)
Seat 3: dd3eed18 folded before Flop (didn't bet)
Seat 4: 440dbcba folded before Flop (didn't bet)
Seat 5: 322f5e36 folded before Flop (didn't bet)
Seat 6: b411440b (button) folded before Flop (didn't bet)


Poker Hand #HD1602204134: Hold'em No Limit ($0.02/$0.05) - 2024/01/23 13:25:15
Table 'NLHBlue78' 6-max Seat #5 is the button
Seat 1: 3856cb11 ($5 in chips)
Seat 2: Hero ($5 in chips)
Seat 3: dd3eed18 ($5.92 in chips)
Seat 4: 440dbcba ($5.42 in chips)
Seat 5: 322f5e36 ($5.75 in chips)
Seat 6: b411440b ($2.1 in chips)
b411440b: posts small blind $0.02
3856cb11: posts big blind $0.05
*** HOLE CARDS ***
Dealt to 3856cb11 
Dealt to Hero [Qd Js]
Dealt to dd3eed18 
Dealt to 440dbcba 
Dealt to 322f5e36 
Dealt to b411440b 
Hero: folds
dd3eed18: folds
440dbcba: folds
322f5e36: folds
b411440b: calls $0.03
3856cb11: checks
*** FLOP *** [Ts 3h 7c]
b411440b: bets $0.1
3856cb11: folds
Uncalled bet ($0.1) returned to b411440b
*** SHOWDOWN ***
b411440b collected $0.1 from pot
*** SUMMARY ***
Total pot $0.1 | Rake $0 | Jackpot $0 | Bingo $0 | Fortune $0 | Tax $0
Board [Ts 3h 7c]
Seat 1: 3856cb11 (big blind) folded on the Flop
Seat 2: Hero folded before Flop (didn't bet)
Seat 3: dd3eed18 folded before Flop (didn't bet)
Seat 4: 440dbcba folded before Flop (didn't bet)
Seat 5: 322f5e36 (button) folded before Flop (didn't bet)
Seat 6: b411440b (small blind) won ($0.1)


Poker Hand #HD1602204105: Hold'em No Limit ($0.02/$0.05) - 2024/01/23 13:24:59
Table 'NLHBlue78' 6-max Seat #4 is the button
Seat 2: Hero ($5 in chips)
Seat 3: dd3eed18 ($5.92 in chips)
Seat 4: 440dbcba ($5.42 in chips)
Seat 5: 322f5e36 ($5.77 in chips)
Seat 6: b411440b ($2.08 in chips)
322f5e36: posts small blind $0.02
b411440b: posts big blind $0.05
*** HOLE CARDS ***
Dealt to Hero [3c 8s]
Dealt to dd3eed18 
Dealt to 440dbcba 
Dealt to 322f5e36 
Dealt to b411440b 
Hero: folds
dd3eed18: folds
440dbcba: folds
322f5e36: folds
Uncalled bet ($0.03) returned to b411440b
*** SHOWDOWN ***
b411440b collected $0.04 from pot
*** SUMMARY ***
Total pot $0.04 | Rake $0 | Jackpot $0 | Bingo $0 | Fortune $0 | Tax $0
Seat 2: Hero folded before Flop (didn't bet)
Seat 3: dd3eed18 folded before Flop (didn't bet)
Seat 4: 440dbcba (button) folded before Flop (didn't bet)
Seat 5: 322f5e36 (small blind) folded before Flop
Seat 6: b411440b (big blind) collected ($0.04)


Poker Hand #HD1602204067: Hold'em No Limit ($0.02/$0.05) - 2024/01/23 13:24:41
Table 'NLHBlue78' 6-max Seat #3 is the button
Seat 2: Hero ($5 in chips)
Seat 3: dd3eed18 ($5.92 in chips)
Seat 4: 440dbcba ($5.44 in chips)
Seat 5: 322f5e36 ($5.82 in chips)
Seat 6: b411440b ($2.01 in chips)
440dbcba: posts small blind $0.02
322f5e36: posts big blind $0.05
*** HOLE CARDS ***
Dealt to Hero [8h Th]
Dealt to dd3eed18 
Dealt to 440dbcba 
Dealt to 322f5e36 
Dealt to b411440b 
b411440b: raises $0.05 to $0.1
Hero: folds
dd3eed18: folds
440dbcba: folds
322f5e36: folds
Uncalled bet ($0.05) returned to b411440b
*** SHOWDOWN ***
b411440b collected $0.12 from pot
*** SUMMARY ***
Total pot $0.12 | Rake $0 | Jackpot $0 | Bingo $0 | Fortune $0 | Tax $0
Seat 2: Hero folded before Flop (didn't bet)
Seat 3: dd3eed18 (button) folded before Flop (didn't bet)
Seat 4: 440dbcba (small blind) folded before Flop
Seat 5: 322f5e36 (big blind) folded before Flop
Seat 6: b411440b collected ($0.12)


Poker Hand #HD1602204036: Hold'em No Limit ($0.02/$0.05) - 2024/01/23 13:24:27
Table 'NLHBlue78' 6-max Seat #2 is the button
Seat 2: Hero ($5 in chips)
Seat 3: dd3eed18 ($5.87 in chips)
Seat 4: 440dbcba ($5.49 in chips)
Seat 5: 322f5e36 ($5.82 in chips)
Seat 6: b411440b ($2.01 in chips)
dd3eed18: posts small blind $0.02
440dbcba: posts big blind $0.05
*** HOLE CARDS ***
Dealt to Hero [9c Qs]
Dealt to dd3eed18 
Dealt to 440dbcba 
Dealt to 322f5e36 
Dealt to b411440b 
322f5e36: folds
b411440b: folds
Hero: folds
dd3eed18: raises $0.1 to $0.15
440dbcba: folds
Uncalled bet ($0.1) returned to dd3eed18
*** SHOWDOWN ***
dd3eed18 collected $0.1 from pot
*** SUMMARY ***
Total pot $0.1 | Rake $0 | Jackpot $0 | Bingo $0 | Fortune $0 | Tax $0
Seat 2: Hero (button) folded before Flop (didn't bet)
Seat 3: dd3eed18 (small blind) collected ($0.1)
Seat 4: 440dbcba (big blind) folded before Flop
Seat 5: 322f5e36 folded before Flop (didn't bet)
Seat 6: b411440b folded before Flop (didn't bet)


Poker Hand #HD1602203981: Hold'em No Limit ($0.02/$0.05) - 2024/01/23 13:23:53
Table 'NLHBlue78' 6-max Seat #6 is the button
Seat 2: Hero ($5 in chips)
Seat 3: dd3eed18 ($5.92 in chips)
Seat 4: 440dbcba ($5.3 in chips)
Seat 5: 322f5e36 ($5.82 in chips)
Seat 6: b411440b ($2.14 in chips)
Hero: posts small blind $0.02
dd3eed18: posts big blind $0.05
*** HOLE CARDS ***
Dealt to Hero [Tc Jh]
Dealt to dd3eed18 
Dealt to 440dbcba 
Dealt to 322f5e36 
Dealt to b411440b 
440dbcba: raises $0.08 to $0.13
322f5e36: folds
b411440b: calls $0.13
Hero: folds
dd3eed18: folds
*** FLOP *** [5s 4d 5d]
440dbcba: bets $0.17
b411440b: folds
Uncalled bet ($0.17) returned to 440dbcba
*** SHOWDOWN ***
440dbcba collected $0.32 from pot
*** SUMMARY ***
Total pot $0.33 | Rake $0.01 | Jackpot $0 | Bingo $0 | Fortune $0 | Tax $0
Board [5s 4d 5d]
Seat 2: Hero (small blind) folded before Flop
Seat 3: dd3eed18 (big blind) folded before Flop
Seat 4: 440dbcba won ($0.32)
Seat 5: 322f5e36 folded before Flop (didn't bet)
Seat 6: b411440b (button) folded on the Flop


Poker Hand #HD1602203910: Hold'em No Limit ($0.02/$0.05) - 2024/01/23 13:23:17
Table 'NLHBlue78' 6-max Seat #5 is the button
Seat 2: Hero ($5 in chips)
Seat 3: dd3eed18 ($5.92 in chips)
Seat 4: 440dbcba ($5.3 in chips)
Seat 5: 322f5e36 ($5.63 in chips)
Seat 6: b411440b ($2.29 in chips)
b411440b: posts small blind $0.02
Hero: posts big blind $0.05
*** HOLE CARDS ***
Dealt to Hero [3s 6s]
Dealt to dd3eed18 
Dealt to 440dbcba 
Dealt to 322f5e36 
Dealt to b411440b 
dd3eed18: folds
440dbcba: folds
322f5e36: raises $0.1 to $0.15
b411440b: calls $0.13
Hero: folds
*** FLOP *** [7c Ks 9s]
b411440b: checks
322f5e36: bets $0.12
b411440b: folds
Uncalled bet ($0.12) returned to 322f5e36
*** SHOWDOWN ***
322f5e36 collected $0.34 from pot
*** SUMMARY ***
Total pot $0.35 | Rake $0.01 | Jackpot $0 | Bingo $0 | Fortune $0 | Tax $0
Board [7c Ks 9s]
Seat 2: Hero (big blind) folded before Flop
Seat 3: dd3eed18 folded before Flop (didn't bet)
Seat 4: 440dbcba folded before Flop (didn't bet)
Seat 5: 322f5e36 (button) won ($0.34)
Seat 6: b411440b (small blind) folded on the Flop


Poker Hand #HD1602203837: Hold'em No Limit ($0.02/$0.05) - 2024/01/23 13:22:36
Table 'NLHBlue78' 6-max Seat #4 is the button
Seat 1: f7ebd4f4 ($6.85 in chips)
Seat 2: Hero ($5 in chips)
Seat 3: dd3eed18 ($5.92 in chips)
Seat 4: 440dbcba ($5.02 in chips)
Seat 5: 322f5e36 ($5.65 in chips)
Seat 6: b411440b ($2.57 in chips)
322f5e36: posts small blind $0.02
b411440b: posts big blind $0.05
*** HOLE CARDS ***
Dealt to f7ebd4f4 
Dealt to Hero [Qh 4c]
Dealt to dd3eed18 
Dealt to 440dbcba 
Dealt to 322f5e36 
Dealt to b411440b 
f7ebd4f4: folds
Hero: folds
dd3eed18: folds
440dbcba: raises $0.08 to $0.13
322f5e36: folds
b411440b: calls $0.08
*** FLOP *** [Th Kh Td]
b411440b: bets $0.05
440dbcba: calls $0.05
*** TURN *** [Th Kh Td] [3d]
b411440b: bets $0.1
440dbcba: calls $0.1
*** RIVER *** [Th Kh Td 3d] [6s]
b411440b: checks
440dbcba: checks
b411440b: shows [8h Ah] (Pair of Tens)
440dbcba: shows [8d 8s] (Pair of Tens and Pair of Eights)
*** SHOWDOWN ***
440dbcba collected $0.56 from pot
*** SUMMARY ***
Total pot $0.58 | Rake $0.02 | Jackpot $0 | Bingo $0 | Fortune $0 | Tax $0
Board [Th Kh Td 3d 6s]
Seat 1: f7ebd4f4 folded before Flop (didn't bet)
Seat 2: Hero folded before Flop (didn't bet)
Seat 3: dd3eed18 folded before Flop (didn't bet)
Seat 4: 440dbcba (button) showed [8d 8s] and won ($0.56) with Pair of Tens and Pair of Eights
Seat 5: 322f5e36 (small blind) folded before Flop
Seat 6: b411440b (big blind) showed [8h Ah] and lost with Pair of Tens


Poker Hand #HD1602203740: Hold'em No Limit ($0.02/$0.05) - 2024/01/23 13:21:52
Table 'NLHBlue78' 6-max Seat #3 is the button
Seat 1: f7ebd4f4 ($6.85 in chips)
Seat 2: Hero ($5 in chips)
Seat 3: dd3eed18 ($5.92 in chips)
Seat 4: 440dbcba ($5.02 in chips)
Seat 5: 322f5e36 ($5.65 in chips)
Seat 6: b411440b ($2.57 in chips)
440dbcba: posts small blind $0.02
322f5e36: posts big blind $0.05
*** HOLE CARDS ***
Dealt to f7ebd4f4 
Dealt to Hero [Kh 9s]
Dealt to dd3eed18 
Dealt to 440dbcba 
Dealt to 322f5e36 
Dealt to b411440b 
b411440b: folds
f7ebd4f4: folds
Hero: folds
dd3eed18: folds
440dbcba: calls $0.03
322f5e36: checks
*** FLOP *** [Jd 8c 8s]
440dbcba: checks
322f5e36: checks
*** TURN *** [Jd 8c 8s] [7d]
440dbcba: checks
322f5e36: checks
*** RIVER *** [Jd 8c 8s 7d] [6h]
440dbcba: checks
322f5e36: checks
440dbcba: shows [Kc 5d] (Pair of Eights)
322f5e36: shows [Kd 5h] (Pair of Eights)
*** SHOWDOWN ***
440dbcba collected $0.05 from pot
322f5e36 collected $0.05 from pot
*** SUMMARY ***
Total pot $0.1 | Rake $0 | Jackpot $0 | Bingo $0 | Fortune $0 | Tax $0
Board [Jd 8c 8s 7d 6h]
Seat 1: f7ebd4f4 folded before Flop (didn't bet)
Seat 2: Hero folded before Flop (didn't bet)
Seat 3: dd3eed18 (button) folded before Flop (didn't bet)
Seat 4: 440dbcba (small blind) showed [Kc 5d] and won ($0.05) with Pair of Eights
Seat 5: 322f5e36 (big blind) showed [Kd 5h] and won ($0.05) with Pair of Eights
Seat 6: b411440b folded before Flop (didn't bet)


Poker Hand #HD1602203716: Hold'em No Limit ($0.02/$0.05) - 2024/01/23 13:21:42
Table 'NLHBlue78' 6-max Seat #2 is the button
Seat 1: f7ebd4f4 ($6.85 in chips)
Seat 2: Hero ($5 in chips)
Seat 3: dd3eed18 ($5.94 in chips)
Seat 4: 440dbcba ($5 in chips)
Seat 5: 322f5e36 ($5.65 in chips)
Seat 6: b411440b ($2.57 in chips)
dd3eed18: posts small blind $0.02
440dbcba: posts big blind $0.05
*** HOLE CARDS ***
Dealt to f7ebd4f4 
Dealt to Hero [Qs 8d]
Dealt to dd3eed18 
Dealt to 440dbcba 
Dealt to 322f5e36 
Dealt to b411440b 
322f5e36: folds
b411440b: folds
f7ebd4f4: folds
Hero: folds
dd3eed18: folds
Uncalled bet ($0.03) returned to 440dbcba
*** SHOWDOWN ***
440dbcba collected $0.04 from pot
*** SUMMARY ***
Total pot $0.04 | Rake $0 | Jackpot $0 | Bingo $0 | Fortune $0 | Tax $0
Seat 1: f7ebd4f4 folded before Flop (didn't bet)
Seat 2: Hero (button) folded before Flop (didn't bet)
Seat 3: dd3eed18 (small blind) folded before Flop
Seat 4: 440dbcba (big blind) collected ($0.04)
Seat 5: 322f5e36 folded before Flop (didn't bet)
Seat 6: b411440b folded before Flop (didn't bet)


Poker Hand #HD1602203627: Hold'em No Limit ($0.02/$0.05) - 2024/01/23 13:21:02
Table 'NLHBlue78' 6-max Seat #1 is the button
Seat 1: f7ebd4f4 ($6.85 in chips)
Seat 2: Hero ($5 in chips)
Seat 3: dd3eed18 ($5.81 in chips)
Seat 5: 322f5e36 ($5.65 in chips)
Seat 6: b411440b ($2.57 in chips)
Hero: posts small blind $0.02
dd3eed18: posts big blind $0.05
*** HOLE CARDS ***
Dealt to f7ebd4f4 
Dealt to Hero [5d Kd]
Dealt to dd3eed18 
Dealt to 322f5e36 
Dealt to b411440b 
322f5e36: folds
b411440b: folds
f7ebd4f4: folds
Hero: raises $0.09 to $0.14
dd3eed18: calls $0.09
*** FLOP *** [Jc 6c As]
Hero: checks
dd3eed18: checks
*** TURN *** [Jc 6c As] [7d]
Hero: checks
dd3eed18: bets $0.09
Hero: folds
Uncalled bet ($0.09) returned to dd3eed18
*** SHOWDOWN ***
dd3eed18 collected $0.27 from pot
*** SUMMARY ***
Total pot $0.28 | Rake $0.01 | Jackpot $0 | Bingo $0 | Fortune $0 | Tax $0
Board [Jc 6c As 7d]
Seat 1: f7ebd4f4 (button) folded before Flop (didn't bet)
Seat 2: Hero (small blind) folded on the Turn
Seat 3: dd3eed18 (big blind) won ($0.27)
Seat 5: 322f5e36 folded before Flop (didn't bet)
Seat 6: b411440b folded before Flop (didn't bet)


Poker Hand #HD1602203540: Hold'em No Limit ($0.02/$0.05) - 2024/01/23 13:20:12
Table 'NLHBlue78' 6-max Seat #6 is the button
Seat 1: f7ebd4f4 ($6.87 in chips)
Seat 2: Hero ($5 in chips)
Seat 3: dd3eed18 ($5.81 in chips)
Seat 5: 322f5e36 ($5 in chips)
Seat 6: b411440b ($2.57 in chips)
f7ebd4f4: posts small blind $0.02
Hero: posts big blind $0.05
*** HOLE CARDS ***
Dealt to f7ebd4f4 
Dealt to Hero [Jd 7d]
Dealt to dd3eed18 
Dealt to 322f5e36 
Dealt to b411440b 
dd3eed18: folds
322f5e36: raises $0.1 to $0.15
b411440b: folds
f7ebd4f4: folds
Hero: calls $0.1
*** FLOP *** [2s 7h 3d]
Hero: checks
322f5e36: bets $0.22
Hero: calls $0.22
*** TURN *** [2s 7h 3d] [5s]
Hero: checks
322f5e36: checks
*** RIVER *** [2s 7h 3d 5s] [5c]
Hero: checks
322f5e36: bets $0.38
Hero: calls $0.38
322f5e36: shows [Tc Td] (Pair of Tens and Pair of Fives)
Hero: shows [Jd 7d] (Pair of Sevens and Pair of Fives)
*** SHOWDOWN ***
322f5e36 collected $1.4 from pot
*** SUMMARY ***
Total pot $1.52 | Rake $0.07 | Jackpot $0.05 | Bingo $0 | Fortune $0 | Tax $0
Board [2s 7h 3d 5s 5c]
Seat 1: f7ebd4f4 (small blind) folded before Flop
Seat 2: Hero (big blind) showed [Jd 7d] and lost with Pair of Sevens and Pair of Fives
Seat 3: dd3eed18 folded before Flop (didn't bet)
Seat 5: 322f5e36 showed [Tc Td] and won ($1.4) with Pair of Tens and Pair of Fives
Seat 6: b411440b (button) folded before Flop (didn't bet)


