Poker Hand #HD1138803167: Hold'em No Limit  ($0.02/$0.05) - 2023/02/27 19:05:22
Table 'NLHBlue101' 6-max Seat #4 is the button
Seat 1: Hero ($5.89 in chips)
Seat 2: 8039d363 ($5 in chips)
Seat 3: a1644473 ($5.3 in chips)
Seat 4: 7c6cf478 ($5.71 in chips)
Seat 5: 650f99b7 ($5 in chips)
Seat 6: 81dbc111 ($5 in chips)
650f99b7: posts small blind $0.02
81dbc111: posts big blind $0.05
*** HOLE CARDS ***
Dealt to Hero [As Ad]
Dealt to 8039d363 
Dealt to a1644473 
Dealt to 7c6cf478 
Dealt to 650f99b7 
Dealt to 81dbc111 
Hero: raises $0.07 to $0.12
8039d363: folds
a1644473: folds
7c6cf478: folds
650f99b7: folds
81dbc111: folds
Uncalled bet ($0.07) returned to Hero
*** SHOWDOWN ***
Hero collected $0.12 from pot
*** SUMMARY ***
Total pot $0.12 | Rake $0 | Jackpot $0 | Bingo $0 | Fortune $0
Seat 1: Hero collected ($0.12)
Seat 2: 8039d363 folded before Flop (didn't bet)
Seat 3: a1644473 folded before Flop (didn't bet)
Seat 4: 7c6cf478 (button) folded before Flop (didn't bet)
Seat 5: 650f99b7 (small blind) folded before Flop
Seat 6: 81dbc111 (big blind) folded before Flop


Poker Hand #HD1138803073: Hold'em No Limit  ($0.02/$0.05) - 2023/02/27 19:04:41
Table 'NLHBlue101' 6-max Seat #3 is the button
Seat 1: Hero ($5.89 in chips)
Seat 2: 8039d363 ($5 in chips)
Seat 3: a1644473 ($5 in chips)
Seat 4: 7c6cf478 ($5.73 in chips)
Seat 5: 650f99b7 ($5.11 in chips)
7c6cf478: posts small blind $0.02
650f99b7: posts big blind $0.05
*** HOLE CARDS ***
Dealt to Hero [2d Qs]
Dealt to 8039d363 
Dealt to a1644473 
Dealt to 7c6cf478 
Dealt to 650f99b7 
Hero: folds
8039d363: folds
a1644473: raises $0.1 to $0.15
7c6cf478: folds
650f99b7: calls $0.1
*** FLOP *** [7s 9d Kh]
650f99b7: checks
a1644473: bets $0.16
650f99b7: calls $0.16
*** TURN *** [7s 9d Kh] [4d]
650f99b7: checks
a1644473: bets $0.48
650f99b7: folds
Uncalled bet ($0.48) returned to a1644473
*** SHOWDOWN ***
a1644473 collected $0.61 from pot
*** SUMMARY ***
Total pot $0.64 | Rake $0.03 | Jackpot $0 | Bingo $0 | Fortune $0
Board [7s 9d Kh 4d]
Seat 1: Hero folded before Flop (didn't bet)
Seat 2: 8039d363 folded before Flop (didn't bet)
Seat 3: a1644473 (button) won ($0.61)
Seat 4: 7c6cf478 (small blind) folded before Flop
Seat 5: 650f99b7 (big blind) folded on the Turn


Poker Hand #HD1138803015: Hold'em No Limit  ($0.02/$0.05) - 2023/02/27 19:04:18
Table 'NLHBlue101' 6-max Seat #2 is the button
Seat 1: Hero ($5.82 in chips)
Seat 2: 8039d363 ($5 in chips)
Seat 3: a1644473 ($5 in chips)
Seat 4: 7c6cf478 ($5.78 in chips)
Seat 5: 650f99b7 ($5.11 in chips)
a1644473: posts small blind $0.02
7c6cf478: posts big blind $0.05
*** HOLE CARDS ***
Dealt to Hero [Qd Qc]
Dealt to 8039d363 
Dealt to a1644473 
Dealt to 7c6cf478 
Dealt to 650f99b7 
650f99b7: folds
Hero: raises $0.07 to $0.12
8039d363: folds
a1644473: folds
7c6cf478: folds
Uncalled bet ($0.07) returned to Hero
*** SHOWDOWN ***
Hero collected $0.12 from pot
*** SUMMARY ***
Total pot $0.12 | Rake $0 | Jackpot $0 | Bingo $0 | Fortune $0
Seat 1: Hero collected ($0.12)
Seat 2: 8039d363 (button) folded before Flop (didn't bet)
Seat 3: a1644473 (small blind) folded before Flop
Seat 4: 7c6cf478 (big blind) folded before Flop
Seat 5: 650f99b7 folded before Flop (didn't bet)


Poker Hand #HD1138802967: Hold'em No Limit  ($0.02/$0.05) - 2023/02/27 19:04:00
Table 'NLHBlue101' 6-max Seat #1 is the button
Seat 1: Hero ($5.75 in chips)
Seat 2: 8039d363 ($5.02 in chips)
Seat 3: a1644473 ($5 in chips)
Seat 4: 7c6cf478 ($5.78 in chips)
Seat 5: 650f99b7 ($5.11 in chips)
8039d363: posts small blind $0.02
a1644473: posts big blind $0.05
*** HOLE CARDS ***
Dealt to Hero [2c Ac]
Dealt to 8039d363 
Dealt to a1644473 
Dealt to 7c6cf478 
Dealt to 650f99b7 
7c6cf478: folds
650f99b7: folds
Hero: raises $0.07 to $0.12
8039d363: folds
a1644473: folds
Uncalled bet ($0.07) returned to Hero
*** SHOWDOWN ***
Hero collected $0.12 from pot
*** SUMMARY ***
Total pot $0.12 | Rake $0 | Jackpot $0 | Bingo $0 | Fortune $0
Seat 1: Hero (button) collected ($0.12)
Seat 2: 8039d363 (small blind) folded before Flop
Seat 3: a1644473 (big blind) folded before Flop
Seat 4: 7c6cf478 folded before Flop (didn't bet)
Seat 5: 650f99b7 folded before Flop (didn't bet)


Poker Hand #HD1138802930: Hold'em No Limit  ($0.02/$0.05) - 2023/02/27 19:03:45
Table 'NLHBlue101' 6-max Seat #5 is the button
Seat 1: Hero ($5.77 in chips)
Seat 2: 8039d363 ($5.07 in chips)
Seat 3: a1644473 ($5 in chips)
Seat 4: 7c6cf478 ($5.71 in chips)
Seat 5: 650f99b7 ($5.11 in chips)
Hero: posts small blind $0.02
8039d363: posts big blind $0.05
*** HOLE CARDS ***
Dealt to Hero [7s 4c]
Dealt to 8039d363 
Dealt to a1644473 
Dealt to 7c6cf478 
Dealt to 650f99b7 
a1644473: folds
7c6cf478: raises $0.1 to $0.15
650f99b7: folds
Hero: folds
8039d363: folds
Uncalled bet ($0.1) returned to 7c6cf478
*** SHOWDOWN ***
7c6cf478 collected $0.12 from pot
*** SUMMARY ***
Total pot $0.12 | Rake $0 | Jackpot $0 | Bingo $0 | Fortune $0
Seat 1: Hero (small blind) folded before Flop
Seat 2: 8039d363 (big blind) folded before Flop
Seat 3: a1644473 folded before Flop (didn't bet)
Seat 4: 7c6cf478 collected ($0.12)
Seat 5: 650f99b7 (button) folded before Flop (didn't bet)


Poker Hand #HD1138802812: Hold'em No Limit  ($0.02/$0.05) - 2023/02/27 19:02:49
Table 'NLHBlue101' 6-max Seat #4 is the button
Seat 1: Hero ($5.52 in chips)
Seat 2: 8039d363 ($5.07 in chips)
Seat 3: a1644473 ($5 in chips)
Seat 4: 7c6cf478 ($5.71 in chips)
Seat 5: 650f99b7 ($5.38 in chips)
650f99b7: posts small blind $0.02
Hero: posts big blind $0.05
*** HOLE CARDS ***
Dealt to Hero [4s Ad]
Dealt to 8039d363 
Dealt to a1644473 
Dealt to 7c6cf478 
Dealt to 650f99b7 
8039d363: folds
a1644473: folds
7c6cf478: folds
650f99b7: raises $0.08 to $0.13
Hero: calls $0.08
*** FLOP *** [As 5c Qd]
650f99b7: bets $0.14
Hero: calls $0.14
*** TURN *** [As 5c Qd] [Qc]
650f99b7: checks
Hero: checks
*** RIVER *** [As 5c Qd Qc] [9c]
650f99b7: checks
Hero: checks
650f99b7: shows [Js Jc] (Pair of Queens and Pair of Jacks)
Hero: shows [4s Ad] (Pair of Aces and Pair of Queens)
*** SHOWDOWN ***
Hero collected $0.52 from pot
*** SUMMARY ***
Total pot $0.54 | Rake $0.02 | Jackpot $0 | Bingo $0 | Fortune $0
Board [As 5c Qd Qc 9c]
Seat 1: Hero (big blind) showed [4s Ad] and won ($0.52) with Pair of Aces and Pair of Queens
Seat 2: 8039d363 folded before Flop (didn't bet)
Seat 3: a1644473 folded before Flop (didn't bet)
Seat 4: 7c6cf478 (button) folded before Flop (didn't bet)
Seat 5: 650f99b7 (small blind) showed [Js Jc] and lost with Pair of Queens and Pair of Jacks


Poker Hand #HD1138802756: Hold'em No Limit  ($0.02/$0.05) - 2023/02/27 19:02:28
Table 'NLHBlue101' 6-max Seat #3 is the button
Seat 1: Hero ($5.52 in chips)
Seat 2: 8039d363 ($5 in chips)
Seat 3: a1644473 ($5 in chips)
Seat 4: 7c6cf478 ($5.73 in chips)
Seat 5: 650f99b7 ($5.43 in chips)
7c6cf478: posts small blind $0.02
650f99b7: posts big blind $0.05
*** HOLE CARDS ***
Dealt to Hero [8d 9s]
Dealt to 8039d363 
Dealt to a1644473 
Dealt to 7c6cf478 
Dealt to 650f99b7 
Hero: folds
8039d363: raises $0.08 to $0.13
a1644473: folds
7c6cf478: folds
650f99b7: folds
Uncalled bet ($0.08) returned to 8039d363
*** SHOWDOWN ***
8039d363 collected $0.12 from pot
*** SUMMARY ***
Total pot $0.12 | Rake $0 | Jackpot $0 | Bingo $0 | Fortune $0
Seat 1: Hero folded before Flop (didn't bet)
Seat 2: 8039d363 collected ($0.12)
Seat 3: a1644473 (button) folded before Flop (didn't bet)
Seat 4: 7c6cf478 (small blind) folded before Flop
Seat 5: 650f99b7 (big blind) folded before Flop


Poker Hand #HD1138802711: Hold'em No Limit  ($0.02/$0.05) - 2023/02/27 19:02:09
Table 'NLHBlue101' 6-max Seat #2 is the button
Seat 1: Hero ($5.45 in chips)
Seat 2: 8039d363 ($5 in chips)
Seat 3: a1644473 ($5 in chips)
Seat 4: 7c6cf478 ($5.78 in chips)
Seat 5: 650f99b7 ($5.43 in chips)
a1644473: posts small blind $0.02
7c6cf478: posts big blind $0.05
*** HOLE CARDS ***
Dealt to Hero [Jh Kc]
Dealt to 8039d363 
Dealt to a1644473 
Dealt to 7c6cf478 
Dealt to 650f99b7 
650f99b7: folds
Hero: raises $0.07 to $0.12
8039d363: folds
a1644473: folds
7c6cf478: folds
Uncalled bet ($0.07) returned to Hero
*** SHOWDOWN ***
Hero collected $0.12 from pot
*** SUMMARY ***
Total pot $0.12 | Rake $0 | Jackpot $0 | Bingo $0 | Fortune $0
Seat 1: Hero collected ($0.12)
Seat 2: 8039d363 (button) folded before Flop (didn't bet)
Seat 3: a1644473 (small blind) folded before Flop
Seat 4: 7c6cf478 (big blind) folded before Flop
Seat 5: 650f99b7 folded before Flop (didn't bet)


Poker Hand #HD1138802678: Hold'em No Limit  ($0.02/$0.05) - 2023/02/27 19:01:53
Table 'NLHBlue101' 6-max Seat #1 is the button
Seat 1: Hero ($5.45 in chips)
Seat 2: 8039d363 ($5.02 in chips)
Seat 3: a1644473 ($5 in chips)
Seat 4: 7c6cf478 ($5.78 in chips)
Seat 5: 650f99b7 ($5.36 in chips)
8039d363: posts small blind $0.02
a1644473: posts big blind $0.05
*** HOLE CARDS ***
Dealt to Hero [Qs 5c]
Dealt to 8039d363 
Dealt to a1644473 
Dealt to 7c6cf478 
Dealt to 650f99b7 
7c6cf478: folds
650f99b7: raises $0.08 to $0.13
Hero: folds
8039d363: folds
a1644473: folds
Uncalled bet ($0.08) returned to 650f99b7
*** SHOWDOWN ***
650f99b7 collected $0.12 from pot
*** SUMMARY ***
Total pot $0.12 | Rake $0 | Jackpot $0 | Bingo $0 | Fortune $0
Seat 1: Hero (button) folded before Flop (didn't bet)
Seat 2: 8039d363 (small blind) folded before Flop
Seat 3: a1644473 (big blind) folded before Flop
Seat 4: 7c6cf478 folded before Flop (didn't bet)
Seat 5: 650f99b7 collected ($0.12)


Poker Hand #HD1138802636: Hold'em No Limit  ($0.02/$0.05) - 2023/02/27 19:01:32
Table 'NLHBlue101' 6-max Seat #5 is the button
Seat 1: Hero ($5.28 in chips)
Seat 2: 8039d363 ($5.07 in chips)
Seat 4: 7c6cf478 ($5.78 in chips)
Seat 5: 650f99b7 ($5.49 in chips)
Hero: posts small blind $0.02
8039d363: posts big blind $0.05
*** HOLE CARDS ***
Dealt to Hero [8s 8c]
Dealt to 8039d363 
Dealt to 7c6cf478 
Dealt to 650f99b7 
7c6cf478: folds
650f99b7: raises $0.08 to $0.13
Hero: raises $0.39 to $0.52
8039d363: folds
650f99b7: folds
Uncalled bet ($0.39) returned to Hero
*** SHOWDOWN ***
Hero collected $0.3 from pot
*** SUMMARY ***
Total pot $0.31 | Rake $0.01 | Jackpot $0 | Bingo $0 | Fortune $0
Seat 1: Hero (small blind) collected ($0.3)
Seat 2: 8039d363 (big blind) folded before Flop
Seat 4: 7c6cf478 folded before Flop (didn't bet)
Seat 5: 650f99b7 (button) folded before Flop


Poker Hand #HD1138802603: Hold'em No Limit  ($0.02/$0.05) - 2023/02/27 19:01:19
Table 'NLHBlue101' 6-max Seat #4 is the button
Seat 1: Hero ($5.33 in chips)
Seat 2: 8039d363 ($5.07 in chips)
Seat 4: 7c6cf478 ($5.78 in chips)
Seat 5: 650f99b7 ($5.44 in chips)
650f99b7: posts small blind $0.02
Hero: posts big blind $0.05
*** HOLE CARDS ***
Dealt to Hero [8h 3d]
Dealt to 8039d363 
Dealt to 7c6cf478 
Dealt to 650f99b7 
8039d363: folds
7c6cf478: folds
650f99b7: raises $0.08 to $0.13
Hero: folds
Uncalled bet ($0.08) returned to 650f99b7
*** SHOWDOWN ***
650f99b7 collected $0.1 from pot
*** SUMMARY ***
Total pot $0.1 | Rake $0 | Jackpot $0 | Bingo $0 | Fortune $0
Seat 1: Hero (big blind) folded before Flop
Seat 2: 8039d363 folded before Flop (didn't bet)
Seat 4: 7c6cf478 (button) folded before Flop (didn't bet)
Seat 5: 650f99b7 (small blind) collected ($0.1)


Poker Hand #HD1138802555: Hold'em No Limit  ($0.02/$0.05) - 2023/02/27 19:01:04
Table 'NLHBlue101' 6-max Seat #2 is the button
Seat 1: Hero ($5.33 in chips)
Seat 2: 8039d363 ($5 in chips)
Seat 4: 7c6cf478 ($5.8 in chips)
Seat 5: 650f99b7 ($5.49 in chips)
7c6cf478: posts small blind $0.02
650f99b7: posts big blind $0.05
*** HOLE CARDS ***
Dealt to Hero [Ks 5d]
Dealt to 8039d363 
Dealt to 7c6cf478 
Dealt to 650f99b7 
Hero: folds
8039d363: raises $0.08 to $0.13
7c6cf478: folds
650f99b7: folds
Uncalled bet ($0.08) returned to 8039d363
*** SHOWDOWN ***
8039d363 collected $0.12 from pot
*** SUMMARY ***
Total pot $0.12 | Rake $0 | Jackpot $0 | Bingo $0 | Fortune $0
Seat 1: Hero folded before Flop (didn't bet)
Seat 2: 8039d363 (button) collected ($0.12)
Seat 4: 7c6cf478 (small blind) folded before Flop
Seat 5: 650f99b7 (big blind) folded before Flop


Poker Hand #HD1138802448: Hold'em No Limit  ($0.02/$0.05) - 2023/02/27 19:00:23
Table 'NLHBlue101' 6-max Seat #1 is the button
Seat 1: Hero ($5.45 in chips)
Seat 2: 8039d363 ($5 in chips)
Seat 4: 7c6cf478 ($5.67 in chips)
Seat 5: 650f99b7 ($5.49 in chips)
8039d363: posts small blind $0.02
7c6cf478: posts big blind $0.05
*** HOLE CARDS ***
Dealt to Hero [8d Jd]
Dealt to 8039d363 
Dealt to 7c6cf478 
Dealt to 650f99b7 
650f99b7: folds
Hero: raises $0.07 to $0.12
8039d363: folds
7c6cf478: calls $0.07
*** FLOP *** [Qh 2c Ac]
7c6cf478: checks
Hero: checks
*** TURN *** [Qh 2c Ac] [7s]
7c6cf478: bets $0.13
Hero: folds
Uncalled bet ($0.13) returned to 7c6cf478
*** SHOWDOWN ***
7c6cf478 collected $0.25 from pot
*** SUMMARY ***
Total pot $0.26 | Rake $0.01 | Jackpot $0 | Bingo $0 | Fortune $0
Board [Qh 2c Ac 7s]
Seat 1: Hero (button) folded on the Turn
Seat 2: 8039d363 (small blind) folded before Flop
Seat 4: 7c6cf478 (big blind) won ($0.25)
Seat 5: 650f99b7 folded before Flop (didn't bet)


Poker Hand #HD1138802412: Hold'em No Limit  ($0.02/$0.05) - 2023/02/27 19:00:10
Table 'NLHBlue101' 6-max Seat #5 is the button
Seat 1: Hero ($5.47 in chips)
Seat 2: 8039d363 ($5 in chips)
Seat 4: 7c6cf478 ($5.67 in chips)
Seat 5: 650f99b7 ($5.42 in chips)
Hero: posts small blind $0.02
8039d363: posts big blind $0.05
*** HOLE CARDS ***
Dealt to Hero [2c 2h]
Dealt to 8039d363 
Dealt to 7c6cf478 
Dealt to 650f99b7 
7c6cf478: folds
650f99b7: raises $0.08 to $0.13
Hero: folds
8039d363: folds
Uncalled bet ($0.08) returned to 650f99b7
*** SHOWDOWN ***
650f99b7 collected $0.12 from pot
*** SUMMARY ***
Total pot $0.12 | Rake $0 | Jackpot $0 | Bingo $0 | Fortune $0
Seat 1: Hero (small blind) folded before Flop
Seat 2: 8039d363 (big blind) folded before Flop
Seat 4: 7c6cf478 folded before Flop (didn't bet)
Seat 5: 650f99b7 (button) collected ($0.12)


Poker Hand #HD1138802393: Hold'em No Limit  ($0.02/$0.05) - 2023/02/27 18:59:59
Table 'NLHBlue101' 6-max Seat #4 is the button
Seat 1: Hero ($5.52 in chips)
Seat 3: fc6bf53c ($5 in chips)
Seat 4: 7c6cf478 ($5.67 in chips)
Seat 5: 650f99b7 ($5.37 in chips)
650f99b7: posts small blind $0.02
Hero: posts big blind $0.05
*** HOLE CARDS ***
Dealt to Hero [Qh 9s]
Dealt to fc6bf53c 
Dealt to 7c6cf478 
Dealt to 650f99b7 
fc6bf53c: folds
7c6cf478: folds
650f99b7: raises $0.08 to $0.13
Hero: folds
Uncalled bet ($0.08) returned to 650f99b7
*** SHOWDOWN ***
650f99b7 collected $0.1 from pot
*** SUMMARY ***
Total pot $0.1 | Rake $0 | Jackpot $0 | Bingo $0 | Fortune $0
Seat 1: Hero (big blind) folded before Flop
Seat 3: fc6bf53c folded before Flop (didn't bet)
Seat 4: 7c6cf478 (button) folded before Flop (didn't bet)
Seat 5: 650f99b7 (small blind) collected ($0.1)


Poker Hand #HD1138802316: Hold'em No Limit  ($0.02/$0.05) - 2023/02/27 18:59:31
Table 'NLHBlue101' 6-max Seat #3 is the button
Seat 1: Hero ($5.52 in chips)
Seat 2: 5a24fbff ($5.08 in chips)
Seat 3: fc6bf53c ($5 in chips)
Seat 4: 7c6cf478 ($5.5 in chips)
Seat 5: 650f99b7 ($5.42 in chips)
7c6cf478: posts small blind $0.02
650f99b7: posts big blind $0.05
*** HOLE CARDS ***
Dealt to Hero [5s 8d]
Dealt to 5a24fbff 
Dealt to fc6bf53c 
Dealt to 7c6cf478 
Dealt to 650f99b7 
Hero: folds
5a24fbff: folds
fc6bf53c: raises $0.08 to $0.13
7c6cf478: raises $0.24 to $0.37
650f99b7: folds
fc6bf53c: folds
Uncalled bet ($0.24) returned to 7c6cf478
*** SHOWDOWN ***
7c6cf478 collected $0.3 from pot
*** SUMMARY ***
Total pot $0.31 | Rake $0.01 | Jackpot $0 | Bingo $0 | Fortune $0
Seat 1: Hero folded before Flop (didn't bet)
Seat 2: 5a24fbff folded before Flop (didn't bet)
Seat 3: fc6bf53c (button) folded before Flop
Seat 4: 7c6cf478 (small blind) collected ($0.3)
Seat 5: 650f99b7 (big blind) folded before Flop


Poker Hand #HD1138802293: Hold'em No Limit  ($0.02/$0.05) - 2023/02/27 18:59:21
Table 'NLHBlue101' 6-max Seat #2 is the button
Seat 1: Hero ($5.52 in chips)
Seat 2: 5a24fbff ($5.08 in chips)
Seat 3: fc6bf53c ($5.02 in chips)
Seat 4: 7c6cf478 ($5.48 in chips)
fc6bf53c: posts small blind $0.02
7c6cf478: posts big blind $0.05
*** HOLE CARDS ***
Dealt to Hero [2c 7c]
Dealt to 5a24fbff 
Dealt to fc6bf53c 
Dealt to 7c6cf478 
Hero: folds
5a24fbff: folds
fc6bf53c: folds
Uncalled bet ($0.03) returned to 7c6cf478
*** SHOWDOWN ***
7c6cf478 collected $0.04 from pot
*** SUMMARY ***
Total pot $0.04 | Rake $0 | Jackpot $0 | Bingo $0 | Fortune $0
Seat 1: Hero folded before Flop (didn't bet)
Seat 2: 5a24fbff (button) folded before Flop (didn't bet)
Seat 3: fc6bf53c (small blind) folded before Flop
Seat 4: 7c6cf478 (big blind) collected ($0.04)


Poker Hand #HD1138802254: Hold'em No Limit  ($0.02/$0.05) - 2023/02/27 18:59:07
Table 'NLHBlue101' 6-max Seat #1 is the button
Seat 1: Hero ($5.52 in chips)
Seat 2: 5a24fbff ($5.1 in chips)
Seat 3: fc6bf53c ($5 in chips)
Seat 4: 7c6cf478 ($5.48 in chips)
5a24fbff: posts small blind $0.02
fc6bf53c: posts big blind $0.05
*** HOLE CARDS ***
Dealt to Hero [9c 5d]
Dealt to 5a24fbff 
Dealt to fc6bf53c 
Dealt to 7c6cf478 
7c6cf478: folds
Hero: folds
5a24fbff: folds
Uncalled bet ($0.03) returned to fc6bf53c
*** SHOWDOWN ***
fc6bf53c collected $0.04 from pot
*** SUMMARY ***
Total pot $0.04 | Rake $0 | Jackpot $0 | Bingo $0 | Fortune $0
Seat 1: Hero (button) folded before Flop (didn't bet)
Seat 2: 5a24fbff (small blind) folded before Flop
Seat 3: fc6bf53c (big blind) collected ($0.04)
Seat 4: 7c6cf478 folded before Flop (didn't bet)


Poker Hand #HD1138802231: Hold'em No Limit  ($0.02/$0.05) - 2023/02/27 18:58:57
Table 'NLHBlue101' 6-max Seat #4 is the button
Seat 1: Hero ($5.47 in chips)
Seat 2: 5a24fbff ($5.15 in chips)
Seat 4: 7c6cf478 ($5.48 in chips)
Hero: posts small blind $0.02
5a24fbff: posts big blind $0.05
*** HOLE CARDS ***
Dealt to Hero [Ad 9h]
Dealt to 5a24fbff 
Dealt to 7c6cf478 
7c6cf478: folds
Hero: raises $0.09 to $0.14
5a24fbff: folds
Uncalled bet ($0.09) returned to Hero
*** SHOWDOWN ***
Hero collected $0.1 from pot
*** SUMMARY ***
Total pot $0.1 | Rake $0 | Jackpot $0 | Bingo $0 | Fortune $0
Seat 1: Hero (small blind) collected ($0.1)
Seat 2: 5a24fbff (big blind) folded before Flop
Seat 4: 7c6cf478 (button) folded before Flop (didn't bet)


Poker Hand #HD1138802165: Hold'em No Limit  ($0.02/$0.05) - 2023/02/27 18:58:29
Table 'NLHBlue101' 6-max Seat #2 is the button
Seat 1: Hero ($5.42 in chips)
Seat 2: 5a24fbff ($5.15 in chips)
Seat 4: 7c6cf478 ($5.53 in chips)
7c6cf478: posts small blind $0.02
Hero: posts big blind $0.05
*** HOLE CARDS ***
Dealt to Hero [6s Kc]
Dealt to 5a24fbff 
Dealt to 7c6cf478 
5a24fbff: folds
7c6cf478: calls $0.03
Hero: checks
*** FLOP *** [5s 2d 4c]
7c6cf478: checks
Hero: checks
*** TURN *** [5s 2d 4c] [6d]
7c6cf478: checks
Hero: bets $0.05
7c6cf478: folds
Uncalled bet ($0.05) returned to Hero
*** SHOWDOWN ***
Hero collected $0.1 from pot
*** SUMMARY ***
Total pot $0.1 | Rake $0 | Jackpot $0 | Bingo $0 | Fortune $0
Board [5s 2d 4c 6d]
Seat 1: Hero (big blind) won ($0.1)
Seat 2: 5a24fbff (button) folded before Flop (didn't bet)
Seat 4: 7c6cf478 (small blind) folded on the Turn


Poker Hand #HD1138802117: Hold'em No Limit  ($0.02/$0.05) - 2023/02/27 18:58:10
Table 'NLHBlue101' 6-max Seat #1 is the button
Seat 1: Hero ($5.42 in chips)
Seat 2: 5a24fbff ($5.17 in chips)
Seat 4: 7c6cf478 ($5.51 in chips)
Seat 6: 442c1a3f ($5.76 in chips)
5a24fbff: posts small blind $0.02
7c6cf478: posts big blind $0.05
*** HOLE CARDS ***
Dealt to Hero [2s Qh]
Dealt to 5a24fbff 
Dealt to 7c6cf478 
Dealt to 442c1a3f 
442c1a3f: folds
Hero: folds
5a24fbff: folds
Uncalled bet ($0.03) returned to 7c6cf478
*** SHOWDOWN ***
7c6cf478 collected $0.04 from pot
*** SUMMARY ***
Total pot $0.04 | Rake $0 | Jackpot $0 | Bingo $0 | Fortune $0
Seat 1: Hero (button) folded before Flop (didn't bet)
Seat 2: 5a24fbff (small blind) folded before Flop
Seat 4: 7c6cf478 (big blind) collected ($0.04)
Seat 6: 442c1a3f folded before Flop (didn't bet)


Poker Hand #HD1138802040: Hold'em No Limit  ($0.02/$0.05) - 2023/02/27 18:57:37
Table 'NLHBlue101' 6-max Seat #6 is the button
Seat 1: Hero ($5.44 in chips)
Seat 2: 5a24fbff ($5.22 in chips)
Seat 3: 570ce2cf ($10.62 in chips)
Seat 4: 7c6cf478 ($5.51 in chips)
Seat 6: 442c1a3f ($5.69 in chips)
Hero: posts small blind $0.02
5a24fbff: posts big blind $0.05
*** HOLE CARDS ***
Dealt to Hero [3d Td]
Dealt to 5a24fbff 
Dealt to 570ce2cf 
Dealt to 7c6cf478 
Dealt to 442c1a3f 
570ce2cf: folds
7c6cf478: folds
442c1a3f: raises $0.1 to $0.15
Hero: folds
5a24fbff: folds
Uncalled bet ($0.1) returned to 442c1a3f
*** SHOWDOWN ***
442c1a3f collected $0.12 from pot
*** SUMMARY ***
Total pot $0.12 | Rake $0 | Jackpot $0 | Bingo $0 | Fortune $0
Seat 1: Hero (small blind) folded before Flop
Seat 2: 5a24fbff (big blind) folded before Flop
Seat 3: 570ce2cf folded before Flop (didn't bet)
Seat 4: 7c6cf478 folded before Flop (didn't bet)
Seat 6: 442c1a3f (button) collected ($0.12)


Poker Hand #HD1138801990: Hold'em No Limit  ($0.02/$0.05) - 2023/02/27 18:57:22
Table 'NLHBlue101' 6-max Seat #4 is the button
Seat 1: Hero ($5.49 in chips)
Seat 2: 5a24fbff ($5.22 in chips)
Seat 3: 570ce2cf ($10.62 in chips)
Seat 4: 7c6cf478 ($5.51 in chips)
Seat 6: 442c1a3f ($5.64 in chips)
442c1a3f: posts small blind $0.02
Hero: posts big blind $0.05
*** HOLE CARDS ***
Dealt to Hero [Ks 5d]
Dealt to 5a24fbff 
Dealt to 570ce2cf 
Dealt to 7c6cf478 
Dealt to 442c1a3f 
5a24fbff: folds
570ce2cf: folds
7c6cf478: folds
442c1a3f: raises $0.1 to $0.15
Hero: folds
Uncalled bet ($0.1) returned to 442c1a3f
*** SHOWDOWN ***
442c1a3f collected $0.1 from pot
*** SUMMARY ***
Total pot $0.1 | Rake $0 | Jackpot $0 | Bingo $0 | Fortune $0
Seat 1: Hero (big blind) folded before Flop
Seat 2: 5a24fbff folded before Flop (didn't bet)
Seat 3: 570ce2cf folded before Flop (didn't bet)
Seat 4: 7c6cf478 (button) folded before Flop (didn't bet)
Seat 6: 442c1a3f (small blind) collected ($0.1)


Poker Hand #HD1138801872: Hold'em No Limit  ($0.02/$0.05) - 2023/02/27 18:56:29
Table 'NLHBlue101' 6-max Seat #3 is the button
Seat 1: Hero ($5.49 in chips)
Seat 2: 5a24fbff ($5.22 in chips)
Seat 3: 570ce2cf ($10.62 in chips)
Seat 4: 7c6cf478 ($5.42 in chips)
Seat 6: 442c1a3f ($5.74 in chips)
7c6cf478: posts small blind $0.02
442c1a3f: posts big blind $0.05
*** HOLE CARDS ***
Dealt to Hero [9h 8c]
Dealt to 5a24fbff 
Dealt to 570ce2cf 
Dealt to 7c6cf478 
Dealt to 442c1a3f 
Hero: folds
5a24fbff: folds
570ce2cf: folds
7c6cf478: calls $0.03
442c1a3f: checks
*** FLOP *** [9c 8h 3s]
7c6cf478: bets $0.05
442c1a3f: calls $0.05
*** TURN *** [9c 8h 3s] [2s]
7c6cf478: bets $0.1
442c1a3f: folds
Uncalled bet ($0.1) returned to 7c6cf478
*** SHOWDOWN ***
7c6cf478 collected $0.19 from pot
*** SUMMARY ***
Total pot $0.2 | Rake $0.01 | Jackpot $0 | Bingo $0 | Fortune $0
Board [9c 8h 3s 2s]
Seat 1: Hero folded before Flop (didn't bet)
Seat 2: 5a24fbff folded before Flop (didn't bet)
Seat 3: 570ce2cf (button) folded before Flop (didn't bet)
Seat 4: 7c6cf478 (small blind) won ($0.19)
Seat 6: 442c1a3f (big blind) folded on the Turn


Poker Hand #HD1138801826: Hold'em No Limit  ($0.02/$0.05) - 2023/02/27 18:56:09
Table 'NLHBlue101' 6-max Seat #2 is the button
Seat 1: Hero ($5.49 in chips)
Seat 2: 5a24fbff ($5.22 in chips)
Seat 3: 570ce2cf ($10.64 in chips)
Seat 4: 7c6cf478 ($5.4 in chips)
Seat 6: 442c1a3f ($5.74 in chips)
570ce2cf: posts small blind $0.02
7c6cf478: posts big blind $0.05
*** HOLE CARDS ***
Dealt to Hero [Qs 8h]
Dealt to 5a24fbff 
Dealt to 570ce2cf 
Dealt to 7c6cf478 
Dealt to 442c1a3f 
442c1a3f: folds
Hero: folds
5a24fbff: folds
570ce2cf: folds
Uncalled bet ($0.03) returned to 7c6cf478
*** SHOWDOWN ***
7c6cf478 collected $0.04 from pot
*** SUMMARY ***
Total pot $0.04 | Rake $0 | Jackpot $0 | Bingo $0 | Fortune $0
Seat 1: Hero folded before Flop (didn't bet)
Seat 2: 5a24fbff (button) folded before Flop (didn't bet)
Seat 3: 570ce2cf (small blind) folded before Flop
Seat 4: 7c6cf478 (big blind) collected ($0.04)
Seat 6: 442c1a3f folded before Flop (didn't bet)


Poker Hand #HD1138801754: Hold'em No Limit  ($0.02/$0.05) - 2023/02/27 18:55:38
Table 'NLHBlue101' 6-max Seat #1 is the button
Seat 1: Hero ($5.49 in chips)
Seat 2: 5a24fbff ($5.24 in chips)
Seat 3: 570ce2cf ($10.69 in chips)
Seat 4: 7c6cf478 ($5.4 in chips)
Seat 6: 442c1a3f ($5.67 in chips)
5a24fbff: posts small blind $0.02
570ce2cf: posts big blind $0.05
*** HOLE CARDS ***
Dealt to Hero [Jd 8h]
Dealt to 5a24fbff 
Dealt to 570ce2cf 
Dealt to 7c6cf478 
Dealt to 442c1a3f 
7c6cf478: folds
442c1a3f: raises $0.08 to $0.13
Hero: folds
5a24fbff: folds
570ce2cf: folds
Uncalled bet ($0.08) returned to 442c1a3f
*** SHOWDOWN ***
442c1a3f collected $0.12 from pot
*** SUMMARY ***
Total pot $0.12 | Rake $0 | Jackpot $0 | Bingo $0 | Fortune $0
Seat 1: Hero (button) folded before Flop (didn't bet)
Seat 2: 5a24fbff (small blind) folded before Flop
Seat 3: 570ce2cf (big blind) folded before Flop
Seat 4: 7c6cf478 folded before Flop (didn't bet)
Seat 6: 442c1a3f collected ($0.12)


Poker Hand #HD1138801685: Hold'em No Limit  ($0.02/$0.05) - 2023/02/27 18:55:12
Table 'NLHBlue101' 6-max Seat #6 is the button
Seat 1: Hero ($5.44 in chips)
Seat 2: 5a24fbff ($5.29 in chips)
Seat 3: 570ce2cf ($10.69 in chips)
Seat 4: 7c6cf478 ($5.4 in chips)
Seat 6: 442c1a3f ($5.67 in chips)
Hero: posts small blind $0.02
5a24fbff: posts big blind $0.05
*** HOLE CARDS ***
Dealt to Hero [6h 5h]
Dealt to 5a24fbff 
Dealt to 570ce2cf 
Dealt to 7c6cf478 
Dealt to 442c1a3f 
570ce2cf: folds
7c6cf478: folds
442c1a3f: folds
Hero: raises $0.05 to $0.1
5a24fbff: folds
Uncalled bet ($0.05) returned to Hero
*** SHOWDOWN ***
Hero collected $0.1 from pot
*** SUMMARY ***
Total pot $0.1 | Rake $0 | Jackpot $0 | Bingo $0 | Fortune $0
Seat 1: Hero (small blind) collected ($0.1)
Seat 2: 5a24fbff (big blind) folded before Flop
Seat 3: 570ce2cf folded before Flop (didn't bet)
Seat 4: 7c6cf478 folded before Flop (didn't bet)
Seat 6: 442c1a3f (button) folded before Flop (didn't bet)


Poker Hand #HD1138801628: Hold'em No Limit  ($0.02/$0.05) - 2023/02/27 18:54:52
Table 'NLHBlue101' 6-max Seat #5 is the button
Seat 1: Hero ($5.49 in chips)
Seat 2: 5a24fbff ($5.29 in chips)
Seat 3: 570ce2cf ($10.62 in chips)
Seat 4: 7c6cf478 ($5.4 in chips)
Seat 5: 650f99b7 ($5.42 in chips)
Seat 6: 442c1a3f ($5.69 in chips)
442c1a3f: posts small blind $0.02
Hero: posts big blind $0.05
*** HOLE CARDS ***
Dealt to Hero [8c Qd]
Dealt to 5a24fbff 
Dealt to 570ce2cf 
Dealt to 7c6cf478 
Dealt to 650f99b7 
Dealt to 442c1a3f 
5a24fbff: folds
570ce2cf: raises $0.08 to $0.13
7c6cf478: folds
650f99b7: folds
442c1a3f: folds
Hero: folds
Uncalled bet ($0.08) returned to 570ce2cf
*** SHOWDOWN ***
570ce2cf collected $0.12 from pot
*** SUMMARY ***
Total pot $0.12 | Rake $0 | Jackpot $0 | Bingo $0 | Fortune $0
Seat 1: Hero (big blind) folded before Flop
Seat 2: 5a24fbff folded before Flop (didn't bet)
Seat 3: 570ce2cf collected ($0.12)
Seat 4: 7c6cf478 folded before Flop (didn't bet)
Seat 5: 650f99b7 (button) folded before Flop (didn't bet)
Seat 6: 442c1a3f (small blind) folded before Flop


Poker Hand #HD1138801526: Hold'em No Limit  ($0.02/$0.05) - 2023/02/27 18:54:12
Table 'NLHBlue101' 6-max Seat #4 is the button
Seat 1: Hero ($5.49 in chips)
Seat 2: 5a24fbff ($5.42 in chips)
Seat 3: 570ce2cf ($10.43 in chips)
Seat 4: 7c6cf478 ($5.4 in chips)
Seat 5: 650f99b7 ($5.44 in chips)
Seat 6: 442c1a3f ($5.74 in chips)
650f99b7: posts small blind $0.02
442c1a3f: posts big blind $0.05
*** HOLE CARDS ***
Dealt to Hero [Js 2c]
Dealt to 5a24fbff 
Dealt to 570ce2cf 
Dealt to 7c6cf478 
Dealt to 650f99b7 
Dealt to 442c1a3f 
Hero: folds
5a24fbff: raises $0.08 to $0.13
570ce2cf: raises $0.22 to $0.35
7c6cf478: folds
650f99b7: folds
442c1a3f: folds
5a24fbff: folds
Uncalled bet ($0.22) returned to 570ce2cf
*** SHOWDOWN ***
570ce2cf collected $0.32 from pot
*** SUMMARY ***
Total pot $0.33 | Rake $0.01 | Jackpot $0 | Bingo $0 | Fortune $0
Seat 1: Hero folded before Flop (didn't bet)
Seat 2: 5a24fbff folded before Flop
Seat 3: 570ce2cf collected ($0.32)
Seat 4: 7c6cf478 (button) folded before Flop (didn't bet)
Seat 5: 650f99b7 (small blind) folded before Flop
Seat 6: 442c1a3f (big blind) folded before Flop


Poker Hand #HD1138801399: Hold'em No Limit  ($0.02/$0.05) - 2023/02/27 18:53:19
Table 'NLHBlue101' 6-max Seat #3 is the button
Seat 1: Hero ($5.49 in chips)
Seat 2: 5a24fbff ($5.42 in chips)
Seat 3: 570ce2cf ($10.8 in chips)
Seat 4: 7c6cf478 ($5.02 in chips)
Seat 5: 650f99b7 ($5.49 in chips)
Seat 6: 442c1a3f ($5.74 in chips)
7c6cf478: posts small blind $0.02
650f99b7: posts big blind $0.05
*** HOLE CARDS ***
Dealt to Hero [4s Qs]
Dealt to 5a24fbff 
Dealt to 570ce2cf 
Dealt to 7c6cf478 
Dealt to 650f99b7 
Dealt to 442c1a3f 
442c1a3f: folds
Hero: folds
5a24fbff: folds
570ce2cf: raises $0.08 to $0.13
7c6cf478: raises $0.24 to $0.37
650f99b7: folds
570ce2cf: calls $0.24
*** FLOP *** [Qh 7h 8d]
7c6cf478: bets $0.4
570ce2cf: folds
Uncalled bet ($0.4) returned to 7c6cf478
*** SHOWDOWN ***
7c6cf478 collected $0.75 from pot
*** SUMMARY ***
Total pot $0.79 | Rake $0.04 | Jackpot $0 | Bingo $0 | Fortune $0
Board [Qh 7h 8d]
Seat 1: Hero folded before Flop (didn't bet)
Seat 2: 5a24fbff folded before Flop (didn't bet)
Seat 3: 570ce2cf (button) folded on the Flop
Seat 4: 7c6cf478 (small blind) won ($0.75)
Seat 5: 650f99b7 (big blind) folded before Flop
Seat 6: 442c1a3f folded before Flop (didn't bet)


Poker Hand #HD1138801287: Hold'em No Limit  ($0.02/$0.05) - 2023/02/27 18:52:36
Table 'NLHBlue101' 6-max Seat #2 is the button
Seat 1: Hero ($5.49 in chips)
Seat 2: 5a24fbff ($5.42 in chips)
Seat 3: 570ce2cf ($10.93 in chips)
Seat 4: 7c6cf478 ($5.07 in chips)
Seat 5: 650f99b7 ($5.32 in chips)
Seat 6: 442c1a3f ($5.74 in chips)
570ce2cf: posts small blind $0.02
7c6cf478: posts big blind $0.05
*** HOLE CARDS ***
Dealt to Hero [7h 4d]
Dealt to 5a24fbff 
Dealt to 570ce2cf 
Dealt to 7c6cf478 
Dealt to 650f99b7 
Dealt to 442c1a3f 
650f99b7: raises $0.08 to $0.13
442c1a3f: folds
Hero: folds
5a24fbff: folds
570ce2cf: calls $0.11
7c6cf478: folds
*** FLOP *** [Jh Kc 4c]
570ce2cf: checks
650f99b7: checks
*** TURN *** [Jh Kc 4c] [3s]
570ce2cf: checks
650f99b7: checks
*** RIVER *** [Jh Kc 4c 3s] [2d]
570ce2cf: checks
650f99b7: checks
570ce2cf: shows [As Qd] (Ace-High)
650f99b7: shows [Ah 2h] (Pair of Twos)
*** SHOWDOWN ***
650f99b7 collected $0.3 from pot
*** SUMMARY ***
Total pot $0.31 | Rake $0.01 | Jackpot $0 | Bingo $0 | Fortune $0
Board [Jh Kc 4c 3s 2d]
Seat 1: Hero folded before Flop (didn't bet)
Seat 2: 5a24fbff (button) folded before Flop (didn't bet)
Seat 3: 570ce2cf (small blind) showed [As Qd] and lost with Ace-High
Seat 4: 7c6cf478 (big blind) folded before Flop
Seat 5: 650f99b7 showed [Ah 2h] and won ($0.3) with Pair of Twos
Seat 6: 442c1a3f folded before Flop (didn't bet)


Poker Hand #HD1138801168: Hold'em No Limit  ($0.02/$0.05) - 2023/02/27 18:51:50
Table 'NLHBlue101' 6-max Seat #1 is the button
Seat 1: Hero ($5.61 in chips)
Seat 2: 5a24fbff ($4.95 in chips)
Seat 3: 570ce2cf ($11.32 in chips)
Seat 4: 7c6cf478 ($5.07 in chips)
Seat 5: 650f99b7 ($5.32 in chips)
Seat 6: 442c1a3f ($5.74 in chips)
5a24fbff: posts small blind $0.02
570ce2cf: posts big blind $0.05
*** HOLE CARDS ***
Dealt to Hero [Ts Kc]
Dealt to 5a24fbff 
Dealt to 570ce2cf 
Dealt to 7c6cf478 
Dealt to 650f99b7 
Dealt to 442c1a3f 
7c6cf478: folds
650f99b7: folds
442c1a3f: folds
Hero: raises $0.07 to $0.12
5a24fbff: raises $0.27 to $0.39
570ce2cf: calls $0.34
Hero: folds
*** FLOP *** [2d 8s 5d]
5a24fbff: bets $0.6
570ce2cf: folds
Uncalled bet ($0.6) returned to 5a24fbff
*** SHOWDOWN ***
5a24fbff collected $0.86 from pot
*** SUMMARY ***
Total pot $0.9 | Rake $0.04 | Jackpot $0 | Bingo $0 | Fortune $0
Board [2d 8s 5d]
Seat 1: Hero (button) folded before Flop
Seat 2: 5a24fbff (small blind) won ($0.86)
Seat 3: 570ce2cf (big blind) folded on the Flop
Seat 4: 7c6cf478 folded before Flop (didn't bet)
Seat 5: 650f99b7 folded before Flop (didn't bet)
Seat 6: 442c1a3f folded before Flop (didn't bet)


Poker Hand #HD1138801105: Hold'em No Limit  ($0.02/$0.05) - 2023/02/27 18:51:24
Table 'NLHBlue101' 6-max Seat #6 is the button
Seat 1: Hero ($5.63 in chips)
Seat 2: 5a24fbff ($5 in chips)
Seat 3: 570ce2cf ($11.32 in chips)
Seat 4: 7c6cf478 ($5 in chips)
Seat 5: 650f99b7 ($5.32 in chips)
Seat 6: 442c1a3f ($5.74 in chips)
Hero: posts small blind $0.02
5a24fbff: posts big blind $0.05
*** HOLE CARDS ***
Dealt to Hero [Ah 6s]
Dealt to 5a24fbff 
Dealt to 570ce2cf 
Dealt to 7c6cf478 
Dealt to 650f99b7 
Dealt to 442c1a3f 
570ce2cf: folds
7c6cf478: raises $0.1 to $0.15
650f99b7: folds
442c1a3f: folds
Hero: folds
5a24fbff: folds
Uncalled bet ($0.1) returned to 7c6cf478
*** SHOWDOWN ***
7c6cf478 collected $0.12 from pot
*** SUMMARY ***
Total pot $0.12 | Rake $0 | Jackpot $0 | Bingo $0 | Fortune $0
Seat 1: Hero (small blind) folded before Flop
Seat 2: 5a24fbff (big blind) folded before Flop
Seat 3: 570ce2cf folded before Flop (didn't bet)
Seat 4: 7c6cf478 collected ($0.12)
Seat 5: 650f99b7 folded before Flop (didn't bet)
Seat 6: 442c1a3f (button) folded before Flop (didn't bet)


Poker Hand #HD1138801041: Hold'em No Limit  ($0.02/$0.05) - 2023/02/27 18:51:01
Table 'NLHBlue101' 6-max Seat #5 is the button
Seat 1: Hero ($5.68 in chips)
Seat 2: 5a24fbff ($5 in chips)
Seat 3: 570ce2cf ($11.32 in chips)
Seat 4: 7c6cf478 ($5 in chips)
Seat 5: 650f99b7 ($5.32 in chips)
Seat 6: 442c1a3f ($5.69 in chips)
442c1a3f: posts small blind $0.02
Hero: posts big blind $0.05
*** HOLE CARDS ***
Dealt to Hero [7d 4s]
Dealt to 5a24fbff 
Dealt to 570ce2cf 
Dealt to 7c6cf478 
Dealt to 650f99b7 
Dealt to 442c1a3f 
5a24fbff: folds
570ce2cf: folds
7c6cf478: folds
650f99b7: folds
442c1a3f: raises $0.1 to $0.15
Hero: folds
Uncalled bet ($0.1) returned to 442c1a3f
*** SHOWDOWN ***
442c1a3f collected $0.1 from pot
*** SUMMARY ***
Total pot $0.1 | Rake $0 | Jackpot $0 | Bingo $0 | Fortune $0
Seat 1: Hero (big blind) folded before Flop
Seat 2: 5a24fbff folded before Flop (didn't bet)
Seat 3: 570ce2cf folded before Flop (didn't bet)
Seat 4: 7c6cf478 folded before Flop (didn't bet)
Seat 5: 650f99b7 (button) folded before Flop (didn't bet)
Seat 6: 442c1a3f (small blind) collected ($0.1)


Poker Hand #HD1138800953: Hold'em No Limit  ($0.02/$0.05) - 2023/02/27 18:50:27
Table 'NLHBlue101' 6-max Seat #4 is the button
Seat 1: Hero ($5.68 in chips)
Seat 2: 5a24fbff ($4.95 in chips)
Seat 3: 570ce2cf ($11.32 in chips)
Seat 4: 7c6cf478 ($5 in chips)
Seat 5: 650f99b7 ($5.2 in chips)
Seat 6: 442c1a3f ($5.82 in chips)
650f99b7: posts small blind $0.02
442c1a3f: posts big blind $0.05
*** HOLE CARDS ***
Dealt to Hero [6c Qc]
Dealt to 5a24fbff 
Dealt to 570ce2cf 
Dealt to 7c6cf478 
Dealt to 650f99b7 
Dealt to 442c1a3f 
Hero: folds
5a24fbff: folds
570ce2cf: folds
7c6cf478: folds
650f99b7: raises $0.08 to $0.13
442c1a3f: calls $0.08
*** FLOP *** [3d 5d Jd]
650f99b7: bets $0.09
442c1a3f: folds
Uncalled bet ($0.09) returned to 650f99b7
*** SHOWDOWN ***
650f99b7 collected $0.25 from pot
*** SUMMARY ***
Total pot $0.26 | Rake $0.01 | Jackpot $0 | Bingo $0 | Fortune $0
Board [3d 5d Jd]
Seat 1: Hero folded before Flop (didn't bet)
Seat 2: 5a24fbff folded before Flop (didn't bet)
Seat 3: 570ce2cf folded before Flop (didn't bet)
Seat 4: 7c6cf478 (button) folded before Flop (didn't bet)
Seat 5: 650f99b7 (small blind) won ($0.25)
Seat 6: 442c1a3f (big blind) folded on the Flop


Poker Hand #HD1138800851: Hold'em No Limit  ($0.02/$0.05) - 2023/02/27 18:49:47
Table 'NLHBlue101' 6-max Seat #3 is the button
Seat 1: Hero ($5.8 in chips)
Seat 2: 5a24fbff ($4.95 in chips)
Seat 3: 570ce2cf ($11.32 in chips)
Seat 4: 7c6cf478 ($5 in chips)
Seat 5: 650f99b7 ($5.07 in chips)
Seat 6: 442c1a3f ($5.82 in chips)
7c6cf478: posts small blind $0.02
650f99b7: posts big blind $0.05
*** HOLE CARDS ***
Dealt to Hero [6d 6h]
Dealt to 5a24fbff 
Dealt to 570ce2cf 
Dealt to 7c6cf478 
Dealt to 650f99b7 
Dealt to 442c1a3f 
442c1a3f: folds
Hero: raises $0.07 to $0.12
5a24fbff: folds
570ce2cf: folds
7c6cf478: folds
650f99b7: calls $0.07
*** FLOP *** [Js As 9d]
650f99b7: bets $0.09
Hero: folds
Uncalled bet ($0.09) returned to 650f99b7
*** SHOWDOWN ***
650f99b7 collected $0.25 from pot
*** SUMMARY ***
Total pot $0.26 | Rake $0.01 | Jackpot $0 | Bingo $0 | Fortune $0
Board [Js As 9d]
Seat 1: Hero folded on the Flop
Seat 2: 5a24fbff folded before Flop (didn't bet)
Seat 3: 570ce2cf (button) folded before Flop (didn't bet)
Seat 4: 7c6cf478 (small blind) folded before Flop
Seat 5: 650f99b7 (big blind) won ($0.25)
Seat 6: 442c1a3f folded before Flop (didn't bet)


Poker Hand #HD1138800705: Hold'em No Limit  ($0.02/$0.05) - 2023/02/27 18:48:51
Table 'NLHBlue101' 6-max Seat #2 is the button
Seat 1: Hero ($5.8 in chips)
Seat 2: 5a24fbff ($5.31 in chips)
Seat 3: 570ce2cf ($11.34 in chips)
Seat 4: 7c6cf478 ($5 in chips)
Seat 5: 650f99b7 ($5.07 in chips)
Seat 6: 442c1a3f ($5.43 in chips)
570ce2cf: posts small blind $0.02
7c6cf478: posts big blind $0.05
*** HOLE CARDS ***
Dealt to Hero [6c 3h]
Dealt to 5a24fbff 
Dealt to 570ce2cf 
Dealt to 7c6cf478 
Dealt to 650f99b7 
Dealt to 442c1a3f 
650f99b7: folds
442c1a3f: raises $0.08 to $0.13
Hero: folds
5a24fbff: calls $0.13
570ce2cf: folds
7c6cf478: folds
*** FLOP *** [Jh Th 5d]
442c1a3f: bets $0.23
5a24fbff: calls $0.23
*** TURN *** [Jh Th 5d] [4d]
442c1a3f: bets $0.53
5a24fbff: folds
Uncalled bet ($0.53) returned to 442c1a3f
*** SHOWDOWN ***
442c1a3f collected $0.75 from pot
*** SUMMARY ***
Total pot $0.79 | Rake $0.04 | Jackpot $0 | Bingo $0 | Fortune $0
Board [Jh Th 5d 4d]
Seat 1: Hero folded before Flop (didn't bet)
Seat 2: 5a24fbff (button) folded on the Turn
Seat 3: 570ce2cf (small blind) folded before Flop
Seat 4: 7c6cf478 (big blind) folded before Flop
Seat 5: 650f99b7 folded before Flop (didn't bet)
Seat 6: 442c1a3f won ($0.75)


Poker Hand #HD1138800657: Hold'em No Limit  ($0.02/$0.05) - 2023/02/27 18:48:32
Table 'NLHBlue101' 6-max Seat #1 is the button
Seat 1: Hero ($5.73 in chips)
Seat 2: 5a24fbff ($5.33 in chips)
Seat 3: 570ce2cf ($11.39 in chips)
Seat 4: 7c6cf478 ($5 in chips)
Seat 5: 650f99b7 ($5.07 in chips)
Seat 6: 442c1a3f ($5.43 in chips)
5a24fbff: posts small blind $0.02
570ce2cf: posts big blind $0.05
*** HOLE CARDS ***
Dealt to Hero [Qc Ac]
Dealt to 5a24fbff 
Dealt to 570ce2cf 
Dealt to 7c6cf478 
Dealt to 650f99b7 
Dealt to 442c1a3f 
7c6cf478: folds
650f99b7: folds
442c1a3f: folds
Hero: raises $0.07 to $0.12
5a24fbff: folds
570ce2cf: folds
Uncalled bet ($0.07) returned to Hero
*** SHOWDOWN ***
Hero collected $0.12 from pot
*** SUMMARY ***
Total pot $0.12 | Rake $0 | Jackpot $0 | Bingo $0 | Fortune $0
Seat 1: Hero (button) collected ($0.12)
Seat 2: 5a24fbff (small blind) folded before Flop
Seat 3: 570ce2cf (big blind) folded before Flop
Seat 4: 7c6cf478 folded before Flop (didn't bet)
Seat 5: 650f99b7 folded before Flop (didn't bet)
Seat 6: 442c1a3f folded before Flop (didn't bet)


Poker Hand #HD1138800578: Hold'em No Limit  ($0.02/$0.05) - 2023/02/27 18:47:59
Table 'NLHBlue101' 6-max Seat #6 is the button
Seat 1: Hero ($5.75 in chips)
Seat 2: 5a24fbff ($5.38 in chips)
Seat 3: 570ce2cf ($11.32 in chips)
Seat 4: 7c6cf478 ($5 in chips)
Seat 5: 650f99b7 ($5.07 in chips)
Seat 6: 442c1a3f ($5.43 in chips)
Hero: posts small blind $0.02
5a24fbff: posts big blind $0.05
*** HOLE CARDS ***
Dealt to Hero [Jh 4h]
Dealt to 5a24fbff 
Dealt to 570ce2cf 
Dealt to 7c6cf478 
Dealt to 650f99b7 
Dealt to 442c1a3f 
570ce2cf: raises $0.08 to $0.13
7c6cf478: folds
650f99b7: folds
442c1a3f: folds
Hero: folds
5a24fbff: folds
Uncalled bet ($0.08) returned to 570ce2cf
*** SHOWDOWN ***
570ce2cf collected $0.12 from pot
*** SUMMARY ***
Total pot $0.12 | Rake $0 | Jackpot $0 | Bingo $0 | Fortune $0
Seat 1: Hero (small blind) folded before Flop
Seat 2: 5a24fbff (big blind) folded before Flop
Seat 3: 570ce2cf collected ($0.12)
Seat 4: 7c6cf478 folded before Flop (didn't bet)
Seat 5: 650f99b7 folded before Flop (didn't bet)
Seat 6: 442c1a3f (button) folded before Flop (didn't bet)


Poker Hand #HD1138800515: Hold'em No Limit  ($0.02/$0.05) - 2023/02/27 18:47:30
Table 'NLHBlue101' 6-max Seat #5 is the button
Seat 1: Hero ($5.8 in chips)
Seat 2: 5a24fbff ($5.38 in chips)
Seat 3: 570ce2cf ($11.32 in chips)
Seat 4: 7c6cf478 ($5 in chips)
Seat 5: 650f99b7 ($5 in chips)
Seat 6: 442c1a3f ($5.45 in chips)
442c1a3f: posts small blind $0.02
Hero: posts big blind $0.05
*** HOLE CARDS ***
Dealt to Hero [5c Jd]
Dealt to 5a24fbff 
Dealt to 570ce2cf 
Dealt to 7c6cf478 
Dealt to 650f99b7 
Dealt to 442c1a3f 
5a24fbff: folds
570ce2cf: folds
7c6cf478: folds
650f99b7: raises $0.08 to $0.13
442c1a3f: folds
Hero: folds
Uncalled bet ($0.08) returned to 650f99b7
*** SHOWDOWN ***
650f99b7 collected $0.12 from pot
*** SUMMARY ***
Total pot $0.12 | Rake $0 | Jackpot $0 | Bingo $0 | Fortune $0
Seat 1: Hero (big blind) folded before Flop
Seat 2: 5a24fbff folded before Flop (didn't bet)
Seat 3: 570ce2cf folded before Flop (didn't bet)
Seat 4: 7c6cf478 folded before Flop (didn't bet)
Seat 5: 650f99b7 (button) collected ($0.12)
Seat 6: 442c1a3f (small blind) folded before Flop


Poker Hand #HD1138800450: Hold'em No Limit  ($0.02/$0.05) - 2023/02/27 18:47:08
Table 'NLHBlue101' 6-max Seat #4 is the button
Seat 1: Hero ($5.8 in chips)
Seat 2: 5a24fbff ($5.38 in chips)
Seat 3: 570ce2cf ($11.25 in chips)
Seat 4: 7c6cf478 ($5 in chips)
Seat 5: 650f99b7 ($5.02 in chips)
Seat 6: 442c1a3f ($5.5 in chips)
650f99b7: posts small blind $0.02
442c1a3f: posts big blind $0.05
*** HOLE CARDS ***
Dealt to Hero [Qh 4h]
Dealt to 5a24fbff 
Dealt to 570ce2cf 
Dealt to 7c6cf478 
Dealt to 650f99b7 
Dealt to 442c1a3f 
Hero: folds
5a24fbff: folds
570ce2cf: raises $0.08 to $0.13
7c6cf478: folds
650f99b7: folds
442c1a3f: folds
Uncalled bet ($0.08) returned to 570ce2cf
*** SHOWDOWN ***
570ce2cf collected $0.12 from pot
*** SUMMARY ***
Total pot $0.12 | Rake $0 | Jackpot $0 | Bingo $0 | Fortune $0
Seat 1: Hero folded before Flop (didn't bet)
Seat 2: 5a24fbff folded before Flop (didn't bet)
Seat 3: 570ce2cf collected ($0.12)
Seat 4: 7c6cf478 (button) folded before Flop (didn't bet)
Seat 5: 650f99b7 (small blind) folded before Flop
Seat 6: 442c1a3f (big blind) folded before Flop


Poker Hand #HD1138800394: Hold'em No Limit  ($0.02/$0.05) - 2023/02/27 18:46:42
Table 'NLHBlue101' 6-max Seat #3 is the button
Seat 1: Hero ($5.8 in chips)
Seat 2: 5a24fbff ($5.31 in chips)
Seat 3: 570ce2cf ($11.25 in chips)
Seat 4: 7c6cf478 ($5.02 in chips)
Seat 5: 650f99b7 ($5.07 in chips)
Seat 6: 442c1a3f ($5.5 in chips)
7c6cf478: posts small blind $0.02
650f99b7: posts big blind $0.05
*** HOLE CARDS ***
Dealt to Hero [Th 7c]
Dealt to 5a24fbff 
Dealt to 570ce2cf 
Dealt to 7c6cf478 
Dealt to 650f99b7 
Dealt to 442c1a3f 
442c1a3f: folds
Hero: folds
5a24fbff: raises $0.08 to $0.13
570ce2cf: folds
7c6cf478: folds
650f99b7: folds
Uncalled bet ($0.08) returned to 5a24fbff
*** SHOWDOWN ***
5a24fbff collected $0.12 from pot
*** SUMMARY ***
Total pot $0.12 | Rake $0 | Jackpot $0 | Bingo $0 | Fortune $0
Seat 1: Hero folded before Flop (didn't bet)
Seat 2: 5a24fbff collected ($0.12)
Seat 3: 570ce2cf (button) folded before Flop (didn't bet)
Seat 4: 7c6cf478 (small blind) folded before Flop
Seat 5: 650f99b7 (big blind) folded before Flop
Seat 6: 442c1a3f folded before Flop (didn't bet)


Poker Hand #HD1138800197: Hold'em No Limit  ($0.02/$0.05) - 2023/02/27 18:45:25
Table 'NLHBlue101' 6-max Seat #2 is the button
Seat 1: Hero ($5.8 in chips)
Seat 2: 5a24fbff ($5 in chips)
Seat 3: 570ce2cf ($11.54 in chips)
Seat 4: 7c6cf478 ($5.07 in chips)
Seat 5: 650f99b7 ($5.07 in chips)
Seat 6: 442c1a3f ($5.5 in chips)
570ce2cf: posts small blind $0.02
7c6cf478: posts big blind $0.05
*** HOLE CARDS ***
Dealt to Hero [7c Kd]
Dealt to 5a24fbff 
Dealt to 570ce2cf 
Dealt to 7c6cf478 
Dealt to 650f99b7 
Dealt to 442c1a3f 
650f99b7: folds
442c1a3f: folds
Hero: folds
5a24fbff: raises $0.08 to $0.13
570ce2cf: calls $0.11
7c6cf478: folds
*** FLOP *** [Th 2h Qs]
570ce2cf: checks
5a24fbff: bets $0.16
570ce2cf: calls $0.16
*** TURN *** [Th 2h Qs] [Ts]
570ce2cf: checks
5a24fbff: checks
*** RIVER *** [Th 2h Qs Ts] [5s]
570ce2cf: checks
5a24fbff: checks
570ce2cf: shows [3h 4h] (Pair of Tens)
5a24fbff: shows [Kc 2c] (Pair of Tens and Pair of Twos)
*** SHOWDOWN ***
5a24fbff collected $0.6 from pot
*** SUMMARY ***
Total pot $0.63 | Rake $0.03 | Jackpot $0 | Bingo $0 | Fortune $0
Board [Th 2h Qs Ts 5s]
Seat 1: Hero folded before Flop (didn't bet)
Seat 2: 5a24fbff (button) showed [Kc 2c] and won ($0.6) with Pair of Tens and Pair of Twos
Seat 3: 570ce2cf (small blind) showed [3h 4h] and lost with Pair of Tens
Seat 4: 7c6cf478 (big blind) folded before Flop
Seat 5: 650f99b7 folded before Flop (didn't bet)
Seat 6: 442c1a3f folded before Flop (didn't bet)


Poker Hand #HD1138800150: Hold'em No Limit  ($0.02/$0.05) - 2023/02/27 18:45:05
Table 'NLHBlue101' 6-max Seat #1 is the button
Seat 1: Hero ($5.8 in chips)
Seat 2: 5a24fbff ($4.95 in chips)
Seat 3: 570ce2cf ($11.59 in chips)
Seat 4: 7c6cf478 ($5 in chips)
Seat 5: 650f99b7 ($5.07 in chips)
Seat 6: 442c1a3f ($5.5 in chips)
5a24fbff: posts small blind $0.02
570ce2cf: posts big blind $0.05
*** HOLE CARDS ***
Dealt to Hero [5c 8h]
Dealt to 5a24fbff 
Dealt to 570ce2cf 
Dealt to 7c6cf478 
Dealt to 650f99b7 
Dealt to 442c1a3f 
7c6cf478: raises $0.1 to $0.15
650f99b7: folds
442c1a3f: folds
Hero: folds
5a24fbff: folds
570ce2cf: folds
Uncalled bet ($0.1) returned to 7c6cf478
*** SHOWDOWN ***
7c6cf478 collected $0.12 from pot
*** SUMMARY ***
Total pot $0.12 | Rake $0 | Jackpot $0 | Bingo $0 | Fortune $0
Seat 1: Hero (button) folded before Flop (didn't bet)
Seat 2: 5a24fbff (small blind) folded before Flop
Seat 3: 570ce2cf (big blind) folded before Flop
Seat 4: 7c6cf478 collected ($0.12)
Seat 5: 650f99b7 folded before Flop (didn't bet)
Seat 6: 442c1a3f folded before Flop (didn't bet)


Poker Hand #HD1138800096: Hold'em No Limit  ($0.02/$0.05) - 2023/02/27 18:44:41
Table 'NLHBlue101' 6-max Seat #6 is the button
Seat 1: Hero ($5.82 in chips)
Seat 2: 5a24fbff ($5 in chips)
Seat 3: 570ce2cf ($11.59 in chips)
Seat 4: 7c6cf478 ($5 in chips)
Seat 5: 650f99b7 ($5.07 in chips)
Seat 6: 442c1a3f ($5.43 in chips)
Hero: posts small blind $0.02
5a24fbff: posts big blind $0.05
*** HOLE CARDS ***
Dealt to Hero [4c 2s]
Dealt to 5a24fbff 
Dealt to 570ce2cf 
Dealt to 7c6cf478 
Dealt to 650f99b7 
Dealt to 442c1a3f 
570ce2cf: folds
7c6cf478: folds
650f99b7: folds
442c1a3f: raises $0.1 to $0.15
Hero: folds
5a24fbff: folds
Uncalled bet ($0.1) returned to 442c1a3f
*** SHOWDOWN ***
442c1a3f collected $0.12 from pot
*** SUMMARY ***
Total pot $0.12 | Rake $0 | Jackpot $0 | Bingo $0 | Fortune $0
Seat 1: Hero (small blind) folded before Flop
Seat 2: 5a24fbff (big blind) folded before Flop
Seat 3: 570ce2cf folded before Flop (didn't bet)
Seat 4: 7c6cf478 folded before Flop (didn't bet)
Seat 5: 650f99b7 folded before Flop (didn't bet)
Seat 6: 442c1a3f (button) collected ($0.12)


Poker Hand #HD1138800058: Hold'em No Limit  ($0.02/$0.05) - 2023/02/27 18:44:27
Table 'NLHBlue101' 6-max Seat #5 is the button
Seat 1: Hero ($5.87 in chips)
Seat 2: 5a24fbff ($5 in chips)
Seat 3: 570ce2cf ($11.52 in chips)
Seat 4: 7c6cf478 ($5 in chips)
Seat 5: 650f99b7 ($5.07 in chips)
Seat 6: 442c1a3f ($5.45 in chips)
442c1a3f: posts small blind $0.02
Hero: posts big blind $0.05
*** HOLE CARDS ***
Dealt to Hero [Ts 7h]
Dealt to 5a24fbff 
Dealt to 570ce2cf 
Dealt to 7c6cf478 
Dealt to 650f99b7 
Dealt to 442c1a3f 
5a24fbff: folds
570ce2cf: raises $0.08 to $0.13
7c6cf478: folds
650f99b7: folds
442c1a3f: folds
Hero: folds
Uncalled bet ($0.08) returned to 570ce2cf
*** SHOWDOWN ***
570ce2cf collected $0.12 from pot
*** SUMMARY ***
Total pot $0.12 | Rake $0 | Jackpot $0 | Bingo $0 | Fortune $0
Seat 1: Hero (big blind) folded before Flop
Seat 2: 5a24fbff folded before Flop (didn't bet)
Seat 3: 570ce2cf collected ($0.12)
Seat 4: 7c6cf478 folded before Flop (didn't bet)
Seat 5: 650f99b7 (button) folded before Flop (didn't bet)
Seat 6: 442c1a3f (small blind) folded before Flop


Poker Hand #HD1138799978: Hold'em No Limit  ($0.02/$0.05) - 2023/02/27 18:43:55
Table 'NLHBlue101' 6-max Seat #4 is the button
Seat 1: Hero ($5.87 in chips)
Seat 2: 5a24fbff ($5 in chips)
Seat 3: 570ce2cf ($11.52 in chips)
Seat 4: 7c6cf478 ($5.11 in chips)
Seat 5: 650f99b7 ($5.09 in chips)
Seat 6: 442c1a3f ($5.29 in chips)
650f99b7: posts small blind $0.02
442c1a3f: posts big blind $0.05
*** HOLE CARDS ***
Dealt to Hero [8s Kd]
Dealt to 5a24fbff 
Dealt to 570ce2cf 
Dealt to 7c6cf478 
Dealt to 650f99b7 
Dealt to 442c1a3f 
Hero: folds
5a24fbff: folds
570ce2cf: folds
7c6cf478: raises $0.1 to $0.15
650f99b7: folds
442c1a3f: raises $0.45 to $0.6
7c6cf478: folds
Uncalled bet ($0.45) returned to 442c1a3f
*** SHOWDOWN ***
442c1a3f collected $0.31 from pot
*** SUMMARY ***
Total pot $0.32 | Rake $0.01 | Jackpot $0 | Bingo $0 | Fortune $0
Seat 1: Hero folded before Flop (didn't bet)
Seat 2: 5a24fbff folded before Flop (didn't bet)
Seat 3: 570ce2cf folded before Flop (didn't bet)
Seat 4: 7c6cf478 (button) folded before Flop
Seat 5: 650f99b7 (small blind) folded before Flop
Seat 6: 442c1a3f (big blind) collected ($0.31)


Poker Hand #HD1138799947: Hold'em No Limit  ($0.02/$0.05) - 2023/02/27 18:43:39
Table 'NLHBlue101' 6-max Seat #3 is the button
Seat 1: Hero ($5.87 in chips)
Seat 2: 5a24fbff ($5 in chips)
Seat 3: 570ce2cf ($11.52 in chips)
Seat 4: 7c6cf478 ($5.13 in chips)
Seat 5: 650f99b7 ($5.07 in chips)
Seat 6: 442c1a3f ($5.29 in chips)
7c6cf478: posts small blind $0.02
650f99b7: posts big blind $0.05
*** HOLE CARDS ***
Dealt to Hero [4c Jh]
Dealt to 5a24fbff 
Dealt to 570ce2cf 
Dealt to 7c6cf478 
Dealt to 650f99b7 
Dealt to 442c1a3f 
442c1a3f: folds
Hero: folds
5a24fbff: folds
570ce2cf: folds
7c6cf478: folds
Uncalled bet ($0.03) returned to 650f99b7
*** SHOWDOWN ***
650f99b7 collected $0.04 from pot
*** SUMMARY ***
Total pot $0.04 | Rake $0 | Jackpot $0 | Bingo $0 | Fortune $0
Seat 1: Hero folded before Flop (didn't bet)
Seat 2: 5a24fbff folded before Flop (didn't bet)
Seat 3: 570ce2cf (button) folded before Flop (didn't bet)
Seat 4: 7c6cf478 (small blind) folded before Flop
Seat 5: 650f99b7 (big blind) collected ($0.04)
Seat 6: 442c1a3f folded before Flop (didn't bet)


Poker Hand #HD1138799899: Hold'em No Limit  ($0.02/$0.05) - 2023/02/27 18:43:21
Table 'NLHBlue101' 6-max Seat #2 is the button
Seat 1: Hero ($5.87 in chips)
Seat 2: 5a24fbff ($5 in chips)
Seat 3: 570ce2cf ($11.54 in chips)
Seat 4: 7c6cf478 ($5.11 in chips)
Seat 5: 650f99b7 ($5.07 in chips)
Seat 6: 442c1a3f ($5.29 in chips)
570ce2cf: posts small blind $0.02
7c6cf478: posts big blind $0.05
*** HOLE CARDS ***
Dealt to Hero [3s Jc]
Dealt to 5a24fbff 
Dealt to 570ce2cf 
Dealt to 7c6cf478 
Dealt to 650f99b7 
Dealt to 442c1a3f 
650f99b7: folds
442c1a3f: folds
Hero: folds
5a24fbff: folds
570ce2cf: folds
Uncalled bet ($0.03) returned to 7c6cf478
*** SHOWDOWN ***
7c6cf478 collected $0.04 from pot
*** SUMMARY ***
Total pot $0.04 | Rake $0 | Jackpot $0 | Bingo $0 | Fortune $0
Seat 1: Hero folded before Flop (didn't bet)
Seat 2: 5a24fbff (button) folded before Flop (didn't bet)
Seat 3: 570ce2cf (small blind) folded before Flop
Seat 4: 7c6cf478 (big blind) collected ($0.04)
Seat 5: 650f99b7 folded before Flop (didn't bet)
Seat 6: 442c1a3f folded before Flop (didn't bet)


Poker Hand #HD1138799852: Hold'em No Limit  ($0.02/$0.05) - 2023/02/27 18:43:01
Table 'NLHBlue101' 6-max Seat #1 is the button
Seat 1: Hero ($5.87 in chips)
Seat 2: 5a24fbff ($4.95 in chips)
Seat 3: 570ce2cf ($11.59 in chips)
Seat 4: 7c6cf478 ($5.11 in chips)
Seat 5: 650f99b7 ($5.07 in chips)
Seat 6: 442c1a3f ($5.29 in chips)
5a24fbff: posts small blind $0.02
570ce2cf: posts big blind $0.05
*** HOLE CARDS ***
Dealt to Hero [Js 8d]
Dealt to 5a24fbff 
Dealt to 570ce2cf 
Dealt to 7c6cf478 
Dealt to 650f99b7 
Dealt to 442c1a3f 
7c6cf478: folds
650f99b7: folds
442c1a3f: folds
Hero: folds
5a24fbff: raises $0.1 to $0.15
570ce2cf: folds
Uncalled bet ($0.1) returned to 5a24fbff
*** SHOWDOWN ***
5a24fbff collected $0.1 from pot
*** SUMMARY ***
Total pot $0.1 | Rake $0 | Jackpot $0 | Bingo $0 | Fortune $0
Seat 1: Hero (button) folded before Flop (didn't bet)
Seat 2: 5a24fbff (small blind) collected ($0.1)
Seat 3: 570ce2cf (big blind) folded before Flop
Seat 4: 7c6cf478 folded before Flop (didn't bet)
Seat 5: 650f99b7 folded before Flop (didn't bet)
Seat 6: 442c1a3f folded before Flop (didn't bet)


Poker Hand #HD1138799770: Hold'em No Limit  ($0.02/$0.05) - 2023/02/27 18:42:29
Table 'NLHBlue101' 6-max Seat #6 is the button
Seat 1: Hero ($5.89 in chips)
Seat 2: 5a24fbff ($5 in chips)
Seat 3: 570ce2cf ($11.59 in chips)
Seat 4: 7c6cf478 ($5.11 in chips)
Seat 5: 650f99b7 ($5 in chips)
Seat 6: 442c1a3f ($5.29 in chips)
Hero: posts small blind $0.02
5a24fbff: posts big blind $0.05
*** HOLE CARDS ***
Dealt to Hero [As 9c]
Dealt to 5a24fbff 
Dealt to 570ce2cf 
Dealt to 7c6cf478 
Dealt to 650f99b7 
Dealt to 442c1a3f 
570ce2cf: folds
7c6cf478: folds
650f99b7: raises $0.08 to $0.13
442c1a3f: folds
Hero: folds
5a24fbff: folds
Uncalled bet ($0.08) returned to 650f99b7
*** SHOWDOWN ***
650f99b7 collected $0.12 from pot
*** SUMMARY ***
Total pot $0.12 | Rake $0 | Jackpot $0 | Bingo $0 | Fortune $0
Seat 1: Hero (small blind) folded before Flop
Seat 2: 5a24fbff (big blind) folded before Flop
Seat 3: 570ce2cf folded before Flop (didn't bet)
Seat 4: 7c6cf478 folded before Flop (didn't bet)
Seat 5: 650f99b7 collected ($0.12)
Seat 6: 442c1a3f (button) folded before Flop (didn't bet)


Poker Hand #HD1138799724: Hold'em No Limit  ($0.02/$0.05) - 2023/02/27 18:42:09
Table 'NLHBlue101' 6-max Seat #5 is the button
Seat 1: Hero ($5.87 in chips)
Seat 2: 5a24fbff ($5 in chips)
Seat 3: 570ce2cf ($11.59 in chips)
Seat 4: 7c6cf478 ($5.11 in chips)
Seat 5: 650f99b7 ($5 in chips)
Seat 6: 442c1a3f ($5.31 in chips)
442c1a3f: posts small blind $0.02
Hero: posts big blind $0.05
*** HOLE CARDS ***
Dealt to Hero [8s 9c]
Dealt to 5a24fbff 
Dealt to 570ce2cf 
Dealt to 7c6cf478 
Dealt to 650f99b7 
Dealt to 442c1a3f 
5a24fbff: folds
570ce2cf: folds
7c6cf478: folds
650f99b7: folds
442c1a3f: folds
Uncalled bet ($0.03) returned to Hero
*** SHOWDOWN ***
Hero collected $0.04 from pot
*** SUMMARY ***
Total pot $0.04 | Rake $0 | Jackpot $0 | Bingo $0 | Fortune $0
Seat 1: Hero (big blind) collected ($0.04)
Seat 2: 5a24fbff folded before Flop (didn't bet)
Seat 3: 570ce2cf folded before Flop (didn't bet)
Seat 4: 7c6cf478 folded before Flop (didn't bet)
Seat 5: 650f99b7 (button) folded before Flop (didn't bet)
Seat 6: 442c1a3f (small blind) folded before Flop


Poker Hand #HD1138799554: Hold'em No Limit  ($0.02/$0.05) - 2023/02/27 18:41:00
Table 'NLHBlue101' 6-max Seat #4 is the button
Seat 1: Hero ($5.87 in chips)
Seat 2: 5a24fbff ($5 in chips)
Seat 3: 570ce2cf ($11.59 in chips)
Seat 4: 7c6cf478 ($5.11 in chips)
Seat 5: 650f99b7 ($5.02 in chips)
Seat 6: 442c1a3f ($5 in chips)
650f99b7: posts small blind $0.02
442c1a3f: posts big blind $0.05
*** HOLE CARDS ***
Dealt to Hero [8s Kc]
Dealt to 5a24fbff 
Dealt to 570ce2cf 
Dealt to 7c6cf478 
Dealt to 650f99b7 
Dealt to 442c1a3f 
Hero: folds
5a24fbff: raises $0.08 to $0.13
570ce2cf: folds
7c6cf478: folds
650f99b7: folds
442c1a3f: calls $0.08
*** FLOP *** [Jh Ks Kd]
442c1a3f: checks
5a24fbff: bets $0.19
442c1a3f: calls $0.19
*** TURN *** [Jh Ks Kd] [As]
442c1a3f: checks
5a24fbff: checks
*** RIVER *** [Jh Ks Kd As] [Th]
442c1a3f: checks
5a24fbff: checks
442c1a3f: shows [Jd 9d] (Pair of Kings and Pair of Jacks)
5a24fbff: shows [7d 7s] (Pair of Kings and Pair of Sevens)
*** SHOWDOWN ***
442c1a3f collected $0.63 from pot
*** SUMMARY ***
Total pot $0.66 | Rake $0.03 | Jackpot $0 | Bingo $0 | Fortune $0
Board [Jh Ks Kd As Th]
Seat 1: Hero folded before Flop (didn't bet)
Seat 2: 5a24fbff showed [7d 7s] and lost with Pair of Kings and Pair of Sevens
Seat 3: 570ce2cf folded before Flop (didn't bet)
Seat 4: 7c6cf478 (button) folded before Flop (didn't bet)
Seat 5: 650f99b7 (small blind) folded before Flop
Seat 6: 442c1a3f (big blind) showed [Jd 9d] and won ($0.63) with Pair of Kings and Pair of Jacks


Poker Hand #HD1138799494: Hold'em No Limit  ($0.02/$0.05) - 2023/02/27 18:40:39
Table 'NLHBlue101' 6-max Seat #3 is the button
Seat 1: Hero ($5.87 in chips)
Seat 2: 5a24fbff ($5 in chips)
Seat 3: 570ce2cf ($11.59 in chips)
Seat 4: 7c6cf478 ($5.13 in chips)
Seat 5: 650f99b7 ($5 in chips)
Seat 6: 442c1a3f ($5 in chips)
7c6cf478: posts small blind $0.02
650f99b7: posts big blind $0.05
*** HOLE CARDS ***
Dealt to Hero [8d 4s]
Dealt to 5a24fbff 
Dealt to 570ce2cf 
Dealt to 7c6cf478 
Dealt to 650f99b7 
Dealt to 442c1a3f 
442c1a3f: folds
Hero: folds
5a24fbff: folds
570ce2cf: folds
7c6cf478: folds
Uncalled bet ($0.03) returned to 650f99b7
*** SHOWDOWN ***
650f99b7 collected $0.04 from pot
*** SUMMARY ***
Total pot $0.04 | Rake $0 | Jackpot $0 | Bingo $0 | Fortune $0
Seat 1: Hero folded before Flop (didn't bet)
Seat 2: 5a24fbff folded before Flop (didn't bet)
Seat 3: 570ce2cf (button) folded before Flop (didn't bet)
Seat 4: 7c6cf478 (small blind) folded before Flop
Seat 5: 650f99b7 (big blind) collected ($0.04)
Seat 6: 442c1a3f folded before Flop (didn't bet)


Poker Hand #HD1138799387: Hold'em No Limit  ($0.02/$0.05) - 2023/02/27 18:39:47
Table 'NLHBlue101' 6-max Seat #2 is the button
Seat 1: Hero ($5.07 in chips)
Seat 2: 5a24fbff ($5 in chips)
Seat 3: 570ce2cf ($11.61 in chips)
Seat 4: 7c6cf478 ($5.18 in chips)
Seat 6: 442c1a3f ($5.05 in chips)
570ce2cf: posts small blind $0.02
7c6cf478: posts big blind $0.05
*** HOLE CARDS ***
Dealt to Hero [Kc Kd]
Dealt to 5a24fbff 
Dealt to 570ce2cf 
Dealt to 7c6cf478 
Dealt to 442c1a3f 
442c1a3f: raises $0.08 to $0.13
Hero: raises $0.19 to $0.32
5a24fbff: folds
570ce2cf: folds
7c6cf478: folds
442c1a3f: calls $0.19
*** FLOP *** [6d As Ks]
442c1a3f: checks
Hero: bets $0.54
442c1a3f: calls $0.54
*** TURN *** [6d As Ks] [Qh]
442c1a3f: checks
Hero: bets $1
442c1a3f: folds
Uncalled bet ($1) returned to Hero
*** SHOWDOWN ***
Hero collected $1.66 from pot
*** SUMMARY ***
Total pot $1.79 | Rake $0.08 | Jackpot $0.05 | Bingo $0 | Fortune $0
Board [6d As Ks Qh]
Seat 1: Hero won ($1.66)
Seat 2: 5a24fbff (button) folded before Flop (didn't bet)
Seat 3: 570ce2cf (small blind) folded before Flop
Seat 4: 7c6cf478 (big blind) folded before Flop
Seat 6: 442c1a3f folded on the Turn


Poker Hand #HD1138799318: Hold'em No Limit  ($0.02/$0.05) - 2023/02/27 18:39:21
Table 'NLHBlue101' 6-max Seat #1 is the button
Seat 1: Hero ($5 in chips)
Seat 2: 5a24fbff ($5.02 in chips)
Seat 3: 570ce2cf ($11.66 in chips)
Seat 4: 7c6cf478 ($5.18 in chips)
Seat 6: 442c1a3f ($5.05 in chips)
5a24fbff: posts small blind $0.02
570ce2cf: posts big blind $0.05
*** HOLE CARDS ***
Dealt to Hero [Ad Ac]
Dealt to 5a24fbff 
Dealt to 570ce2cf 
Dealt to 7c6cf478 
Dealt to 442c1a3f 
7c6cf478: folds
442c1a3f: folds
Hero: raises $0.07 to $0.12
5a24fbff: folds
570ce2cf: folds
Uncalled bet ($0.07) returned to Hero
*** SHOWDOWN ***
Hero collected $0.12 from pot
*** SUMMARY ***
Total pot $0.12 | Rake $0 | Jackpot $0 | Bingo $0 | Fortune $0
Seat 1: Hero (button) collected ($0.12)
Seat 2: 5a24fbff (small blind) folded before Flop
Seat 3: 570ce2cf (big blind) folded before Flop
Seat 4: 7c6cf478 folded before Flop (didn't bet)
Seat 6: 442c1a3f folded before Flop (didn't bet)


Poker Hand #HD1138799292: Hold'em No Limit  ($0.02/$0.05) - 2023/02/27 18:39:09
Table 'NLHBlue101' 6-max Seat #6 is the button
Seat 1: Hero ($5.02 in chips)
Seat 2: 5a24fbff ($5 in chips)
Seat 3: 570ce2cf ($11.66 in chips)
Seat 4: 7c6cf478 ($5.18 in chips)
Seat 6: 442c1a3f ($5.05 in chips)
Hero: posts small blind $0.02
5a24fbff: posts big blind $0.05
*** HOLE CARDS ***
Dealt to Hero [4h 2h]
Dealt to 5a24fbff 
Dealt to 570ce2cf 
Dealt to 7c6cf478 
Dealt to 442c1a3f 
570ce2cf: folds
7c6cf478: folds
442c1a3f: folds
Hero: folds
Uncalled bet ($0.03) returned to 5a24fbff
*** SHOWDOWN ***
5a24fbff collected $0.04 from pot
*** SUMMARY ***
Total pot $0.04 | Rake $0 | Jackpot $0 | Bingo $0 | Fortune $0
Seat 1: Hero (small blind) folded before Flop
Seat 2: 5a24fbff (big blind) collected ($0.04)
Seat 3: 570ce2cf folded before Flop (didn't bet)
Seat 4: 7c6cf478 folded before Flop (didn't bet)
Seat 6: 442c1a3f (button) folded before Flop (didn't bet)


Poker Hand #HD1138799259: Hold'em No Limit  ($0.02/$0.05) - 2023/02/27 18:38:51
Table 'NLHBlue101' 6-max Seat #4 is the button
Seat 1: Hero ($5.07 in chips)
Seat 3: 570ce2cf ($11.66 in chips)
Seat 4: 7c6cf478 ($5.18 in chips)
Seat 6: 442c1a3f ($5 in chips)
442c1a3f: posts small blind $0.02
Hero: posts big blind $0.05
*** HOLE CARDS ***
Dealt to Hero [4d Ts]
Dealt to 570ce2cf 
Dealt to 7c6cf478 
Dealt to 442c1a3f 
570ce2cf: folds
7c6cf478: folds
442c1a3f: raises $0.05 to $0.1
Hero: folds
Uncalled bet ($0.05) returned to 442c1a3f
*** SHOWDOWN ***
442c1a3f collected $0.1 from pot
*** SUMMARY ***
Total pot $0.1 | Rake $0 | Jackpot $0 | Bingo $0 | Fortune $0
Seat 1: Hero (big blind) folded before Flop
Seat 3: 570ce2cf folded before Flop (didn't bet)
Seat 4: 7c6cf478 (button) folded before Flop (didn't bet)
Seat 6: 442c1a3f (small blind) collected ($0.1)


Poker Hand #HD1138799085: Hold'em No Limit  ($0.02/$0.05) - 2023/02/27 18:37:37
Table 'NLHBlue101' 6-max Seat #3 is the button
Seat 1: Hero ($5.19 in chips)
Seat 3: 570ce2cf ($11.21 in chips)
Seat 4: 7c6cf478 ($5.2 in chips)
Seat 6: 442c1a3f ($5.14 in chips)
7c6cf478: posts small blind $0.02
442c1a3f: posts big blind $0.05
*** HOLE CARDS ***
Dealt to Hero [Qd 9d]
Dealt to 570ce2cf 
Dealt to 7c6cf478 
Dealt to 442c1a3f 
Hero: raises $0.07 to $0.12
570ce2cf: calls $0.12
7c6cf478: folds
442c1a3f: raises $0.23 to $0.35
Hero: folds
570ce2cf: calls $0.23
*** FLOP *** [2d Jc 7c]
442c1a3f: checks
570ce2cf: bets $0.38
442c1a3f: folds
Uncalled bet ($0.38) returned to 570ce2cf
*** SHOWDOWN ***
570ce2cf collected $0.8 from pot
*** SUMMARY ***
Total pot $0.84 | Rake $0.04 | Jackpot $0 | Bingo $0 | Fortune $0
Board [2d Jc 7c]
Seat 1: Hero folded before Flop
Seat 3: 570ce2cf (button) won ($0.8)
Seat 4: 7c6cf478 (small blind) folded before Flop
Seat 6: 442c1a3f (big blind) folded on the Flop


Poker Hand #HD1138799044: Hold'em No Limit  ($0.02/$0.05) - 2023/02/27 18:37:18
Table 'NLHBlue101' 6-max Seat #1 is the button
Seat 1: Hero ($5.19 in chips)
Seat 3: 570ce2cf ($11.23 in chips)
Seat 4: 7c6cf478 ($5.18 in chips)
Seat 5: 7690fda1 ($5.4 in chips)
Seat 6: 442c1a3f ($5.14 in chips)
570ce2cf: posts small blind $0.02
7c6cf478: posts big blind $0.05
*** HOLE CARDS ***
Dealt to Hero [Js 3d]
Dealt to 570ce2cf 
Dealt to 7c6cf478 
Dealt to 7690fda1 
Dealt to 442c1a3f 
7690fda1: folds
442c1a3f: folds
Hero: folds
570ce2cf: folds
Uncalled bet ($0.03) returned to 7c6cf478
*** SHOWDOWN ***
7c6cf478 collected $0.04 from pot
*** SUMMARY ***
Total pot $0.04 | Rake $0 | Jackpot $0 | Bingo $0 | Fortune $0
Seat 1: Hero (button) folded before Flop (didn't bet)
Seat 3: 570ce2cf (small blind) folded before Flop
Seat 4: 7c6cf478 (big blind) collected ($0.04)
Seat 5: 7690fda1 folded before Flop (didn't bet)
Seat 6: 442c1a3f folded before Flop (didn't bet)


Poker Hand #HD1138798975: Hold'em No Limit  ($0.02/$0.05) - 2023/02/27 18:36:47
Table 'NLHBlue101' 6-max Seat #6 is the button
Seat 1: Hero ($5.21 in chips)
Seat 2: 94cb736c ($5.5 in chips)
Seat 3: 570ce2cf ($11.23 in chips)
Seat 4: 7c6cf478 ($5.11 in chips)
Seat 5: 7690fda1 ($5.4 in chips)
Seat 6: 442c1a3f ($5.14 in chips)
Hero: posts small blind $0.02
94cb736c: posts big blind $0.05
*** HOLE CARDS ***
Dealt to Hero [7d 4d]
Dealt to 94cb736c 
Dealt to 570ce2cf 
Dealt to 7c6cf478 
Dealt to 7690fda1 
Dealt to 442c1a3f 
570ce2cf: folds
7c6cf478: raises $0.1 to $0.15
7690fda1: folds
442c1a3f: folds
Hero: folds
94cb736c: folds
Uncalled bet ($0.1) returned to 7c6cf478
*** SHOWDOWN ***
7c6cf478 collected $0.12 from pot
*** SUMMARY ***
Total pot $0.12 | Rake $0 | Jackpot $0 | Bingo $0 | Fortune $0
Seat 1: Hero (small blind) folded before Flop
Seat 2: 94cb736c (big blind) folded before Flop
Seat 3: 570ce2cf folded before Flop (didn't bet)
Seat 4: 7c6cf478 collected ($0.12)
Seat 5: 7690fda1 folded before Flop (didn't bet)
Seat 6: 442c1a3f (button) folded before Flop (didn't bet)


Poker Hand #HD1138798926: Hold'em No Limit  ($0.02/$0.05) - 2023/02/27 18:36:29
Table 'NLHBlue101' 6-max Seat #5 is the button
Seat 1: Hero ($5.26 in chips)
Seat 2: 94cb736c ($5.43 in chips)
Seat 3: 570ce2cf ($11.23 in chips)
Seat 4: 7c6cf478 ($5.11 in chips)
Seat 5: 7690fda1 ($5.4 in chips)
Seat 6: 442c1a3f ($5.16 in chips)
442c1a3f: posts small blind $0.02
Hero: posts big blind $0.05
*** HOLE CARDS ***
Dealt to Hero [4h Ac]
Dealt to 94cb736c 
Dealt to 570ce2cf 
Dealt to 7c6cf478 
Dealt to 7690fda1 
Dealt to 442c1a3f 
94cb736c: raises $0.06 to $0.11
570ce2cf: folds
7c6cf478: folds
7690fda1: folds
442c1a3f: folds
Hero: folds
Uncalled bet ($0.06) returned to 94cb736c
*** SHOWDOWN ***
94cb736c collected $0.12 from pot
*** SUMMARY ***
Total pot $0.12 | Rake $0 | Jackpot $0 | Bingo $0 | Fortune $0
Seat 1: Hero (big blind) folded before Flop
Seat 2: 94cb736c collected ($0.12)
Seat 3: 570ce2cf folded before Flop (didn't bet)
Seat 4: 7c6cf478 folded before Flop (didn't bet)
Seat 5: 7690fda1 (button) folded before Flop (didn't bet)
Seat 6: 442c1a3f (small blind) folded before Flop


Poker Hand #HD1138798883: Hold'em No Limit  ($0.02/$0.05) - 2023/02/27 18:36:07
Table 'NLHBlue101' 6-max Seat #4 is the button
Seat 1: Hero ($5.26 in chips)
Seat 2: 94cb736c ($5.43 in chips)
Seat 3: 570ce2cf ($11.16 in chips)
Seat 4: 7c6cf478 ($5.11 in chips)
Seat 5: 7690fda1 ($5.42 in chips)
Seat 6: 442c1a3f ($5.21 in chips)
7690fda1: posts small blind $0.02
442c1a3f: posts big blind $0.05
*** HOLE CARDS ***
Dealt to Hero [6c Ks]
Dealt to 94cb736c 
Dealt to 570ce2cf 
Dealt to 7c6cf478 
Dealt to 7690fda1 
Dealt to 442c1a3f 
Hero: folds
94cb736c: folds
570ce2cf: raises $0.08 to $0.13
7c6cf478: folds
7690fda1: folds
442c1a3f: folds
Uncalled bet ($0.08) returned to 570ce2cf
*** SHOWDOWN ***
570ce2cf collected $0.12 from pot
*** SUMMARY ***
Total pot $0.12 | Rake $0 | Jackpot $0 | Bingo $0 | Fortune $0
Seat 1: Hero folded before Flop (didn't bet)
Seat 2: 94cb736c folded before Flop (didn't bet)
Seat 3: 570ce2cf collected ($0.12)
Seat 4: 7c6cf478 (button) folded before Flop (didn't bet)
Seat 5: 7690fda1 (small blind) folded before Flop
Seat 6: 442c1a3f (big blind) folded before Flop


Poker Hand #HD1138798743: Hold'em No Limit  ($0.02/$0.05) - 2023/02/27 18:35:02
Table 'NLHBlue101' 6-max Seat #3 is the button
Seat 1: Hero ($5.26 in chips)
Seat 2: 94cb736c ($5.43 in chips)
Seat 3: 570ce2cf ($11.15 in chips)
Seat 4: 7c6cf478 ($5.09 in chips)
Seat 5: 7690fda1 ($5.47 in chips)
Seat 6: 442c1a3f ($5.21 in chips)
7c6cf478: posts small blind $0.02
7690fda1: posts big blind $0.05
*** HOLE CARDS ***
Dealt to Hero [5d Qd]
Dealt to 94cb736c 
Dealt to 570ce2cf 
Dealt to 7c6cf478 
Dealt to 7690fda1 
Dealt to 442c1a3f 
442c1a3f: folds
Hero: folds
94cb736c: folds
570ce2cf: raises $0.08 to $0.13
7c6cf478: calls $0.11
7690fda1: folds
*** FLOP *** [9c Ad 4h]
7c6cf478: checks
570ce2cf: checks
*** TURN *** [9c Ad 4h] [8s]
7c6cf478: bets $0.11
570ce2cf: calls $0.11
*** RIVER *** [9c Ad 4h 8s] [3d]
7c6cf478: checks
570ce2cf: checks
7c6cf478: shows [Td Jh] (Ace-High)
570ce2cf: shows [Jd Ts] (Ace-High)
*** SHOWDOWN ***
7c6cf478 collected $0.26 from pot
570ce2cf collected $0.25 from pot
*** SUMMARY ***
Total pot $0.53 | Rake $0.02 | Jackpot $0 | Bingo $0 | Fortune $0
Board [9c Ad 4h 8s 3d]
Seat 1: Hero folded before Flop (didn't bet)
Seat 2: 94cb736c folded before Flop (didn't bet)
Seat 3: 570ce2cf (button) showed [Jd Ts] and won ($0.25) with Ace-High
Seat 4: 7c6cf478 (small blind) showed [Td Jh] and won ($0.26) with Ace-High
Seat 5: 7690fda1 (big blind) folded before Flop
Seat 6: 442c1a3f folded before Flop (didn't bet)


Poker Hand #HD1138798695: Hold'em No Limit  ($0.02/$0.05) - 2023/02/27 18:34:39
Table 'NLHBlue101' 6-max Seat #2 is the button
Seat 1: Hero ($5.26 in chips)
Seat 2: 94cb736c ($5.36 in chips)
Seat 3: 570ce2cf ($11.17 in chips)
Seat 4: 7c6cf478 ($5.14 in chips)
Seat 5: 7690fda1 ($5.47 in chips)
Seat 6: 442c1a3f ($5.21 in chips)
570ce2cf: posts small blind $0.02
7c6cf478: posts big blind $0.05
*** HOLE CARDS ***
Dealt to Hero [2h 9d]
Dealt to 94cb736c 
Dealt to 570ce2cf 
Dealt to 7c6cf478 
Dealt to 7690fda1 
Dealt to 442c1a3f 
7690fda1: folds
442c1a3f: folds
Hero: folds
94cb736c: raises $0.06 to $0.11
570ce2cf: folds
7c6cf478: folds
Uncalled bet ($0.06) returned to 94cb736c
*** SHOWDOWN ***
94cb736c collected $0.12 from pot
*** SUMMARY ***
Total pot $0.12 | Rake $0 | Jackpot $0 | Bingo $0 | Fortune $0
Seat 1: Hero folded before Flop (didn't bet)
Seat 2: 94cb736c (button) collected ($0.12)
Seat 3: 570ce2cf (small blind) folded before Flop
Seat 4: 7c6cf478 (big blind) folded before Flop
Seat 5: 7690fda1 folded before Flop (didn't bet)
Seat 6: 442c1a3f folded before Flop (didn't bet)


Poker Hand #HD1138798555: Hold'em No Limit  ($0.02/$0.05) - 2023/02/27 18:33:38
Table 'NLHBlue101' 6-max Seat #1 is the button
Seat 1: Hero ($5.26 in chips)
Seat 2: 94cb736c ($5.38 in chips)
Seat 3: 570ce2cf ($11.3 in chips)
Seat 4: 7c6cf478 ($5.14 in chips)
Seat 5: 7690fda1 ($5.47 in chips)
Seat 6: 442c1a3f ($5.07 in chips)
94cb736c: posts small blind $0.02
570ce2cf: posts big blind $0.05
*** HOLE CARDS ***
Dealt to Hero [8d Ah]
Dealt to 94cb736c 
Dealt to 570ce2cf 
Dealt to 7c6cf478 
Dealt to 7690fda1 
Dealt to 442c1a3f 
7c6cf478: folds
7690fda1: folds
442c1a3f: raises $0.08 to $0.13
Hero: folds
94cb736c: folds
570ce2cf: calls $0.08
*** FLOP *** [2s As 2d]
570ce2cf: checks
442c1a3f: checks
*** TURN *** [2s As 2d] [Ks]
570ce2cf: checks
442c1a3f: checks
*** RIVER *** [2s As 2d Ks] [Js]
570ce2cf: checks
442c1a3f: bets $0.1
570ce2cf: folds
Uncalled bet ($0.1) returned to 442c1a3f
*** SHOWDOWN ***
442c1a3f collected $0.27 from pot
*** SUMMARY ***
Total pot $0.28 | Rake $0.01 | Jackpot $0 | Bingo $0 | Fortune $0
Board [2s As 2d Ks Js]
Seat 1: Hero (button) folded before Flop (didn't bet)
Seat 2: 94cb736c (small blind) folded before Flop
Seat 3: 570ce2cf (big blind) folded on the River
Seat 4: 7c6cf478 folded before Flop (didn't bet)
Seat 5: 7690fda1 folded before Flop (didn't bet)
Seat 6: 442c1a3f won ($0.27)


Poker Hand #HD1138798515: Hold'em No Limit  ($0.02/$0.05) - 2023/02/27 18:33:21
Table 'NLHBlue101' 6-max Seat #6 is the button
Seat 1: Hero ($5.28 in chips)
Seat 2: 94cb736c ($5.43 in chips)
Seat 3: 570ce2cf ($11.3 in chips)
Seat 4: 7c6cf478 ($5.14 in chips)
Seat 5: 7690fda1 ($5.47 in chips)
Seat 6: 442c1a3f ($5 in chips)
Hero: posts small blind $0.02
94cb736c: posts big blind $0.05
*** HOLE CARDS ***
Dealt to Hero [9d Qh]
Dealt to 94cb736c 
Dealt to 570ce2cf 
Dealt to 7c6cf478 
Dealt to 7690fda1 
Dealt to 442c1a3f 
570ce2cf: folds
7c6cf478: folds
7690fda1: folds
442c1a3f: raises $0.1 to $0.15
Hero: folds
94cb736c: folds
Uncalled bet ($0.1) returned to 442c1a3f
*** SHOWDOWN ***
442c1a3f collected $0.12 from pot
*** SUMMARY ***
Total pot $0.12 | Rake $0 | Jackpot $0 | Bingo $0 | Fortune $0
Seat 1: Hero (small blind) folded before Flop
Seat 2: 94cb736c (big blind) folded before Flop
Seat 3: 570ce2cf folded before Flop (didn't bet)
Seat 4: 7c6cf478 folded before Flop (didn't bet)
Seat 5: 7690fda1 folded before Flop (didn't bet)
Seat 6: 442c1a3f (button) collected ($0.12)


Poker Hand #HD1138798379: Hold'em No Limit  ($0.02/$0.05) - 2023/02/27 18:32:26
Table 'NLHBlue101' 6-max Seat #5 is the button
Seat 1: Hero ($5 in chips)
Seat 2: 94cb736c ($5.43 in chips)
Seat 3: 570ce2cf ($11.3 in chips)
Seat 4: 7c6cf478 ($5.14 in chips)
Seat 5: 7690fda1 ($5.47 in chips)
Seat 6: 442c1a3f ($5.12 in chips)
442c1a3f: posts small blind $0.02
Hero: posts big blind $0.05
*** HOLE CARDS ***
Dealt to Hero [Qs 6s]
Dealt to 94cb736c 
Dealt to 570ce2cf 
Dealt to 7c6cf478 
Dealt to 7690fda1 
Dealt to 442c1a3f 
94cb736c: folds
570ce2cf: folds
7c6cf478: folds
7690fda1: folds
442c1a3f: raises $0.1 to $0.15
Hero: calls $0.1
*** FLOP *** [6d Qd Kh]
442c1a3f: checks
Hero: bets $0.16
442c1a3f: calls $0.16
*** TURN *** [6d Qd Kh] [3s]
442c1a3f: checks
Hero: bets $0.47
442c1a3f: folds
Uncalled bet ($0.47) returned to Hero
*** SHOWDOWN ***
Hero collected $0.59 from pot
*** SUMMARY ***
Total pot $0.62 | Rake $0.03 | Jackpot $0 | Bingo $0 | Fortune $0
Board [6d Qd Kh 3s]
Seat 1: Hero (big blind) won ($0.59)
Seat 2: 94cb736c folded before Flop (didn't bet)
Seat 3: 570ce2cf folded before Flop (didn't bet)
Seat 4: 7c6cf478 folded before Flop (didn't bet)
Seat 5: 7690fda1 (button) folded before Flop (didn't bet)
Seat 6: 442c1a3f (small blind) folded on the Turn


