Poker Hand #HD1155510001: Hold'em No Limit  ($0.02/$0.05) - 2023/03/11 13:48:37
Table 'NLHBlue100' 6-max Seat #1 is the button
Seat 1: 9e29655 ($6.43 in chips)
Seat 2: 94e56fb5 ($4.29 in chips)
Seat 4: 6b59a1f1 ($4.62 in chips)
Seat 5: Hero ($5.56 in chips)
Seat 6: f7ddcffa ($5.76 in chips)
94e56fb5: posts small blind $0.02
6b59a1f1: posts big blind $0.05
*** HOLE CARDS ***
Dealt to 9e29655 
Dealt to 94e56fb5 
Dealt to 6b59a1f1 
Dealt to Hero [4s Th]
Dealt to f7ddcffa 
Hero: folds
f7ddcffa: raises $0.08 to $0.13
9e29655: calls $0.13
94e56fb5: calls $0.11
6b59a1f1: calls $0.08
*** FLOP *** [Qc 7c Ac]
94e56fb5: checks
6b59a1f1: bets $0.26
f7ddcffa: calls $0.26
9e29655: calls $0.26
94e56fb5: folds
*** TURN *** [Qc 7c Ac] [9h]
6b59a1f1: checks
f7ddcffa: checks
9e29655: checks
*** RIVER *** [Qc 7c Ac 9h] [Jc]
6b59a1f1: checks
f7ddcffa: bets $0.43
9e29655: folds
6b59a1f1: calls $0.43
f7ddcffa: shows [Js Qd] (Pair of Queens and Pair of Jacks)
6b59a1f1: shows [8c 9s] (Ace High Flush)
*** SHOWDOWN ***
6b59a1f1 collected $2.01 from pot
*** SUMMARY ***
Total pot $2.16 | Rake $0.1 | Jackpot $0.05 | Bingo $0 | Fortune $0
Board [Qc 7c Ac 9h Jc]
Seat 1: 9e29655 (button) folded on the River
Seat 2: 94e56fb5 (small blind) folded on the Flop
Seat 4: 6b59a1f1 (big blind) showed [8c 9s] and won ($2.01) with Ace High Flush
Seat 5: Hero folded before Flop (didn't bet)
Seat 6: f7ddcffa showed [Js Qd] and lost with Pair of Queens and Pair of Jacks


Poker Hand #HD1155509843: Hold'em No Limit  ($0.02/$0.05) - 2023/03/11 13:47:41
Table 'NLHBlue100' 6-max Seat #6 is the button
Seat 1: 9e29655 ($5.94 in chips)
Seat 2: 94e56fb5 ($4.44 in chips)
Seat 4: 6b59a1f1 ($5 in chips)
Seat 5: Hero ($5.56 in chips)
Seat 6: f7ddcffa ($5.76 in chips)
9e29655: posts small blind $0.02
94e56fb5: posts big blind $0.05
*** HOLE CARDS ***
Dealt to 9e29655 
Dealt to 94e56fb5 
Dealt to 6b59a1f1 
Dealt to Hero [Qs 2s]
Dealt to f7ddcffa 
6b59a1f1: raises $0.1 to $0.15
Hero: folds
f7ddcffa: folds
9e29655: calls $0.13
94e56fb5: calls $0.1
*** FLOP *** [Jd Jh 9d]
9e29655: checks
94e56fb5: checks
6b59a1f1: bets $0.23
9e29655: calls $0.23
94e56fb5: folds
*** TURN *** [Jd Jh 9d] [Th]
9e29655: bets $0.7
6b59a1f1: folds
Uncalled bet ($0.7) returned to 9e29655
*** SHOWDOWN ***
9e29655 collected $0.87 from pot
*** SUMMARY ***
Total pot $0.91 | Rake $0.04 | Jackpot $0 | Bingo $0 | Fortune $0
Board [Jd Jh 9d Th]
Seat 1: 9e29655 (small blind) won ($0.87)
Seat 2: 94e56fb5 (big blind) folded on the Flop
Seat 4: 6b59a1f1 folded on the Turn
Seat 5: Hero folded before Flop (didn't bet)
Seat 6: f7ddcffa (button) folded before Flop (didn't bet)


Poker Hand #HD1155509761: Hold'em No Limit  ($0.02/$0.05) - 2023/03/11 13:47:14
Table 'NLHBlue100' 6-max Seat #5 is the button
Seat 1: 9e29655 ($5.99 in chips)
Seat 2: 94e56fb5 ($4.44 in chips)
Seat 4: 6b59a1f1 ($5 in chips)
Seat 5: Hero ($5.56 in chips)
Seat 6: f7ddcffa ($5.71 in chips)
f7ddcffa: posts small blind $0.02
9e29655: posts big blind $0.05
*** HOLE CARDS ***
Dealt to 9e29655 
Dealt to 94e56fb5 
Dealt to 6b59a1f1 
Dealt to Hero [3c Jh]
Dealt to f7ddcffa 
94e56fb5: folds
6b59a1f1: folds
Hero: folds
f7ddcffa: raises $0.08 to $0.13
9e29655: folds
Uncalled bet ($0.08) returned to f7ddcffa
*** SHOWDOWN ***
f7ddcffa collected $0.1 from pot
*** SUMMARY ***
Total pot $0.1 | Rake $0 | Jackpot $0 | Bingo $0 | Fortune $0
Seat 1: 9e29655 (big blind) folded before Flop
Seat 2: 94e56fb5 folded before Flop (didn't bet)
Seat 4: 6b59a1f1 folded before Flop (didn't bet)
Seat 5: Hero (button) folded before Flop (didn't bet)
Seat 6: f7ddcffa (small blind) collected ($0.1)


Poker Hand #HD1155509650: Hold'em No Limit  ($0.02/$0.05) - 2023/03/11 13:46:37
Table 'NLHBlue100' 6-max Seat #4 is the button
Seat 1: 9e29655 ($5.99 in chips)
Seat 2: 94e56fb5 ($4.37 in chips)
Seat 4: 6b59a1f1 ($5 in chips)
Seat 5: Hero ($5.58 in chips)
Seat 6: f7ddcffa ($5.76 in chips)
Hero: posts small blind $0.02
f7ddcffa: posts big blind $0.05
*** HOLE CARDS ***
Dealt to 9e29655 
Dealt to 94e56fb5 
Dealt to 6b59a1f1 
Dealt to Hero [4d 8d]
Dealt to f7ddcffa 
9e29655: folds
94e56fb5: raises $0.1 to $0.15
6b59a1f1: folds
Hero: folds
f7ddcffa: folds
Uncalled bet ($0.1) returned to 94e56fb5
*** SHOWDOWN ***
94e56fb5 collected $0.12 from pot
*** SUMMARY ***
Total pot $0.12 | Rake $0 | Jackpot $0 | Bingo $0 | Fortune $0
Seat 1: 9e29655 folded before Flop (didn't bet)
Seat 2: 94e56fb5 collected ($0.12)
Seat 4: 6b59a1f1 (button) folded before Flop (didn't bet)
Seat 5: Hero (small blind) folded before Flop
Seat 6: f7ddcffa (big blind) folded before Flop


Poker Hand #HD1155509609: Hold'em No Limit  ($0.02/$0.05) - 2023/03/11 13:46:23
Table 'NLHBlue100' 6-max Seat #2 is the button
Seat 1: 9e29655 ($5.99 in chips)
Seat 2: 94e56fb5 ($4.37 in chips)
Seat 4: 6b59a1f1 ($5.02 in chips)
Seat 5: Hero ($5.56 in chips)
Seat 6: f7ddcffa ($5.76 in chips)
6b59a1f1: posts small blind $0.02
Hero: posts big blind $0.05
*** HOLE CARDS ***
Dealt to 9e29655 
Dealt to 94e56fb5 
Dealt to 6b59a1f1 
Dealt to Hero [3s 6d]
Dealt to f7ddcffa 
f7ddcffa: folds
9e29655: folds
94e56fb5: folds
6b59a1f1: folds
Uncalled bet ($0.03) returned to Hero
*** SHOWDOWN ***
Hero collected $0.04 from pot
*** SUMMARY ***
Total pot $0.04 | Rake $0 | Jackpot $0 | Bingo $0 | Fortune $0
Seat 1: 9e29655 folded before Flop (didn't bet)
Seat 2: 94e56fb5 (button) folded before Flop (didn't bet)
Seat 4: 6b59a1f1 (small blind) folded before Flop
Seat 5: Hero (big blind) collected ($0.04)
Seat 6: f7ddcffa folded before Flop (didn't bet)


Poker Hand #HD1155509570: Hold'em No Limit  ($0.02/$0.05) - 2023/03/11 13:46:09
Table 'NLHBlue100' 6-max Seat #1 is the button
Seat 1: 9e29655 ($5.99 in chips)
Seat 2: 94e56fb5 ($4.39 in chips)
Seat 4: 6b59a1f1 ($5 in chips)
Seat 5: Hero ($5.56 in chips)
Seat 6: f7ddcffa ($5.76 in chips)
94e56fb5: posts small blind $0.02
6b59a1f1: posts big blind $0.05
*** HOLE CARDS ***
Dealt to 9e29655 
Dealt to 94e56fb5 
Dealt to 6b59a1f1 
Dealt to Hero [Ac 6s]
Dealt to f7ddcffa 
Hero: folds
f7ddcffa: folds
9e29655: folds
94e56fb5: folds
Uncalled bet ($0.03) returned to 6b59a1f1
*** SHOWDOWN ***
6b59a1f1 collected $0.04 from pot
*** SUMMARY ***
Total pot $0.04 | Rake $0 | Jackpot $0 | Bingo $0 | Fortune $0
Seat 1: 9e29655 (button) folded before Flop (didn't bet)
Seat 2: 94e56fb5 (small blind) folded before Flop
Seat 4: 6b59a1f1 (big blind) collected ($0.04)
Seat 5: Hero folded before Flop (didn't bet)
Seat 6: f7ddcffa folded before Flop (didn't bet)


Poker Hand #HD1155509348: Hold'em No Limit  ($0.02/$0.05) - 2023/03/11 13:44:53
Table 'NLHBlue100' 6-max Seat #6 is the button
Seat 1: 9e29655 ($5.63 in chips)
Seat 2: 94e56fb5 ($4.44 in chips)
Seat 5: Hero ($5.56 in chips)
Seat 6: f7ddcffa ($6.1 in chips)
9e29655: posts small blind $0.02
94e56fb5: posts big blind $0.05
*** HOLE CARDS ***
Dealt to 9e29655 
Dealt to 94e56fb5 
Dealt to Hero [3s 7s]
Dealt to f7ddcffa 
Hero: folds
f7ddcffa: raises $0.08 to $0.13
9e29655: calls $0.11
94e56fb5: folds
*** FLOP *** [Ks Ac 2s]
9e29655: checks
f7ddcffa: bets $0.21
9e29655: calls $0.21
*** TURN *** [Ks Ac 2s] [6s]
9e29655: bets $0.56
f7ddcffa: folds
Uncalled bet ($0.56) returned to 9e29655
*** SHOWDOWN ***
9e29655 collected $0.7 from pot
*** SUMMARY ***
Total pot $0.73 | Rake $0.03 | Jackpot $0 | Bingo $0 | Fortune $0
Board [Ks Ac 2s 6s]
Seat 1: 9e29655 (small blind) won ($0.7)
Seat 2: 94e56fb5 (big blind) folded before Flop
Seat 5: Hero folded before Flop (didn't bet)
Seat 6: f7ddcffa (button) folded on the Turn


Poker Hand #HD1155509220: Hold'em No Limit  ($0.02/$0.05) - 2023/03/11 13:44:06
Table 'NLHBlue100' 6-max Seat #5 is the button
Seat 1: 9e29655 ($5.5 in chips)
Seat 2: 94e56fb5 ($4.44 in chips)
Seat 5: Hero ($5.68 in chips)
Seat 6: f7ddcffa ($6.12 in chips)
f7ddcffa: posts small blind $0.02
9e29655: posts big blind $0.05
*** HOLE CARDS ***
Dealt to 9e29655 
Dealt to 94e56fb5 
Dealt to Hero [9s Js]
Dealt to f7ddcffa 
94e56fb5: folds
Hero: raises $0.07 to $0.12
f7ddcffa: folds
9e29655: calls $0.07
*** FLOP *** [2c 4h 5d]
9e29655: checks
Hero: checks
*** TURN *** [2c 4h 5d] [8c]
9e29655: checks
Hero: checks
*** RIVER *** [2c 4h 5d 8c] [5h]
9e29655: bets $0.1
Hero: folds
Uncalled bet ($0.1) returned to 9e29655
*** SHOWDOWN ***
9e29655 collected $0.25 from pot
*** SUMMARY ***
Total pot $0.26 | Rake $0.01 | Jackpot $0 | Bingo $0 | Fortune $0
Board [2c 4h 5d 8c 5h]
Seat 1: 9e29655 (big blind) won ($0.25)
Seat 2: 94e56fb5 folded before Flop (didn't bet)
Seat 5: Hero (button) folded on the River
Seat 6: f7ddcffa (small blind) folded before Flop


Poker Hand #HD1155509067: Hold'em No Limit  ($0.02/$0.05) - 2023/03/11 13:43:19
Table 'NLHBlue100' 6-max Seat #2 is the button
Seat 1: 9e29655 ($5.5 in chips)
Seat 2: 94e56fb5 ($4.44 in chips)
Seat 5: Hero ($5.96 in chips)
Seat 6: f7ddcffa ($5.86 in chips)
Hero: posts small blind $0.02
f7ddcffa: posts big blind $0.05
*** HOLE CARDS ***
Dealt to 9e29655 
Dealt to 94e56fb5 
Dealt to Hero [9d Qd]
Dealt to f7ddcffa 
9e29655: folds
94e56fb5: folds
Hero: raises $0.09 to $0.14
f7ddcffa: calls $0.09
*** FLOP *** [6s Th 8d]
Hero: bets $0.14
f7ddcffa: calls $0.14
*** TURN *** [6s Th 8d] [3s]
Hero: checks
f7ddcffa: checks
*** RIVER *** [6s Th 8d 3s] [2c]
Hero: checks
f7ddcffa: checks
Hero: shows [9d Qd] (Queen-High)
f7ddcffa: shows [9c Kd] (King-High)
*** SHOWDOWN ***
f7ddcffa collected $0.54 from pot
*** SUMMARY ***
Total pot $0.56 | Rake $0.02 | Jackpot $0 | Bingo $0 | Fortune $0
Board [6s Th 8d 3s 2c]
Seat 1: 9e29655 folded before Flop (didn't bet)
Seat 2: 94e56fb5 (button) folded before Flop (didn't bet)
Seat 5: Hero (small blind) showed [9d Qd] and lost with Queen-High
Seat 6: f7ddcffa (big blind) showed [9c Kd] and won ($0.54) with King-High


Poker Hand #HD1155509029: Hold'em No Limit  ($0.02/$0.05) - 2023/03/11 13:43:06
Table 'NLHBlue100' 6-max Seat #1 is the button
Seat 1: 9e29655 ($5.5 in chips)
Seat 2: 94e56fb5 ($4.46 in chips)
Seat 5: Hero ($5.94 in chips)
Seat 6: f7ddcffa ($5.86 in chips)
94e56fb5: posts small blind $0.02
Hero: posts big blind $0.05
*** HOLE CARDS ***
Dealt to 9e29655 
Dealt to 94e56fb5 
Dealt to Hero [Jd Qc]
Dealt to f7ddcffa 
f7ddcffa: folds
9e29655: folds
94e56fb5: folds
Uncalled bet ($0.03) returned to Hero
*** SHOWDOWN ***
Hero collected $0.04 from pot
*** SUMMARY ***
Total pot $0.04 | Rake $0 | Jackpot $0 | Bingo $0 | Fortune $0
Seat 1: 9e29655 (button) folded before Flop (didn't bet)
Seat 2: 94e56fb5 (small blind) folded before Flop
Seat 5: Hero (big blind) collected ($0.04)
Seat 6: f7ddcffa folded before Flop (didn't bet)


Poker Hand #HD1155508890: Hold'em No Limit  ($0.02/$0.05) - 2023/03/11 13:42:18
Table 'NLHBlue100' 6-max Seat #6 is the button
Seat 1: 9e29655 ($5.52 in chips)
Seat 2: 94e56fb5 ($4.51 in chips)
Seat 4: 162e55b4 ($2.05 in chips)
Seat 5: Hero ($5.94 in chips)
Seat 6: f7ddcffa ($5.86 in chips)
9e29655: posts small blind $0.02
94e56fb5: posts big blind $0.05
162e55b4: posts big blind $0.05
*** HOLE CARDS ***
Dealt to 9e29655 
Dealt to 94e56fb5 
Dealt to 162e55b4 
Dealt to Hero [As 6h]
Dealt to f7ddcffa 
162e55b4: checks
Hero: folds
f7ddcffa: folds
9e29655: folds
94e56fb5: checks
*** FLOP *** [Jh Ah 8c]
94e56fb5: checks
162e55b4: checks
*** TURN *** [Jh Ah 8c] [2c]
94e56fb5: checks
162e55b4: checks
*** RIVER *** [Jh Ah 8c 2c] [2s]
94e56fb5: checks
162e55b4: checks
94e56fb5: shows [6d 9s] (Pair of Twos)
162e55b4: shows [7h Jd] (Pair of Jacks and Pair of Twos)
*** SHOWDOWN ***
162e55b4 collected $0.12 from pot
*** SUMMARY ***
Total pot $0.12 | Rake $0 | Jackpot $0 | Bingo $0 | Fortune $0
Board [Jh Ah 8c 2c 2s]
Seat 1: 9e29655 (small blind) folded before Flop
Seat 2: 94e56fb5 (big blind) showed [6d 9s] and lost with Pair of Twos
Seat 4: 162e55b4 showed [7h Jd] and won ($0.12) with Pair of Jacks and Pair of Twos
Seat 5: Hero folded before Flop (didn't bet)
Seat 6: f7ddcffa (button) folded before Flop (didn't bet)


Poker Hand #HD1155508831: Hold'em No Limit  ($0.02/$0.05) - 2023/03/11 13:41:56
Table 'NLHBlue100' 6-max Seat #5 is the button
Seat 1: 9e29655 ($5.57 in chips)
Seat 2: 94e56fb5 ($4.51 in chips)
Seat 3: 80a102a8 ($3.53 in chips)
Seat 5: Hero ($5.87 in chips)
Seat 6: f7ddcffa ($5.88 in chips)
f7ddcffa: posts small blind $0.02
9e29655: posts big blind $0.05
*** HOLE CARDS ***
Dealt to 9e29655 
Dealt to 94e56fb5 
Dealt to 80a102a8 
Dealt to Hero [Qd 9c]
Dealt to f7ddcffa 
94e56fb5: folds
80a102a8: folds
Hero: raises $0.07 to $0.12
f7ddcffa: folds
9e29655: folds
Uncalled bet ($0.07) returned to Hero
*** SHOWDOWN ***
Hero collected $0.12 from pot
*** SUMMARY ***
Total pot $0.12 | Rake $0 | Jackpot $0 | Bingo $0 | Fortune $0
Seat 1: 9e29655 (big blind) folded before Flop
Seat 2: 94e56fb5 folded before Flop (didn't bet)
Seat 3: 80a102a8 folded before Flop (didn't bet)
Seat 5: Hero (button) collected ($0.12)
Seat 6: f7ddcffa (small blind) folded before Flop


Poker Hand #HD1155508693: Hold'em No Limit  ($0.02/$0.05) - 2023/03/11 13:41:07
Table 'NLHBlue100' 6-max Seat #3 is the button
Seat 1: 9e29655 ($5.57 in chips)
Seat 2: 94e56fb5 ($4.51 in chips)
Seat 3: 80a102a8 ($3.58 in chips)
Seat 4: 9388abac ($2.07 in chips)
Seat 5: Hero ($5.8 in chips)
Seat 6: f7ddcffa ($5.88 in chips)
9388abac: posts small blind $0.02
Hero: posts big blind $0.05
*** HOLE CARDS ***
Dealt to 9e29655 
Dealt to 94e56fb5 
Dealt to 80a102a8 
Dealt to 9388abac 
Dealt to Hero [7h Ad]
Dealt to f7ddcffa 
f7ddcffa: folds
9e29655: folds
94e56fb5: folds
80a102a8: calls $0.05
9388abac: folds
Hero: checks
*** FLOP *** [3s Kc Jc]
Hero: checks
80a102a8: checks
*** TURN *** [3s Kc Jc] [8c]
Hero: checks
80a102a8: checks
*** RIVER *** [3s Kc Jc 8c] [3d]
Hero: checks
80a102a8: checks
80a102a8: shows [9d Qh] (Pair of Treys)
Hero: shows [7h Ad] (Pair of Treys)
*** SHOWDOWN ***
Hero collected $0.12 from pot
*** SUMMARY ***
Total pot $0.12 | Rake $0 | Jackpot $0 | Bingo $0 | Fortune $0
Board [3s Kc Jc 8c 3d]
Seat 1: 9e29655 folded before Flop (didn't bet)
Seat 2: 94e56fb5 folded before Flop (didn't bet)
Seat 3: 80a102a8 (button) showed [9d Qh] and lost with Pair of Treys
Seat 4: 9388abac (small blind) folded before Flop
Seat 5: Hero (big blind) showed [7h Ad] and won ($0.12) with Pair of Treys
Seat 6: f7ddcffa folded before Flop (didn't bet)


Poker Hand #HD1155508525: Hold'em No Limit  ($0.02/$0.05) - 2023/03/11 13:40:08
Table 'NLHBlue100' 6-max Seat #2 is the button
Seat 1: 9e29655 ($5.57 in chips)
Seat 2: 94e56fb5 ($4.51 in chips)
Seat 3: 80a102a8 ($4.69 in chips)
Seat 4: 9388abac ($1.11 in chips)
Seat 5: Hero ($5.8 in chips)
Seat 6: f7ddcffa ($5.88 in chips)
80a102a8: posts small blind $0.02
9388abac: posts big blind $0.05
*** HOLE CARDS ***
Dealt to 9e29655 
Dealt to 94e56fb5 
Dealt to 80a102a8 
Dealt to 9388abac 
Dealt to Hero [Ad 3c]
Dealt to f7ddcffa 
Hero: folds
f7ddcffa: folds
9e29655: folds
94e56fb5: folds
80a102a8: calls $0.03
9388abac: checks
*** FLOP *** [8d 3d 5h]
80a102a8: bets $0.05
9388abac: calls $0.05
*** TURN *** [8d 3d 5h] [5s]
80a102a8: checks
9388abac: bets $0.05
80a102a8: calls $0.05
*** RIVER *** [8d 3d 5h 5s] [Jh]
80a102a8: checks
9388abac: bets $0.2
80a102a8: raises $0.7 to $0.9
9388abac: raises $0.06 to $0.96 and is all-in
80a102a8: calls $0.06
9388abac: shows [8h 5d] (Fives Full over Eights)
80a102a8: shows [Ah 5c] (Three Fives)
*** SHOWDOWN ***
9388abac collected $2.07 from pot
*** SUMMARY ***
Total pot $2.22 | Rake $0.1 | Jackpot $0.05 | Bingo $0 | Fortune $0
Board [8d 3d 5h 5s Jh]
Seat 1: 9e29655 folded before Flop (didn't bet)
Seat 2: 94e56fb5 (button) folded before Flop (didn't bet)
Seat 3: 80a102a8 (small blind) showed [Ah 5c] and lost with Three Fives
Seat 4: 9388abac (big blind) showed [8h 5d] and won ($2.07) with Fives Full over Eights
Seat 5: Hero folded before Flop (didn't bet)
Seat 6: f7ddcffa folded before Flop (didn't bet)


Poker Hand #HD1155508424: Hold'em No Limit  ($0.02/$0.05) - 2023/03/11 13:39:36
Table 'NLHBlue100' 6-max Seat #1 is the button
Seat 1: 9e29655 ($5.57 in chips)
Seat 2: 94e56fb5 ($4.53 in chips)
Seat 3: 80a102a8 ($4.56 in chips)
Seat 4: 9388abac ($1.11 in chips)
Seat 5: Hero ($5.92 in chips)
Seat 6: f7ddcffa ($5.88 in chips)
94e56fb5: posts small blind $0.02
80a102a8: posts big blind $0.05
*** HOLE CARDS ***
Dealt to 9e29655 
Dealt to 94e56fb5 
Dealt to 80a102a8 
Dealt to 9388abac 
Dealt to Hero [Jd Kh]
Dealt to f7ddcffa 
9388abac: folds
Hero: raises $0.07 to $0.12
f7ddcffa: folds
9e29655: folds
94e56fb5: folds
80a102a8: calls $0.07
*** FLOP *** [2h As 7s]
80a102a8: bets $0.13
Hero: folds
Uncalled bet ($0.13) returned to 80a102a8
*** SHOWDOWN ***
80a102a8 collected $0.25 from pot
*** SUMMARY ***
Total pot $0.26 | Rake $0.01 | Jackpot $0 | Bingo $0 | Fortune $0
Board [2h As 7s]
Seat 1: 9e29655 (button) folded before Flop (didn't bet)
Seat 2: 94e56fb5 (small blind) folded before Flop
Seat 3: 80a102a8 (big blind) won ($0.25)
Seat 4: 9388abac folded before Flop (didn't bet)
Seat 5: Hero folded on the Flop
Seat 6: f7ddcffa folded before Flop (didn't bet)


Poker Hand #HD1155508299: Hold'em No Limit  ($0.02/$0.05) - 2023/03/11 13:38:48
Table 'NLHBlue100' 6-max Seat #6 is the button
Seat 1: 9e29655 ($5.59 in chips)
Seat 2: 94e56fb5 ($4.58 in chips)
Seat 3: 80a102a8 ($5.16 in chips)
Seat 4: 9388abac ($1.11 in chips)
Seat 5: Hero ($5.92 in chips)
Seat 6: f7ddcffa ($5.27 in chips)
9e29655: posts small blind $0.02
94e56fb5: posts big blind $0.05
*** HOLE CARDS ***
Dealt to 9e29655 
Dealt to 94e56fb5 
Dealt to 80a102a8 
Dealt to 9388abac 
Dealt to Hero [9d 8d]
Dealt to f7ddcffa 
80a102a8: raises $0.15 to $0.2
9388abac: folds
Hero: folds
f7ddcffa: raises $0.4 to $0.6
9e29655: folds
94e56fb5: folds
80a102a8: calls $0.4
*** FLOP *** [Jc Ah 7h]
80a102a8: checks
f7ddcffa: bets $0.42
80a102a8: folds
Uncalled bet ($0.42) returned to f7ddcffa
*** SHOWDOWN ***
f7ddcffa collected $1.21 from pot
*** SUMMARY ***
Total pot $1.27 | Rake $0.06 | Jackpot $0 | Bingo $0 | Fortune $0
Board [Jc Ah 7h]
Seat 1: 9e29655 (small blind) folded before Flop
Seat 2: 94e56fb5 (big blind) folded before Flop
Seat 3: 80a102a8 folded on the Flop
Seat 4: 9388abac folded before Flop (didn't bet)
Seat 5: Hero folded before Flop (didn't bet)
Seat 6: f7ddcffa (button) won ($1.21)


Poker Hand #HD1155508256: Hold'em No Limit  ($0.02/$0.05) - 2023/03/11 13:38:35
Table 'NLHBlue100' 6-max Seat #5 is the button
Seat 1: 9e29655 ($5.64 in chips)
Seat 2: 94e56fb5 ($4.58 in chips)
Seat 3: 80a102a8 ($5.16 in chips)
Seat 4: 9388abac ($1.11 in chips)
Seat 5: Hero ($5.92 in chips)
Seat 6: f7ddcffa ($5.22 in chips)
f7ddcffa: posts small blind $0.02
9e29655: posts big blind $0.05
*** HOLE CARDS ***
Dealt to 9e29655 
Dealt to 94e56fb5 
Dealt to 80a102a8 
Dealt to 9388abac 
Dealt to Hero [4c Jh]
Dealt to f7ddcffa 
94e56fb5: folds
80a102a8: folds
9388abac: folds
Hero: folds
f7ddcffa: raises $0.08 to $0.13
9e29655: folds
Uncalled bet ($0.08) returned to f7ddcffa
*** SHOWDOWN ***
f7ddcffa collected $0.1 from pot
*** SUMMARY ***
Total pot $0.1 | Rake $0 | Jackpot $0 | Bingo $0 | Fortune $0
Seat 1: 9e29655 (big blind) folded before Flop
Seat 2: 94e56fb5 folded before Flop (didn't bet)
Seat 3: 80a102a8 folded before Flop (didn't bet)
Seat 4: 9388abac folded before Flop (didn't bet)
Seat 5: Hero (button) folded before Flop (didn't bet)
Seat 6: f7ddcffa (small blind) collected ($0.1)


Poker Hand #HD1155508136: Hold'em No Limit  ($0.02/$0.05) - 2023/03/11 13:37:53
Table 'NLHBlue100' 6-max Seat #4 is the button
Seat 1: 9e29655 ($5.64 in chips)
Seat 2: 94e56fb5 ($4.83 in chips)
Seat 3: 80a102a8 ($5.16 in chips)
Seat 4: 9388abac ($0.81 in chips)
Seat 5: Hero ($5.94 in chips)
Seat 6: f7ddcffa ($5.27 in chips)
Hero: posts small blind $0.02
f7ddcffa: posts big blind $0.05
*** HOLE CARDS ***
Dealt to 9e29655 
Dealt to 94e56fb5 
Dealt to 80a102a8 
Dealt to 9388abac 
Dealt to Hero [Js 8h]
Dealt to f7ddcffa 
9e29655: folds
94e56fb5: raises $0.1 to $0.15
80a102a8: folds
9388abac: calls $0.15
Hero: folds
f7ddcffa: folds
*** FLOP *** [2s 4s Tc]
94e56fb5: checks
9388abac: checks
*** TURN *** [2s 4s Tc] [4h]
94e56fb5: checks
9388abac: bets $0.1
94e56fb5: calls $0.1
*** RIVER *** [2s 4s Tc 4h] [6d]
94e56fb5: checks
9388abac: bets $0.56 and is all-in
94e56fb5: folds
Uncalled bet ($0.56) returned to 9388abac
*** SHOWDOWN ***
9388abac collected $0.55 from pot
*** SUMMARY ***
Total pot $0.57 | Rake $0.02 | Jackpot $0 | Bingo $0 | Fortune $0
Board [2s 4s Tc 4h 6d]
Seat 1: 9e29655 folded before Flop (didn't bet)
Seat 2: 94e56fb5 folded on the River
Seat 3: 80a102a8 folded before Flop (didn't bet)
Seat 4: 9388abac (button) won ($0.55)
Seat 5: Hero (small blind) folded before Flop
Seat 6: f7ddcffa (big blind) folded before Flop


Poker Hand #HD1155507969: Hold'em No Limit  ($0.02/$0.05) - 2023/03/11 13:36:49
Table 'NLHBlue100' 6-max Seat #3 is the button
Seat 1: 9e29655 ($5.64 in chips)
Seat 2: 94e56fb5 ($4.83 in chips)
Seat 3: 80a102a8 ($4.84 in chips)
Seat 4: 9388abac ($0.83 in chips)
Seat 5: Hero ($5.99 in chips)
Seat 6: f7ddcffa ($5.55 in chips)
9388abac: posts small blind $0.02
Hero: posts big blind $0.05
*** HOLE CARDS ***
Dealt to 9e29655 
Dealt to 94e56fb5 
Dealt to 80a102a8 
Dealt to 9388abac 
Dealt to Hero [6s 9h]
Dealt to f7ddcffa 
f7ddcffa: raises $0.1 to $0.15
9e29655: folds
94e56fb5: folds
80a102a8: calls $0.15
9388abac: folds
Hero: folds
*** FLOP *** [5d Kd Tc]
f7ddcffa: bets $0.13
80a102a8: calls $0.13
*** TURN *** [5d Kd Tc] [8h]
f7ddcffa: checks
80a102a8: checks
*** RIVER *** [5d Kd Tc 8h] [4s]
f7ddcffa: checks
80a102a8: bets $0.48
f7ddcffa: folds
Uncalled bet ($0.48) returned to 80a102a8
*** SHOWDOWN ***
80a102a8 collected $0.6 from pot
*** SUMMARY ***
Total pot $0.63 | Rake $0.03 | Jackpot $0 | Bingo $0 | Fortune $0
Board [5d Kd Tc 8h 4s]
Seat 1: 9e29655 folded before Flop (didn't bet)
Seat 2: 94e56fb5 folded before Flop (didn't bet)
Seat 3: 80a102a8 (button) won ($0.6)
Seat 4: 9388abac (small blind) folded before Flop
Seat 5: Hero (big blind) folded before Flop
Seat 6: f7ddcffa folded on the River


Poker Hand #HD1155507900: Hold'em No Limit  ($0.02/$0.05) - 2023/03/11 13:36:23
Table 'NLHBlue100' 6-max Seat #2 is the button
Seat 1: 9e29655 ($5.64 in chips)
Seat 2: 94e56fb5 ($4.83 in chips)
Seat 3: 80a102a8 ($4.79 in chips)
Seat 4: 9388abac ($0.88 in chips)
Seat 5: Hero ($5.99 in chips)
Seat 6: f7ddcffa ($5.55 in chips)
80a102a8: posts small blind $0.02
9388abac: posts big blind $0.05
*** HOLE CARDS ***
Dealt to 9e29655 
Dealt to 94e56fb5 
Dealt to 80a102a8 
Dealt to 9388abac 
Dealt to Hero [Qd 2s]
Dealt to f7ddcffa 
Hero: folds
f7ddcffa: folds
9e29655: folds
94e56fb5: folds
80a102a8: calls $0.03
9388abac: checks
*** FLOP *** [Ad 3d Kc]
80a102a8: checks
9388abac: checks
*** TURN *** [Ad 3d Kc] [2d]
80a102a8: bets $0.1
9388abac: folds
Uncalled bet ($0.1) returned to 80a102a8
*** SHOWDOWN ***
80a102a8 collected $0.1 from pot
*** SUMMARY ***
Total pot $0.1 | Rake $0 | Jackpot $0 | Bingo $0 | Fortune $0
Board [Ad 3d Kc 2d]
Seat 1: 9e29655 folded before Flop (didn't bet)
Seat 2: 94e56fb5 (button) folded before Flop (didn't bet)
Seat 3: 80a102a8 (small blind) won ($0.1)
Seat 4: 9388abac (big blind) folded on the Turn
Seat 5: Hero folded before Flop (didn't bet)
Seat 6: f7ddcffa folded before Flop (didn't bet)


Poker Hand #HD1155507739: Hold'em No Limit  ($0.02/$0.05) - 2023/03/11 13:35:23
Table 'NLHBlue100' 6-max Seat #1 is the button
Seat 1: 9e29655 ($5.64 in chips)
Seat 2: 94e56fb5 ($4.88 in chips)
Seat 3: 80a102a8 ($4.74 in chips)
Seat 4: 9388abac ($0.88 in chips)
Seat 5: Hero ($5.99 in chips)
Seat 6: f7ddcffa ($5.55 in chips)
94e56fb5: posts small blind $0.02
80a102a8: posts big blind $0.05
*** HOLE CARDS ***
Dealt to 9e29655 
Dealt to 94e56fb5 
Dealt to 80a102a8 
Dealt to 9388abac 
Dealt to Hero [7h Qd]
Dealt to f7ddcffa 
9388abac: folds
Hero: folds
f7ddcffa: folds
9e29655: folds
94e56fb5: calls $0.03
80a102a8: checks
*** FLOP *** [Kd 4c 2d]
94e56fb5: checks
80a102a8: checks
*** TURN *** [Kd 4c 2d] [4d]
94e56fb5: checks
80a102a8: bets $0.05
94e56fb5: folds
Uncalled bet ($0.05) returned to 80a102a8
*** SHOWDOWN ***
80a102a8 collected $0.1 from pot
*** SUMMARY ***
Total pot $0.1 | Rake $0 | Jackpot $0 | Bingo $0 | Fortune $0
Board [Kd 4c 2d 4d]
Seat 1: 9e29655 (button) folded before Flop (didn't bet)
Seat 2: 94e56fb5 (small blind) folded on the Turn
Seat 3: 80a102a8 (big blind) won ($0.1)
Seat 4: 9388abac folded before Flop (didn't bet)
Seat 5: Hero folded before Flop (didn't bet)
Seat 6: f7ddcffa folded before Flop (didn't bet)


Poker Hand #HD1155507684: Hold'em No Limit  ($0.02/$0.05) - 2023/03/11 13:35:00
Table 'NLHBlue100' 6-max Seat #6 is the button
Seat 1: 9e29655 ($5.66 in chips)
Seat 2: 94e56fb5 ($4.93 in chips)
Seat 3: 80a102a8 ($4.74 in chips)
Seat 4: 9388abac ($0.88 in chips)
Seat 5: Hero ($5.99 in chips)
Seat 6: f7ddcffa ($5.48 in chips)
9e29655: posts small blind $0.02
94e56fb5: posts big blind $0.05
*** HOLE CARDS ***
Dealt to 9e29655 
Dealt to 94e56fb5 
Dealt to 80a102a8 
Dealt to 9388abac 
Dealt to Hero [2h 3c]
Dealt to f7ddcffa 
80a102a8: folds
9388abac: folds
Hero: folds
f7ddcffa: raises $0.08 to $0.13
9e29655: folds
94e56fb5: folds
Uncalled bet ($0.08) returned to f7ddcffa
*** SHOWDOWN ***
f7ddcffa collected $0.12 from pot
*** SUMMARY ***
Total pot $0.12 | Rake $0 | Jackpot $0 | Bingo $0 | Fortune $0
Seat 1: 9e29655 (small blind) folded before Flop
Seat 2: 94e56fb5 (big blind) folded before Flop
Seat 3: 80a102a8 folded before Flop (didn't bet)
Seat 4: 9388abac folded before Flop (didn't bet)
Seat 5: Hero folded before Flop (didn't bet)
Seat 6: f7ddcffa (button) collected ($0.12)


Poker Hand #HD1155507651: Hold'em No Limit  ($0.02/$0.05) - 2023/03/11 13:34:47
Table 'NLHBlue100' 6-max Seat #5 is the button
Seat 1: 9e29655 ($5.71 in chips)
Seat 2: 94e56fb5 ($4.93 in chips)
Seat 3: 80a102a8 ($4.67 in chips)
Seat 4: 9388abac ($0.88 in chips)
Seat 5: Hero ($5.99 in chips)
Seat 6: f7ddcffa ($5.5 in chips)
f7ddcffa: posts small blind $0.02
9e29655: posts big blind $0.05
*** HOLE CARDS ***
Dealt to 9e29655 
Dealt to 94e56fb5 
Dealt to 80a102a8 
Dealt to 9388abac 
Dealt to Hero [2d Ac]
Dealt to f7ddcffa 
94e56fb5: folds
80a102a8: raises $0.05 to $0.1
9388abac: folds
Hero: folds
f7ddcffa: folds
9e29655: folds
Uncalled bet ($0.05) returned to 80a102a8
*** SHOWDOWN ***
80a102a8 collected $0.12 from pot
*** SUMMARY ***
Total pot $0.12 | Rake $0 | Jackpot $0 | Bingo $0 | Fortune $0
Seat 1: 9e29655 (big blind) folded before Flop
Seat 2: 94e56fb5 folded before Flop (didn't bet)
Seat 3: 80a102a8 collected ($0.12)
Seat 4: 9388abac folded before Flop (didn't bet)
Seat 5: Hero (button) folded before Flop (didn't bet)
Seat 6: f7ddcffa (small blind) folded before Flop


Poker Hand #HD1155507551: Hold'em No Limit  ($0.02/$0.05) - 2023/03/11 13:34:07
Table 'NLHBlue100' 6-max Seat #4 is the button
Seat 1: 9e29655 ($5.71 in chips)
Seat 2: 94e56fb5 ($4.93 in chips)
Seat 3: 80a102a8 ($4.72 in chips)
Seat 4: 9388abac ($0.88 in chips)
Seat 5: Hero ($6.01 in chips)
Seat 6: f7ddcffa ($5.43 in chips)
Hero: posts small blind $0.02
f7ddcffa: posts big blind $0.05
*** HOLE CARDS ***
Dealt to 9e29655 
Dealt to 94e56fb5 
Dealt to 80a102a8 
Dealt to 9388abac 
Dealt to Hero [Ad 6h]
Dealt to f7ddcffa 
9e29655: folds
94e56fb5: folds
80a102a8: calls $0.05
9388abac: folds
Hero: folds
f7ddcffa: checks
*** FLOP *** [3d As 4d]
f7ddcffa: checks
80a102a8: checks
*** TURN *** [3d As 4d] [Qs]
f7ddcffa: bets $0.1
80a102a8: folds
Uncalled bet ($0.1) returned to f7ddcffa
*** SHOWDOWN ***
f7ddcffa collected $0.12 from pot
*** SUMMARY ***
Total pot $0.12 | Rake $0 | Jackpot $0 | Bingo $0 | Fortune $0
Board [3d As 4d Qs]
Seat 1: 9e29655 folded before Flop (didn't bet)
Seat 2: 94e56fb5 folded before Flop (didn't bet)
Seat 3: 80a102a8 folded on the Turn
Seat 4: 9388abac (button) folded before Flop (didn't bet)
Seat 5: Hero (small blind) folded before Flop
Seat 6: f7ddcffa (big blind) won ($0.12)


Poker Hand #HD1155507500: Hold'em No Limit  ($0.02/$0.05) - 2023/03/11 13:33:49
Table 'NLHBlue100' 6-max Seat #3 is the button
Seat 1: 9e29655 ($5.71 in chips)
Seat 2: 94e56fb5 ($4.93 in chips)
Seat 3: 80a102a8 ($4.72 in chips)
Seat 4: 9388abac ($0.9 in chips)
Seat 5: Hero ($5.99 in chips)
Seat 6: f7ddcffa ($5.43 in chips)
9388abac: posts small blind $0.02
Hero: posts big blind $0.05
*** HOLE CARDS ***
Dealt to 9e29655 
Dealt to 94e56fb5 
Dealt to 80a102a8 
Dealt to 9388abac 
Dealt to Hero [2d Ad]
Dealt to f7ddcffa 
f7ddcffa: folds
9e29655: folds
94e56fb5: folds
80a102a8: folds
9388abac: folds
Uncalled bet ($0.03) returned to Hero
*** SHOWDOWN ***
Hero collected $0.04 from pot
*** SUMMARY ***
Total pot $0.04 | Rake $0 | Jackpot $0 | Bingo $0 | Fortune $0
Seat 1: 9e29655 folded before Flop (didn't bet)
Seat 2: 94e56fb5 folded before Flop (didn't bet)
Seat 3: 80a102a8 (button) folded before Flop (didn't bet)
Seat 4: 9388abac (small blind) folded before Flop
Seat 5: Hero (big blind) collected ($0.04)
Seat 6: f7ddcffa folded before Flop (didn't bet)


Poker Hand #HD1155507427: Hold'em No Limit  ($0.02/$0.05) - 2023/03/11 13:33:23
Table 'NLHBlue100' 6-max Seat #2 is the button
Seat 1: 9e29655 ($5.71 in chips)
Seat 2: 94e56fb5 ($4.93 in chips)
Seat 3: 80a102a8 ($4.74 in chips)
Seat 4: 9388abac ($0.95 in chips)
Seat 5: Hero ($5.92 in chips)
Seat 6: f7ddcffa ($5.43 in chips)
80a102a8: posts small blind $0.02
9388abac: posts big blind $0.05
*** HOLE CARDS ***
Dealt to 9e29655 
Dealt to 94e56fb5 
Dealt to 80a102a8 
Dealt to 9388abac 
Dealt to Hero [8h 9h]
Dealt to f7ddcffa 
Hero: raises $0.07 to $0.12
f7ddcffa: folds
9e29655: folds
94e56fb5: folds
80a102a8: folds
9388abac: folds
Uncalled bet ($0.07) returned to Hero
*** SHOWDOWN ***
Hero collected $0.12 from pot
*** SUMMARY ***
Total pot $0.12 | Rake $0 | Jackpot $0 | Bingo $0 | Fortune $0
Seat 1: 9e29655 folded before Flop (didn't bet)
Seat 2: 94e56fb5 (button) folded before Flop (didn't bet)
Seat 3: 80a102a8 (small blind) folded before Flop
Seat 4: 9388abac (big blind) folded before Flop
Seat 5: Hero collected ($0.12)
Seat 6: f7ddcffa folded before Flop (didn't bet)


Poker Hand #HD1155507346: Hold'em No Limit  ($0.02/$0.05) - 2023/03/11 13:32:52
Table 'NLHBlue100' 6-max Seat #1 is the button
Seat 1: 9e29655 ($5.71 in chips)
Seat 2: 94e56fb5 ($4.95 in chips)
Seat 3: 80a102a8 ($4.67 in chips)
Seat 4: 9388abac ($1 in chips)
Seat 5: Hero ($5.92 in chips)
Seat 6: f7ddcffa ($5.43 in chips)
94e56fb5: posts small blind $0.02
80a102a8: posts big blind $0.05
9388abac: posts big blind $0.05
*** HOLE CARDS ***
Dealt to 9e29655 
Dealt to 94e56fb5 
Dealt to 80a102a8 
Dealt to 9388abac 
Dealt to Hero [6h Js]
Dealt to f7ddcffa 
9388abac: checks
Hero: folds
f7ddcffa: folds
9e29655: folds
94e56fb5: folds
80a102a8: checks
*** FLOP *** [Ts 4d 8d]
80a102a8: checks
9388abac: checks
*** TURN *** [Ts 4d 8d] [Th]
80a102a8: bets $0.06
9388abac: folds
Uncalled bet ($0.06) returned to 80a102a8
*** SHOWDOWN ***
80a102a8 collected $0.12 from pot
*** SUMMARY ***
Total pot $0.12 | Rake $0 | Jackpot $0 | Bingo $0 | Fortune $0
Board [Ts 4d 8d Th]
Seat 1: 9e29655 (button) folded before Flop (didn't bet)
Seat 2: 94e56fb5 (small blind) folded before Flop
Seat 3: 80a102a8 (big blind) won ($0.12)
Seat 4: 9388abac folded on the Turn
Seat 5: Hero folded before Flop (didn't bet)
Seat 6: f7ddcffa folded before Flop (didn't bet)


Poker Hand #HD1155507253: Hold'em No Limit  ($0.02/$0.05) - 2023/03/11 13:32:19
Table 'NLHBlue100' 6-max Seat #6 is the button
Seat 1: 9e29655 ($5.73 in chips)
Seat 2: 94e56fb5 ($5 in chips)
Seat 3: 80a102a8 ($4.33 in chips)
Seat 5: Hero ($6.22 in chips)
Seat 6: f7ddcffa ($5.43 in chips)
9e29655: posts small blind $0.02
94e56fb5: posts big blind $0.05
*** HOLE CARDS ***
Dealt to 9e29655 
Dealt to 94e56fb5 
Dealt to 80a102a8 
Dealt to Hero [Kc Qh]
Dealt to f7ddcffa 
80a102a8: raises $0.05 to $0.1
Hero: raises $0.2 to $0.3
f7ddcffa: folds
9e29655: folds
94e56fb5: folds
80a102a8: raises $0.67 to $0.97
Hero: folds
Uncalled bet ($0.67) returned to 80a102a8
*** SHOWDOWN ***
80a102a8 collected $0.64 from pot
*** SUMMARY ***
Total pot $0.67 | Rake $0.03 | Jackpot $0 | Bingo $0 | Fortune $0
Seat 1: 9e29655 (small blind) folded before Flop
Seat 2: 94e56fb5 (big blind) folded before Flop
Seat 3: 80a102a8 collected ($0.64)
Seat 5: Hero folded before Flop
Seat 6: f7ddcffa (button) folded before Flop (didn't bet)


Poker Hand #HD1155507171: Hold'em No Limit  ($0.02/$0.05) - 2023/03/11 13:31:54
Table 'NLHBlue100' 6-max Seat #5 is the button
Seat 1: 9e29655 ($5.78 in chips)
Seat 3: 80a102a8 ($4.33 in chips)
Seat 5: Hero ($6.15 in chips)
Seat 6: f7ddcffa ($5.45 in chips)
f7ddcffa: posts small blind $0.02
9e29655: posts big blind $0.05
*** HOLE CARDS ***
Dealt to 9e29655 
Dealt to 80a102a8 
Dealt to Hero [8s 7s]
Dealt to f7ddcffa 
80a102a8: folds
Hero: raises $0.07 to $0.12
f7ddcffa: folds
9e29655: folds
Uncalled bet ($0.07) returned to Hero
*** SHOWDOWN ***
Hero collected $0.12 from pot
*** SUMMARY ***
Total pot $0.12 | Rake $0 | Jackpot $0 | Bingo $0 | Fortune $0
Seat 1: 9e29655 (big blind) folded before Flop
Seat 3: 80a102a8 folded before Flop (didn't bet)
Seat 5: Hero (button) collected ($0.12)
Seat 6: f7ddcffa (small blind) folded before Flop


Poker Hand #HD1155507129: Hold'em No Limit  ($0.02/$0.05) - 2023/03/11 13:31:39
Table 'NLHBlue100' 6-max Seat #3 is the button
Seat 1: 9e29655 ($5.71 in chips)
Seat 3: 80a102a8 ($4.33 in chips)
Seat 5: Hero ($6.17 in chips)
Seat 6: f7ddcffa ($5.5 in chips)
Hero: posts small blind $0.02
f7ddcffa: posts big blind $0.05
*** HOLE CARDS ***
Dealt to 9e29655 
Dealt to 80a102a8 
Dealt to Hero [5s Kd]
Dealt to f7ddcffa 
9e29655: raises $0.05 to $0.1
80a102a8: folds
Hero: folds
f7ddcffa: folds
Uncalled bet ($0.05) returned to 9e29655
*** SHOWDOWN ***
9e29655 collected $0.12 from pot
*** SUMMARY ***
Total pot $0.12 | Rake $0 | Jackpot $0 | Bingo $0 | Fortune $0
Seat 1: 9e29655 collected ($0.12)
Seat 3: 80a102a8 (button) folded before Flop (didn't bet)
Seat 5: Hero (small blind) folded before Flop
Seat 6: f7ddcffa (big blind) folded before Flop


Poker Hand #HD1155507053: Hold'em No Limit  ($0.02/$0.05) - 2023/03/11 13:31:07
Table 'NLHBlue100' 6-max Seat #1 is the button
Seat 1: 9e29655 ($5.71 in chips)
Seat 3: 80a102a8 ($4.43 in chips)
Seat 5: Hero ($6.08 in chips)
Seat 6: f7ddcffa ($5.5 in chips)
80a102a8: posts small blind $0.02
Hero: posts big blind $0.05
*** HOLE CARDS ***
Dealt to 9e29655 
Dealt to 80a102a8 
Dealt to Hero [7s 4d]
Dealt to f7ddcffa 
f7ddcffa: folds
9e29655: folds
80a102a8: calls $0.03
Hero: checks
*** FLOP *** [7d Jh 5d]
80a102a8: checks
Hero: checks
*** TURN *** [7d Jh 5d] [2d]
80a102a8: bets $0.05
Hero: calls $0.05
*** RIVER *** [7d Jh 5d 2d] [Ts]
80a102a8: checks
Hero: checks
80a102a8: shows [3c 6d] (Jack-High)
Hero: shows [7s 4d] (Pair of Sevens)
*** SHOWDOWN ***
Hero collected $0.19 from pot
*** SUMMARY ***
Total pot $0.2 | Rake $0.01 | Jackpot $0 | Bingo $0 | Fortune $0
Board [7d Jh 5d 2d Ts]
Seat 1: 9e29655 (button) folded before Flop (didn't bet)
Seat 3: 80a102a8 (small blind) showed [3c 6d] and lost with Jack-High
Seat 5: Hero (big blind) showed [7s 4d] and won ($0.19) with Pair of Sevens
Seat 6: f7ddcffa folded before Flop (didn't bet)


Poker Hand #HD1155507000: Hold'em No Limit  ($0.02/$0.05) - 2023/03/11 13:30:49
Table 'NLHBlue100' 6-max Seat #6 is the button
Seat 1: 9e29655 ($5.81 in chips)
Seat 3: 80a102a8 ($4.34 in chips)
Seat 5: Hero ($6.08 in chips)
Seat 6: f7ddcffa ($5.5 in chips)
9e29655: posts small blind $0.02
80a102a8: posts big blind $0.05
*** HOLE CARDS ***
Dealt to 9e29655 
Dealt to 80a102a8 
Dealt to Hero [9d 2s]
Dealt to f7ddcffa 
Hero: folds
f7ddcffa: folds
9e29655: raises $0.05 to $0.1
80a102a8: raises $4.24 to $4.34 and is all-in
9e29655: folds
Uncalled bet ($4.24) returned to 80a102a8
*** SHOWDOWN ***
80a102a8 collected $0.19 from pot
*** SUMMARY ***
Total pot $0.2 | Rake $0.01 | Jackpot $0 | Bingo $0 | Fortune $0
Seat 1: 9e29655 (small blind) folded before Flop
Seat 3: 80a102a8 (big blind) collected ($0.19)
Seat 5: Hero folded before Flop (didn't bet)
Seat 6: f7ddcffa (button) folded before Flop (didn't bet)


Poker Hand #HD1155506952: Hold'em No Limit  ($0.02/$0.05) - 2023/03/11 13:30:29
Table 'NLHBlue100' 6-max Seat #5 is the button
Seat 1: 9e29655 ($5.86 in chips)
Seat 3: 80a102a8 ($4.27 in chips)
Seat 5: Hero ($6.08 in chips)
Seat 6: f7ddcffa ($5.52 in chips)
f7ddcffa: posts small blind $0.02
9e29655: posts big blind $0.05
*** HOLE CARDS ***
Dealt to 9e29655 
Dealt to 80a102a8 
Dealt to Hero [7c 2d]
Dealt to f7ddcffa 
80a102a8: raises $0.05 to $0.1
Hero: folds
f7ddcffa: folds
9e29655: folds
Uncalled bet ($0.05) returned to 80a102a8
*** SHOWDOWN ***
80a102a8 collected $0.12 from pot
*** SUMMARY ***
Total pot $0.12 | Rake $0 | Jackpot $0 | Bingo $0 | Fortune $0
Seat 1: 9e29655 (big blind) folded before Flop
Seat 3: 80a102a8 collected ($0.12)
Seat 5: Hero (button) folded before Flop (didn't bet)
Seat 6: f7ddcffa (small blind) folded before Flop


Poker Hand #HD1155506918: Hold'em No Limit  ($0.02/$0.05) - 2023/03/11 13:30:17
Table 'NLHBlue100' 6-max Seat #3 is the button
Seat 1: 9e29655 ($5.86 in chips)
Seat 3: 80a102a8 ($4.2 in chips)
Seat 5: Hero ($6.1 in chips)
Seat 6: f7ddcffa ($5.57 in chips)
Hero: posts small blind $0.02
f7ddcffa: posts big blind $0.05
*** HOLE CARDS ***
Dealt to 9e29655 
Dealt to 80a102a8 
Dealt to Hero [Jh 4s]
Dealt to f7ddcffa 
9e29655: folds
80a102a8: raises $0.05 to $0.1
Hero: folds
f7ddcffa: folds
Uncalled bet ($0.05) returned to 80a102a8
*** SHOWDOWN ***
80a102a8 collected $0.12 from pot
*** SUMMARY ***
Total pot $0.12 | Rake $0 | Jackpot $0 | Bingo $0 | Fortune $0
Seat 1: 9e29655 folded before Flop (didn't bet)
Seat 3: 80a102a8 (button) collected ($0.12)
Seat 5: Hero (small blind) folded before Flop
Seat 6: f7ddcffa (big blind) folded before Flop


Poker Hand #HD1155506844: Hold'em No Limit  ($0.02/$0.05) - 2023/03/11 13:29:52
Table 'NLHBlue100' 6-max Seat #1 is the button
Seat 1: 9e29655 ($5.86 in chips)
Seat 3: 80a102a8 ($4.25 in chips)
Seat 5: Hero ($6.05 in chips)
Seat 6: f7ddcffa ($5.57 in chips)
80a102a8: posts small blind $0.02
Hero: posts big blind $0.05
*** HOLE CARDS ***
Dealt to 9e29655 
Dealt to 80a102a8 
Dealt to Hero [2s Ts]
Dealt to f7ddcffa 
f7ddcffa: folds
9e29655: folds
80a102a8: calls $0.03
Hero: checks
*** FLOP *** [Kh Td 8h]
80a102a8: checks
Hero: bets $0.05
80a102a8: folds
Uncalled bet ($0.05) returned to Hero
*** SHOWDOWN ***
Hero collected $0.1 from pot
*** SUMMARY ***
Total pot $0.1 | Rake $0 | Jackpot $0 | Bingo $0 | Fortune $0
Board [Kh Td 8h]
Seat 1: 9e29655 (button) folded before Flop (didn't bet)
Seat 3: 80a102a8 (small blind) folded on the Flop
Seat 5: Hero (big blind) won ($0.1)
Seat 6: f7ddcffa folded before Flop (didn't bet)


Poker Hand #HD1155506823: Hold'em No Limit  ($0.02/$0.05) - 2023/03/11 13:29:43
Table 'NLHBlue100' 6-max Seat #6 is the button
Seat 1: 9e29655 ($5.88 in chips)
Seat 3: 80a102a8 ($4.3 in chips)
Seat 5: Hero ($6.05 in chips)
Seat 6: f7ddcffa ($5.5 in chips)
9e29655: posts small blind $0.02
80a102a8: posts big blind $0.05
*** HOLE CARDS ***
Dealt to 9e29655 
Dealt to 80a102a8 
Dealt to Hero [Ts 9h]
Dealt to f7ddcffa 
Hero: folds
f7ddcffa: raises $0.08 to $0.13
9e29655: folds
80a102a8: folds
Uncalled bet ($0.08) returned to f7ddcffa
*** SHOWDOWN ***
f7ddcffa collected $0.12 from pot
*** SUMMARY ***
Total pot $0.12 | Rake $0 | Jackpot $0 | Bingo $0 | Fortune $0
Seat 1: 9e29655 (small blind) folded before Flop
Seat 3: 80a102a8 (big blind) folded before Flop
Seat 5: Hero folded before Flop (didn't bet)
Seat 6: f7ddcffa (button) collected ($0.12)


Poker Hand #HD1155506769: Hold'em No Limit  ($0.02/$0.05) - 2023/03/11 13:29:26
Table 'NLHBlue100' 6-max Seat #5 is the button
Seat 1: 9e29655 ($5.93 in chips)
Seat 2: 10c00646 ($4.16 in chips)
Seat 3: 80a102a8 ($4.3 in chips)
Seat 5: Hero ($6.05 in chips)
Seat 6: f7ddcffa ($5.45 in chips)
f7ddcffa: posts small blind $0.02
9e29655: posts big blind $0.05
*** HOLE CARDS ***
Dealt to 9e29655 
Dealt to 10c00646 
Dealt to 80a102a8 
Dealt to Hero [5s Jd]
Dealt to f7ddcffa 
10c00646: folds
80a102a8: folds
Hero: folds
f7ddcffa: raises $0.08 to $0.13
9e29655: folds
Uncalled bet ($0.08) returned to f7ddcffa
*** SHOWDOWN ***
f7ddcffa collected $0.1 from pot
*** SUMMARY ***
Total pot $0.1 | Rake $0 | Jackpot $0 | Bingo $0 | Fortune $0
Seat 1: 9e29655 (big blind) folded before Flop
Seat 2: 10c00646 folded before Flop (didn't bet)
Seat 3: 80a102a8 folded before Flop (didn't bet)
Seat 5: Hero (button) folded before Flop (didn't bet)
Seat 6: f7ddcffa (small blind) collected ($0.1)


Poker Hand #HD1155506627: Hold'em No Limit  ($0.02/$0.05) - 2023/03/11 13:28:34
Table 'NLHBlue100' 6-max Seat #4 is the button
Seat 1: 9e29655 ($5.93 in chips)
Seat 2: 10c00646 ($4.16 in chips)
Seat 3: 80a102a8 ($3.92 in chips)
Seat 4: 5f6628ac ($4.97 in chips)
Seat 5: Hero ($6.07 in chips)
Seat 6: f7ddcffa ($5.5 in chips)
Hero: posts small blind $0.02
f7ddcffa: posts big blind $0.05
*** HOLE CARDS ***
Dealt to 9e29655 
Dealt to 10c00646 
Dealt to 80a102a8 
Dealt to 5f6628ac 
Dealt to Hero [9s 4d]
Dealt to f7ddcffa 
9e29655: folds
10c00646: folds
80a102a8: calls $0.05
5f6628ac: raises $0.13 to $0.18
Hero: folds
f7ddcffa: folds
80a102a8: calls $0.13
*** FLOP *** [Kc 7d 2h]
80a102a8: checks
5f6628ac: bets $0.16
80a102a8: calls $0.16
*** TURN *** [Kc 7d 2h] [4c]
80a102a8: checks
5f6628ac: checks
*** RIVER *** [Kc 7d 2h 4c] [5d]
80a102a8: bets $0.75
5f6628ac: folds
Uncalled bet ($0.75) returned to 80a102a8
*** SHOWDOWN ***
80a102a8 collected $0.72 from pot
*** SUMMARY ***
Total pot $0.75 | Rake $0.03 | Jackpot $0 | Bingo $0 | Fortune $0
Board [Kc 7d 2h 4c 5d]
Seat 1: 9e29655 folded before Flop (didn't bet)
Seat 2: 10c00646 folded before Flop (didn't bet)
Seat 3: 80a102a8 won ($0.72)
Seat 4: 5f6628ac (button) folded on the River
Seat 5: Hero (small blind) folded before Flop
Seat 6: f7ddcffa (big blind) folded before Flop


Poker Hand #HD1155506528: Hold'em No Limit  ($0.02/$0.05) - 2023/03/11 13:27:55
Table 'NLHBlue100' 6-max Seat #3 is the button
Seat 1: 9e29655 ($5.93 in chips)
Seat 2: 10c00646 ($4.31 in chips)
Seat 3: 80a102a8 ($3.92 in chips)
Seat 4: 5f6628ac ($5.12 in chips)
Seat 5: Hero ($5.79 in chips)
Seat 6: f7ddcffa ($5.5 in chips)
5f6628ac: posts small blind $0.02
Hero: posts big blind $0.05
*** HOLE CARDS ***
Dealt to 9e29655 
Dealt to 10c00646 
Dealt to 80a102a8 
Dealt to 5f6628ac 
Dealt to Hero [Kc Jc]
Dealt to f7ddcffa 
f7ddcffa: folds
9e29655: folds
10c00646: raises $0.1 to $0.15
80a102a8: folds
5f6628ac: calls $0.13
Hero: raises $0.59 to $0.74
10c00646: folds
5f6628ac: folds
Uncalled bet ($0.59) returned to Hero
*** SHOWDOWN ***
Hero collected $0.43 from pot
*** SUMMARY ***
Total pot $0.45 | Rake $0.02 | Jackpot $0 | Bingo $0 | Fortune $0
Seat 1: 9e29655 folded before Flop (didn't bet)
Seat 2: 10c00646 folded before Flop
Seat 3: 80a102a8 (button) folded before Flop (didn't bet)
Seat 4: 5f6628ac (small blind) folded before Flop
Seat 5: Hero (big blind) collected ($0.43)
Seat 6: f7ddcffa folded before Flop (didn't bet)


Poker Hand #HD1155506341: Hold'em No Limit  ($0.02/$0.05) - 2023/03/11 13:26:38
Table 'NLHBlue100' 6-max Seat #2 is the button
Seat 1: 9e29655 ($5.02 in chips)
Seat 2: 10c00646 ($4.31 in chips)
Seat 3: 80a102a8 ($4.87 in chips)
Seat 4: 5f6628ac ($5.22 in chips)
Seat 5: Hero ($5.79 in chips)
Seat 6: f7ddcffa ($5.5 in chips)
80a102a8: posts small blind $0.02
5f6628ac: posts big blind $0.05
*** HOLE CARDS ***
Dealt to 9e29655 
Dealt to 10c00646 
Dealt to 80a102a8 
Dealt to 5f6628ac 
Dealt to Hero [4s 2c]
Dealt to f7ddcffa 
Hero: folds
f7ddcffa: folds
9e29655: raises $0.05 to $0.1
10c00646: folds
80a102a8: calls $0.08
5f6628ac: calls $0.05
*** FLOP *** [8c Ks 4d]
80a102a8: checks
5f6628ac: checks
9e29655: bets $0.1
80a102a8: calls $0.1
5f6628ac: folds
*** TURN *** [8c Ks 4d] [5c]
80a102a8: bets $0.25
9e29655: calls $0.25
*** RIVER *** [8c Ks 4d 5c] [8d]
80a102a8: bets $0.5
9e29655: calls $0.5
80a102a8: shows [9c 6d] (Pair of Eights)
9e29655: shows [Kc 6c] (Pair of Kings and Pair of Eights)
*** SHOWDOWN ***
9e29655 collected $1.86 from pot
*** SUMMARY ***
Total pot $2 | Rake $0.09 | Jackpot $0.05 | Bingo $0 | Fortune $0
Board [8c Ks 4d 5c 8d]
Seat 1: 9e29655 showed [Kc 6c] and won ($1.86) with Pair of Kings and Pair of Eights
Seat 2: 10c00646 (button) folded before Flop (didn't bet)
Seat 3: 80a102a8 (small blind) showed [9c 6d] and lost with Pair of Eights
Seat 4: 5f6628ac (big blind) folded on the Flop
Seat 5: Hero folded before Flop (didn't bet)
Seat 6: f7ddcffa folded before Flop (didn't bet)


Poker Hand #HD1155506243: Hold'em No Limit  ($0.02/$0.05) - 2023/03/11 13:26:03
Table 'NLHBlue100' 6-max Seat #1 is the button
Seat 1: 9e29655 ($5.02 in chips)
Seat 2: 10c00646 ($4.33 in chips)
Seat 3: 80a102a8 ($5 in chips)
Seat 4: 5f6628ac ($5.22 in chips)
Seat 5: Hero ($5.79 in chips)
Seat 6: f7ddcffa ($5.36 in chips)
10c00646: posts small blind $0.02
80a102a8: posts big blind $0.05
*** HOLE CARDS ***
Dealt to 9e29655 
Dealt to 10c00646 
Dealt to 80a102a8 
Dealt to 5f6628ac 
Dealt to Hero [2h Ts]
Dealt to f7ddcffa 
5f6628ac: folds
Hero: folds
f7ddcffa: raises $0.08 to $0.13
9e29655: folds
10c00646: folds
80a102a8: calls $0.08
*** FLOP *** [8s Qh Ac]
80a102a8: checks
f7ddcffa: bets $0.1
80a102a8: folds
Uncalled bet ($0.1) returned to f7ddcffa
*** SHOWDOWN ***
f7ddcffa collected $0.27 from pot
*** SUMMARY ***
Total pot $0.28 | Rake $0.01 | Jackpot $0 | Bingo $0 | Fortune $0
Board [8s Qh Ac]
Seat 1: 9e29655 (button) folded before Flop (didn't bet)
Seat 2: 10c00646 (small blind) folded before Flop
Seat 3: 80a102a8 (big blind) folded on the Flop
Seat 4: 5f6628ac folded before Flop (didn't bet)
Seat 5: Hero folded before Flop (didn't bet)
Seat 6: f7ddcffa won ($0.27)


Poker Hand #HD1155506166: Hold'em No Limit  ($0.02/$0.05) - 2023/03/11 13:25:35
Table 'NLHBlue100' 6-max Seat #6 is the button
Seat 1: 9e29655 ($5 in chips)
Seat 2: 10c00646 ($4.38 in chips)
Seat 4: 5f6628ac ($5.22 in chips)
Seat 5: Hero ($5.72 in chips)
Seat 6: f7ddcffa ($5.36 in chips)
9e29655: posts small blind $0.02
10c00646: posts big blind $0.05
*** HOLE CARDS ***
Dealt to 9e29655 
Dealt to 10c00646 
Dealt to 5f6628ac 
Dealt to Hero [Jc Ad]
Dealt to f7ddcffa 
5f6628ac: folds
Hero: raises $0.07 to $0.12
f7ddcffa: folds
9e29655: folds
10c00646: folds
Uncalled bet ($0.07) returned to Hero
*** SHOWDOWN ***
Hero collected $0.12 from pot
*** SUMMARY ***
Total pot $0.12 | Rake $0 | Jackpot $0 | Bingo $0 | Fortune $0
Seat 1: 9e29655 (small blind) folded before Flop
Seat 2: 10c00646 (big blind) folded before Flop
Seat 4: 5f6628ac folded before Flop (didn't bet)
Seat 5: Hero collected ($0.12)
Seat 6: f7ddcffa (button) folded before Flop (didn't bet)


Poker Hand #HD1155506087: Hold'em No Limit  ($0.02/$0.05) - 2023/03/11 13:25:01
Table 'NLHBlue100' 6-max Seat #5 is the button
Seat 1: 9e29655 ($5 in chips)
Seat 2: 10c00646 ($4.31 in chips)
Seat 4: 5f6628ac ($5.22 in chips)
Seat 5: Hero ($5.72 in chips)
Seat 6: f7ddcffa ($5.38 in chips)
f7ddcffa: posts small blind $0.02
9e29655: posts big blind $0.05
*** HOLE CARDS ***
Dealt to 9e29655 
Dealt to 10c00646 
Dealt to 5f6628ac 
Dealt to Hero [8h Ts]
Dealt to f7ddcffa 
10c00646: raises $0.1 to $0.15
5f6628ac: folds
Hero: folds
f7ddcffa: folds
9e29655: folds
Uncalled bet ($0.1) returned to 10c00646
*** SHOWDOWN ***
10c00646 collected $0.12 from pot
*** SUMMARY ***
Total pot $0.12 | Rake $0 | Jackpot $0 | Bingo $0 | Fortune $0
Seat 1: 9e29655 (big blind) folded before Flop
Seat 2: 10c00646 collected ($0.12)
Seat 4: 5f6628ac folded before Flop (didn't bet)
Seat 5: Hero (button) folded before Flop (didn't bet)
Seat 6: f7ddcffa (small blind) folded before Flop


Poker Hand #HD1155506029: Hold'em No Limit  ($0.02/$0.05) - 2023/03/11 13:24:41
Table 'NLHBlue100' 6-max Seat #4 is the button
Seat 2: 10c00646 ($4.24 in chips)
Seat 4: 5f6628ac ($5.22 in chips)
Seat 5: Hero ($5.74 in chips)
Seat 6: f7ddcffa ($5.43 in chips)
Hero: posts small blind $0.02
f7ddcffa: posts big blind $0.05
*** HOLE CARDS ***
Dealt to 10c00646 
Dealt to 5f6628ac 
Dealt to Hero [4s 5c]
Dealt to f7ddcffa 
10c00646: raises $0.1 to $0.15
5f6628ac: folds
Hero: folds
f7ddcffa: folds
Uncalled bet ($0.1) returned to 10c00646
*** SHOWDOWN ***
10c00646 collected $0.12 from pot
*** SUMMARY ***
Total pot $0.12 | Rake $0 | Jackpot $0 | Bingo $0 | Fortune $0
Seat 2: 10c00646 collected ($0.12)
Seat 4: 5f6628ac (button) folded before Flop (didn't bet)
Seat 5: Hero (small blind) folded before Flop
Seat 6: f7ddcffa (big blind) folded before Flop


Poker Hand #HD1155505891: Hold'em No Limit  ($0.02/$0.05) - 2023/03/11 13:23:52
Table 'NLHBlue100' 6-max Seat #2 is the button
Seat 2: 10c00646 ($4.55 in chips)
Seat 4: 5f6628ac ($5.24 in chips)
Seat 5: Hero ($5.44 in chips)
Seat 6: f7ddcffa ($5.43 in chips)
5f6628ac: posts small blind $0.02
Hero: posts big blind $0.05
*** HOLE CARDS ***
Dealt to 10c00646 
Dealt to 5f6628ac 
Dealt to Hero [9d As]
Dealt to f7ddcffa 
f7ddcffa: folds
10c00646: raises $0.1 to $0.15
5f6628ac: folds
Hero: calls $0.1
*** FLOP *** [6c 5c 8d]
Hero: bets $0.16
10c00646: calls $0.16
*** TURN *** [6c 5c 8d] [Js]
Hero: bets $0.32
10c00646: folds
Uncalled bet ($0.32) returned to Hero
*** SHOWDOWN ***
Hero collected $0.61 from pot
*** SUMMARY ***
Total pot $0.64 | Rake $0.03 | Jackpot $0 | Bingo $0 | Fortune $0
Board [6c 5c 8d Js]
Seat 2: 10c00646 (button) folded on the Turn
Seat 4: 5f6628ac (small blind) folded before Flop
Seat 5: Hero (big blind) won ($0.61)
Seat 6: f7ddcffa folded before Flop (didn't bet)


Poker Hand #HD1155505839: Hold'em No Limit  ($0.02/$0.05) - 2023/03/11 13:23:38
Table 'NLHBlue100' 6-max Seat #6 is the button
Seat 2: 10c00646 ($4.57 in chips)
Seat 4: 5f6628ac ($5.29 in chips)
Seat 5: Hero ($5.37 in chips)
Seat 6: f7ddcffa ($5.43 in chips)
10c00646: posts small blind $0.02
5f6628ac: posts big blind $0.05
*** HOLE CARDS ***
Dealt to 10c00646 
Dealt to 5f6628ac 
Dealt to Hero [Jc Ah]
Dealt to f7ddcffa 
Hero: raises $0.07 to $0.12
f7ddcffa: folds
10c00646: folds
5f6628ac: folds
Uncalled bet ($0.07) returned to Hero
*** SHOWDOWN ***
Hero collected $0.12 from pot
*** SUMMARY ***
Total pot $0.12 | Rake $0 | Jackpot $0 | Bingo $0 | Fortune $0
Seat 2: 10c00646 (small blind) folded before Flop
Seat 4: 5f6628ac (big blind) folded before Flop
Seat 5: Hero collected ($0.12)
Seat 6: f7ddcffa (button) folded before Flop (didn't bet)


Poker Hand #HD1155505800: Hold'em No Limit  ($0.02/$0.05) - 2023/03/11 13:23:24
Table 'NLHBlue100' 6-max Seat #5 is the button
Seat 2: 10c00646 ($4.55 in chips)
Seat 4: 5f6628ac ($5.29 in chips)
Seat 5: Hero ($5.37 in chips)
Seat 6: f7ddcffa ($5.45 in chips)
f7ddcffa: posts small blind $0.02
10c00646: posts big blind $0.05
*** HOLE CARDS ***
Dealt to 10c00646 
Dealt to 5f6628ac 
Dealt to Hero [6s 7c]
Dealt to f7ddcffa 
5f6628ac: folds
Hero: folds
f7ddcffa: folds
Uncalled bet ($0.03) returned to 10c00646
*** SHOWDOWN ***
10c00646 collected $0.04 from pot
*** SUMMARY ***
Total pot $0.04 | Rake $0 | Jackpot $0 | Bingo $0 | Fortune $0
Seat 2: 10c00646 (big blind) collected ($0.04)
Seat 4: 5f6628ac folded before Flop (didn't bet)
Seat 5: Hero (button) folded before Flop (didn't bet)
Seat 6: f7ddcffa (small blind) folded before Flop


Poker Hand #HD1155505763: Hold'em No Limit  ($0.02/$0.05) - 2023/03/11 13:23:09
Table 'NLHBlue100' 6-max Seat #4 is the button
Seat 1: 14291631 ($6.72 in chips)
Seat 2: 10c00646 ($4.48 in chips)
Seat 4: 5f6628ac ($5.29 in chips)
Seat 5: Hero ($5.39 in chips)
Seat 6: f7ddcffa ($5.5 in chips)
Hero: posts small blind $0.02
f7ddcffa: posts big blind $0.05
*** HOLE CARDS ***
Dealt to 14291631 
Dealt to 10c00646 
Dealt to 5f6628ac 
Dealt to Hero [Tc 7d]
Dealt to f7ddcffa 
14291631: folds
10c00646: raises $0.1 to $0.15
5f6628ac: folds
Hero: folds
f7ddcffa: folds
Uncalled bet ($0.1) returned to 10c00646
*** SHOWDOWN ***
10c00646 collected $0.12 from pot
*** SUMMARY ***
Total pot $0.12 | Rake $0 | Jackpot $0 | Bingo $0 | Fortune $0
Seat 1: 14291631 folded before Flop (didn't bet)
Seat 2: 10c00646 collected ($0.12)
Seat 4: 5f6628ac (button) folded before Flop (didn't bet)
Seat 5: Hero (small blind) folded before Flop
Seat 6: f7ddcffa (big blind) folded before Flop


Poker Hand #HD1155505713: Hold'em No Limit  ($0.02/$0.05) - 2023/03/11 13:22:51
Table 'NLHBlue100' 6-max Seat #2 is the button
Seat 1: 14291631 ($6.72 in chips)
Seat 2: 10c00646 ($4.41 in chips)
Seat 4: 5f6628ac ($5.31 in chips)
Seat 5: Hero ($5.44 in chips)
Seat 6: f7ddcffa ($5.5 in chips)
5f6628ac: posts small blind $0.02
Hero: posts big blind $0.05
*** HOLE CARDS ***
Dealt to 14291631 
Dealt to 10c00646 
Dealt to 5f6628ac 
Dealt to Hero [8s 6c]
Dealt to f7ddcffa 
f7ddcffa: folds
14291631: folds
10c00646: raises $0.1 to $0.15
5f6628ac: folds
Hero: folds
Uncalled bet ($0.1) returned to 10c00646
*** SHOWDOWN ***
10c00646 collected $0.12 from pot
*** SUMMARY ***
Total pot $0.12 | Rake $0 | Jackpot $0 | Bingo $0 | Fortune $0
Seat 1: 14291631 folded before Flop (didn't bet)
Seat 2: 10c00646 (button) collected ($0.12)
Seat 4: 5f6628ac (small blind) folded before Flop
Seat 5: Hero (big blind) folded before Flop
Seat 6: f7ddcffa folded before Flop (didn't bet)


Poker Hand #HD1155435586: Hold'em No Limit  ($0.02/$0.05) - 2023/03/11 13:22:06
Table 'NLHBlue100' 6-max Seat #1 is the button
Seat 1: 14291631 ($6.72 in chips)
Seat 2: 10c00646 ($4.25 in chips)
Seat 4: 5f6628ac ($5.36 in chips)
Seat 5: Hero ($5.56 in chips)
Seat 6: f7ddcffa ($5.5 in chips)
10c00646: posts small blind $0.02
5f6628ac: posts big blind $0.05
*** HOLE CARDS ***
Dealt to 14291631 
Dealt to 10c00646 
Dealt to 5f6628ac 
Dealt to Hero [Ah Jh]
Dealt to f7ddcffa 
Hero: raises $0.07 to $0.12
f7ddcffa: folds
14291631: folds
10c00646: calls $0.1
5f6628ac: folds
*** FLOP *** [2c 9c Qd]
10c00646: checks
Hero: checks
*** TURN *** [2c 9c Qd] [5d]
10c00646: bets $0.1
Hero: folds
Uncalled bet ($0.1) returned to 10c00646
*** SHOWDOWN ***
10c00646 collected $0.28 from pot
*** SUMMARY ***
Total pot $0.29 | Rake $0.01 | Jackpot $0 | Bingo $0 | Fortune $0
Board [2c 9c Qd 5d]
Seat 1: 14291631 (button) folded before Flop (didn't bet)
Seat 2: 10c00646 (small blind) won ($0.28)
Seat 4: 5f6628ac (big blind) folded before Flop
Seat 5: Hero folded on the Turn
Seat 6: f7ddcffa folded before Flop (didn't bet)


Poker Hand #HD1155435507: Hold'em No Limit  ($0.02/$0.05) - 2023/03/11 13:21:39
Table 'NLHBlue100' 6-max Seat #6 is the button
Seat 1: 14291631 ($6.74 in chips)
Seat 2: 10c00646 ($4.23 in chips)
Seat 3: ef04948c ($2.39 in chips)
Seat 4: 5f6628ac ($5.36 in chips)
Seat 5: Hero ($5.56 in chips)
Seat 6: f7ddcffa ($5.5 in chips)
14291631: posts small blind $0.02
10c00646: posts big blind $0.05
*** HOLE CARDS ***
Dealt to 14291631 
Dealt to 10c00646 
Dealt to ef04948c 
Dealt to 5f6628ac 
Dealt to Hero [7s 4c]
Dealt to f7ddcffa 
ef04948c: folds
5f6628ac: folds
Hero: folds
f7ddcffa: folds
14291631: folds
Uncalled bet ($0.03) returned to 10c00646
*** SHOWDOWN ***
10c00646 collected $0.04 from pot
*** SUMMARY ***
Total pot $0.04 | Rake $0 | Jackpot $0 | Bingo $0 | Fortune $0
Seat 1: 14291631 (small blind) folded before Flop
Seat 2: 10c00646 (big blind) collected ($0.04)
Seat 3: ef04948c folded before Flop (didn't bet)
Seat 4: 5f6628ac folded before Flop (didn't bet)
Seat 5: Hero folded before Flop (didn't bet)
Seat 6: f7ddcffa (button) folded before Flop (didn't bet)


Poker Hand #HD1155435459: Hold'em No Limit  ($0.02/$0.05) - 2023/03/11 13:21:24
Table 'NLHBlue100' 6-max Seat #5 is the button
Seat 1: 14291631 ($6.72 in chips)
Seat 2: 10c00646 ($4.23 in chips)
Seat 3: ef04948c ($2.39 in chips)
Seat 4: 5f6628ac ($5.36 in chips)
Seat 5: Hero ($5.56 in chips)
Seat 6: f7ddcffa ($5.52 in chips)
f7ddcffa: posts small blind $0.02
14291631: posts big blind $0.05
*** HOLE CARDS ***
Dealt to 14291631 
Dealt to 10c00646 
Dealt to ef04948c 
Dealt to 5f6628ac 
Dealt to Hero [Qc 4h]
Dealt to f7ddcffa 
10c00646: folds
ef04948c: folds
5f6628ac: folds
Hero: folds
f7ddcffa: folds
Uncalled bet ($0.03) returned to 14291631
*** SHOWDOWN ***
14291631 collected $0.04 from pot
*** SUMMARY ***
Total pot $0.04 | Rake $0 | Jackpot $0 | Bingo $0 | Fortune $0
Seat 1: 14291631 (big blind) collected ($0.04)
Seat 2: 10c00646 folded before Flop (didn't bet)
Seat 3: ef04948c folded before Flop (didn't bet)
Seat 4: 5f6628ac folded before Flop (didn't bet)
Seat 5: Hero (button) folded before Flop (didn't bet)
Seat 6: f7ddcffa (small blind) folded before Flop


Poker Hand #HD1155435219: Hold'em No Limit  ($0.02/$0.05) - 2023/03/11 13:20:02
Table 'NLHBlue100' 6-max Seat #4 is the button
Seat 1: 14291631 ($6.72 in chips)
Seat 2: 10c00646 ($4.62 in chips)
Seat 3: ef04948c ($2.39 in chips)
Seat 4: 5f6628ac ($4.84 in chips)
Seat 5: Hero ($5.58 in chips)
Seat 6: f7ddcffa ($5.67 in chips)
Hero: posts small blind $0.02
f7ddcffa: posts big blind $0.05
*** HOLE CARDS ***
Dealt to 14291631 
Dealt to 10c00646 
Dealt to ef04948c 
Dealt to 5f6628ac 
Dealt to Hero [5h Qs]
Dealt to f7ddcffa 
14291631: folds
10c00646: raises $0.1 to $0.15
ef04948c: folds
5f6628ac: calls $0.15
Hero: folds
f7ddcffa: calls $0.1
*** FLOP *** [Qd 5s 6c]
f7ddcffa: checks
10c00646: checks
5f6628ac: checks
*** TURN *** [Qd 5s 6c] [Ks]
f7ddcffa: checks
10c00646: bets $0.24
5f6628ac: calls $0.24
f7ddcffa: folds
*** RIVER *** [Qd 5s 6c Ks] [Jh]
10c00646: checks
5f6628ac: checks
10c00646: shows [Td Js] (Pair of Jacks)
5f6628ac: shows [8h Kh] (Pair of Kings)
*** SHOWDOWN ***
5f6628ac collected $0.91 from pot
*** SUMMARY ***
Total pot $0.95 | Rake $0.04 | Jackpot $0 | Bingo $0 | Fortune $0
Board [Qd 5s 6c Ks Jh]
Seat 1: 14291631 folded before Flop (didn't bet)
Seat 2: 10c00646 showed [Td Js] and lost with Pair of Jacks
Seat 3: ef04948c folded before Flop (didn't bet)
Seat 4: 5f6628ac (button) showed [8h Kh] and won ($0.91) with Pair of Kings
Seat 5: Hero (small blind) folded before Flop
Seat 6: f7ddcffa (big blind) folded on the Turn


Poker Hand #HD1155435106: Hold'em No Limit  ($0.02/$0.05) - 2023/03/11 13:19:21
Table 'NLHBlue100' 6-max Seat #3 is the button
Seat 1: 14291631 ($6.72 in chips)
Seat 2: 10c00646 ($4.62 in chips)
Seat 3: ef04948c ($2.49 in chips)
Seat 4: 5f6628ac ($4.86 in chips)
Seat 5: Hero ($5.47 in chips)
Seat 6: f7ddcffa ($5.67 in chips)
5f6628ac: posts small blind $0.02
Hero: posts big blind $0.05
*** HOLE CARDS ***
Dealt to 14291631 
Dealt to 10c00646 
Dealt to ef04948c 
Dealt to 5f6628ac 
Dealt to Hero [Kh 8s]
Dealt to f7ddcffa 
f7ddcffa: folds
14291631: folds
10c00646: folds
ef04948c: raises $0.05 to $0.1
5f6628ac: folds
Hero: calls $0.05
*** FLOP *** [5s Ts 8h]
Hero: bets $0.11
ef04948c: folds
Uncalled bet ($0.11) returned to Hero
*** SHOWDOWN ***
Hero collected $0.21 from pot
*** SUMMARY ***
Total pot $0.22 | Rake $0.01 | Jackpot $0 | Bingo $0 | Fortune $0
Board [5s Ts 8h]
Seat 1: 14291631 folded before Flop (didn't bet)
Seat 2: 10c00646 folded before Flop (didn't bet)
Seat 3: ef04948c (button) folded on the Flop
Seat 4: 5f6628ac (small blind) folded before Flop
Seat 5: Hero (big blind) won ($0.21)
Seat 6: f7ddcffa folded before Flop (didn't bet)


Poker Hand #HD1155434989: Hold'em No Limit  ($0.02/$0.05) - 2023/03/11 13:18:37
Table 'NLHBlue100' 6-max Seat #2 is the button
Seat 1: 14291631 ($6.72 in chips)
Seat 2: 10c00646 ($4.62 in chips)
Seat 3: ef04948c ($2.51 in chips)
Seat 4: 5f6628ac ($4.98 in chips)
Seat 5: Hero ($5.34 in chips)
Seat 6: f7ddcffa ($5.67 in chips)
ef04948c: posts small blind $0.02
5f6628ac: posts big blind $0.05
*** HOLE CARDS ***
Dealt to 14291631 
Dealt to 10c00646 
Dealt to ef04948c 
Dealt to 5f6628ac 
Dealt to Hero [Qc Jc]
Dealt to f7ddcffa 
Hero: raises $0.07 to $0.12
f7ddcffa: folds
14291631: folds
10c00646: folds
ef04948c: folds
5f6628ac: calls $0.07
*** FLOP *** [Kd 2c Ts]
5f6628ac: checks
Hero: bets $0.13
5f6628ac: folds
Uncalled bet ($0.13) returned to Hero
*** SHOWDOWN ***
Hero collected $0.25 from pot
*** SUMMARY ***
Total pot $0.26 | Rake $0.01 | Jackpot $0 | Bingo $0 | Fortune $0
Board [Kd 2c Ts]
Seat 1: 14291631 folded before Flop (didn't bet)
Seat 2: 10c00646 (button) folded before Flop (didn't bet)
Seat 3: ef04948c (small blind) folded before Flop
Seat 4: 5f6628ac (big blind) folded on the Flop
Seat 5: Hero won ($0.25)
Seat 6: f7ddcffa folded before Flop (didn't bet)


Poker Hand #HD1155434868: Hold'em No Limit  ($0.02/$0.05) - 2023/03/11 13:17:51
Table 'NLHBlue100' 6-max Seat #1 is the button
Seat 1: 14291631 ($6.72 in chips)
Seat 2: 10c00646 ($4.57 in chips)
Seat 3: ef04948c ($2.56 in chips)
Seat 4: 5f6628ac ($4.98 in chips)
Seat 5: Hero ($5.34 in chips)
Seat 6: f7ddcffa ($5.67 in chips)
10c00646: posts small blind $0.02
ef04948c: posts big blind $0.05
*** HOLE CARDS ***
Dealt to 14291631 
Dealt to 10c00646 
Dealt to ef04948c 
Dealt to 5f6628ac 
Dealt to Hero [6c Kd]
Dealt to f7ddcffa 
5f6628ac: folds
Hero: folds
f7ddcffa: folds
14291631: folds
10c00646: raises $0.1 to $0.15
ef04948c: folds
Uncalled bet ($0.1) returned to 10c00646
*** SHOWDOWN ***
10c00646 collected $0.1 from pot
*** SUMMARY ***
Total pot $0.1 | Rake $0 | Jackpot $0 | Bingo $0 | Fortune $0
Seat 1: 14291631 (button) folded before Flop (didn't bet)
Seat 2: 10c00646 (small blind) collected ($0.1)
Seat 3: ef04948c (big blind) folded before Flop
Seat 4: 5f6628ac folded before Flop (didn't bet)
Seat 5: Hero folded before Flop (didn't bet)
Seat 6: f7ddcffa folded before Flop (didn't bet)


Poker Hand #HD1155434670: Hold'em No Limit  ($0.02/$0.05) - 2023/03/11 13:16:44
Table 'NLHBlue100' 6-max Seat #6 is the button
Seat 1: 14291631 ($5 in chips)
Seat 2: 10c00646 ($4.62 in chips)
Seat 3: ef04948c ($2.56 in chips)
Seat 4: 5f6628ac ($4.98 in chips)
Seat 5: Hero ($7.25 in chips)
Seat 6: f7ddcffa ($5.67 in chips)
14291631: posts small blind $0.02
10c00646: posts big blind $0.05
*** HOLE CARDS ***
Dealt to 14291631 
Dealt to 10c00646 
Dealt to ef04948c 
Dealt to 5f6628ac 
Dealt to Hero [Kc Ad]
Dealt to f7ddcffa 
ef04948c: folds
5f6628ac: folds
Hero: raises $0.07 to $0.12
f7ddcffa: folds
14291631: raises $0.38 to $0.5
10c00646: folds
Hero: raises $0.64 to $1.14
14291631: calls $0.64
*** FLOP *** [5c 6h Qd]
14291631: checks
Hero: bets $0.77
14291631: calls $0.77
*** TURN *** [5c 6h Qd] [8s]
14291631: checks
Hero: checks
*** RIVER *** [5c 6h Qd 8s] [Jh]
14291631: bets $3.09 and is all-in
Hero: folds
Uncalled bet ($3.09) returned to 14291631
*** SHOWDOWN ***
14291631 collected $3.63 from pot
*** SUMMARY ***
Total pot $3.87 | Rake $0.19 | Jackpot $0.05 | Bingo $0 | Fortune $0
Board [5c 6h Qd 8s Jh]
Seat 1: 14291631 (small blind) won ($3.63)
Seat 2: 10c00646 (big blind) folded before Flop
Seat 3: ef04948c folded before Flop (didn't bet)
Seat 4: 5f6628ac folded before Flop (didn't bet)
Seat 5: Hero folded on the River
Seat 6: f7ddcffa (button) folded before Flop (didn't bet)


Poker Hand #HD1155434531: Hold'em No Limit  ($0.02/$0.05) - 2023/03/11 13:15:50
Table 'NLHBlue100' 6-max Seat #5 is the button
Seat 1: 14291631 ($5 in chips)
Seat 2: 10c00646 ($4.62 in chips)
Seat 3: ef04948c ($2.56 in chips)
Seat 4: 5f6628ac ($4.98 in chips)
Seat 5: Hero ($7.37 in chips)
Seat 6: f7ddcffa ($5.51 in chips)
f7ddcffa: posts small blind $0.02
14291631: posts big blind $0.05
*** HOLE CARDS ***
Dealt to 14291631 
Dealt to 10c00646 
Dealt to ef04948c 
Dealt to 5f6628ac 
Dealt to Hero [6h 6c]
Dealt to f7ddcffa 
10c00646: folds
ef04948c: folds
5f6628ac: folds
Hero: raises $0.07 to $0.12
f7ddcffa: raises $0.43 to $0.55
14291631: folds
Hero: folds
Uncalled bet ($0.43) returned to f7ddcffa
*** SHOWDOWN ***
f7ddcffa collected $0.28 from pot
*** SUMMARY ***
Total pot $0.29 | Rake $0.01 | Jackpot $0 | Bingo $0 | Fortune $0
Seat 1: 14291631 (big blind) folded before Flop
Seat 2: 10c00646 folded before Flop (didn't bet)
Seat 3: ef04948c folded before Flop (didn't bet)
Seat 4: 5f6628ac folded before Flop (didn't bet)
Seat 5: Hero (button) folded before Flop
Seat 6: f7ddcffa (small blind) collected ($0.28)


Poker Hand #HD1155434363: Hold'em No Limit  ($0.02/$0.05) - 2023/03/11 13:14:48
Table 'NLHBlue100' 6-max Seat #4 is the button
Seat 1: 14291631 ($5 in chips)
Seat 2: 10c00646 ($4.62 in chips)
Seat 3: ef04948c ($2.56 in chips)
Seat 4: 5f6628ac ($4.98 in chips)
Seat 5: Hero ($6.7 in chips)
Seat 6: f7ddcffa ($6.3 in chips)
Hero: posts small blind $0.02
f7ddcffa: posts big blind $0.05
*** HOLE CARDS ***
Dealt to 14291631 
Dealt to 10c00646 
Dealt to ef04948c 
Dealt to 5f6628ac 
Dealt to Hero [8c 8d]
Dealt to f7ddcffa 
14291631: folds
10c00646: folds
ef04948c: folds
5f6628ac: folds
Hero: raises $0.09 to $0.14
f7ddcffa: calls $0.09
*** FLOP *** [6d Kd 6c]
Hero: bets $0.2
f7ddcffa: calls $0.2
*** TURN *** [6d Kd 6c] [9d]
Hero: checks
f7ddcffa: checks
*** RIVER *** [6d Kd 6c 9d] [5d]
Hero: checks
f7ddcffa: bets $0.45
Hero: calls $0.45
f7ddcffa: shows [Kh 7d] (King High Flush)
Hero: shows [8c 8d] (King High Flush)
*** SHOWDOWN ***
Hero collected $1.46 from pot
*** SUMMARY ***
Total pot $1.58 | Rake $0.07 | Jackpot $0.05 | Bingo $0 | Fortune $0
Board [6d Kd 6c 9d 5d]
Seat 1: 14291631 folded before Flop (didn't bet)
Seat 2: 10c00646 folded before Flop (didn't bet)
Seat 3: ef04948c folded before Flop (didn't bet)
Seat 4: 5f6628ac (button) folded before Flop (didn't bet)
Seat 5: Hero (small blind) showed [8c 8d] and won ($1.46) with King High Flush
Seat 6: f7ddcffa (big blind) showed [Kh 7d] and lost with King High Flush


Poker Hand #HD1155434315: Hold'em No Limit  ($0.02/$0.05) - 2023/03/11 13:14:30
Table 'NLHBlue100' 6-max Seat #3 is the button
Seat 1: 14291631 ($5 in chips)
Seat 2: 10c00646 ($4.55 in chips)
Seat 3: ef04948c ($2.56 in chips)
Seat 4: 5f6628ac ($4.4 in chips)
Seat 5: Hero ($6.75 in chips)
Seat 6: f7ddcffa ($6.3 in chips)
5f6628ac: posts small blind $0.02
Hero: posts big blind $0.05
*** HOLE CARDS ***
Dealt to 14291631 
Dealt to 10c00646 
Dealt to ef04948c 
Dealt to 5f6628ac 
Dealt to Hero [Tc 3d]
Dealt to f7ddcffa 
f7ddcffa: folds
14291631: folds
10c00646: raises $0.1 to $0.15
ef04948c: folds
5f6628ac: folds
Hero: folds
Uncalled bet ($0.1) returned to 10c00646
*** SHOWDOWN ***
10c00646 collected $0.12 from pot
*** SUMMARY ***
Total pot $0.12 | Rake $0 | Jackpot $0 | Bingo $0 | Fortune $0
Seat 1: 14291631 folded before Flop (didn't bet)
Seat 2: 10c00646 collected ($0.12)
Seat 3: ef04948c (button) folded before Flop (didn't bet)
Seat 4: 5f6628ac (small blind) folded before Flop
Seat 5: Hero (big blind) folded before Flop
Seat 6: f7ddcffa folded before Flop (didn't bet)


Poker Hand #HD1155434257: Hold'em No Limit  ($0.02/$0.05) - 2023/03/11 13:14:04
Table 'NLHBlue100' 6-max Seat #2 is the button
Seat 1: 14291631 ($5 in chips)
Seat 2: 10c00646 ($4.55 in chips)
Seat 3: ef04948c ($2.58 in chips)
Seat 4: 5f6628ac ($4.45 in chips)
Seat 5: Hero ($6.68 in chips)
Seat 6: f7ddcffa ($6.3 in chips)
ef04948c: posts small blind $0.02
5f6628ac: posts big blind $0.05
*** HOLE CARDS ***
Dealt to 14291631 
Dealt to 10c00646 
Dealt to ef04948c 
Dealt to 5f6628ac 
Dealt to Hero [7s 7c]
Dealt to f7ddcffa 
Hero: raises $0.07 to $0.12
f7ddcffa: folds
14291631: folds
10c00646: folds
ef04948c: folds
5f6628ac: folds
Uncalled bet ($0.07) returned to Hero
*** SHOWDOWN ***
Hero collected $0.12 from pot
*** SUMMARY ***
Total pot $0.12 | Rake $0 | Jackpot $0 | Bingo $0 | Fortune $0
Seat 1: 14291631 folded before Flop (didn't bet)
Seat 2: 10c00646 (button) folded before Flop (didn't bet)
Seat 3: ef04948c (small blind) folded before Flop
Seat 4: 5f6628ac (big blind) folded before Flop
Seat 5: Hero collected ($0.12)
Seat 6: f7ddcffa folded before Flop (didn't bet)


Poker Hand #HD1155434047: Hold'em No Limit  ($0.02/$0.05) - 2023/03/11 13:12:50
Table 'NLHBlue100' 6-max Seat #1 is the button
Seat 1: 14291631 ($5 in chips)
Seat 2: 10c00646 ($4.57 in chips)
Seat 3: ef04948c ($2.63 in chips)
Seat 4: 5f6628ac ($5 in chips)
Seat 5: Hero ($6.68 in chips)
Seat 6: f7ddcffa ($5.73 in chips)
10c00646: posts small blind $0.02
ef04948c: posts big blind $0.05
*** HOLE CARDS ***
Dealt to 14291631 
Dealt to 10c00646 
Dealt to ef04948c 
Dealt to 5f6628ac 
Dealt to Hero [Td 9c]
Dealt to f7ddcffa 
5f6628ac: raises $0.08 to $0.13
Hero: folds
f7ddcffa: raises $0.42 to $0.55
14291631: folds
10c00646: folds
ef04948c: folds
5f6628ac: calls $0.42
*** FLOP *** [Jd 4h Jc]
5f6628ac: checks
f7ddcffa: checks
*** TURN *** [Jd 4h Jc] [Qc]
5f6628ac: checks
f7ddcffa: bets $0.39
5f6628ac: folds
Uncalled bet ($0.39) returned to f7ddcffa
f7ddcffa: shows [Js Jh] (Four Jacks)
*** SHOWDOWN ***
f7ddcffa collected $1.12 from pot
*** SUMMARY ***
Total pot $1.17 | Rake $0.05 | Jackpot $0 | Bingo $0 | Fortune $0
Board [Jd 4h Jc Qc]
Seat 1: 14291631 (button) folded before Flop (didn't bet)
Seat 2: 10c00646 (small blind) folded before Flop
Seat 3: ef04948c (big blind) folded before Flop
Seat 4: 5f6628ac folded on the Turn
Seat 5: Hero folded before Flop (didn't bet)
Seat 6: f7ddcffa showed [Js Jh] and won ($1.12) with Four Jacks


Poker Hand #HD1155433816: Hold'em No Limit  ($0.02/$0.05) - 2023/03/11 13:11:28
Table 'NLHBlue100' 6-max Seat #6 is the button
Seat 1: 14291631 ($5.02 in chips)
Seat 2: 10c00646 ($4.62 in chips)
Seat 3: ef04948c ($2.63 in chips)
Seat 4: 5f6628ac ($5 in chips)
Seat 5: Hero ($5.92 in chips)
Seat 6: f7ddcffa ($5.73 in chips)
14291631: posts small blind $0.02
10c00646: posts big blind $0.05
*** HOLE CARDS ***
Dealt to 14291631 
Dealt to 10c00646 
Dealt to ef04948c 
Dealt to 5f6628ac 
Dealt to Hero [Td Ad]
Dealt to f7ddcffa 
ef04948c: folds
5f6628ac: folds
Hero: raises $0.07 to $0.12
f7ddcffa: folds
14291631: raises $0.38 to $0.5
10c00646: folds
Hero: calls $0.38
*** FLOP *** [7d 5c 8d]
14291631: bets $0.34
Hero: calls $0.34
*** TURN *** [7d 5c 8d] [9h]
14291631: checks
Hero: bets $1.3
14291631: folds
Uncalled bet ($1.3) returned to Hero
*** SHOWDOWN ***
Hero collected $1.6 from pot
*** SUMMARY ***
Total pot $1.73 | Rake $0.08 | Jackpot $0.05 | Bingo $0 | Fortune $0
Board [7d 5c 8d 9h]
Seat 1: 14291631 (small blind) folded on the Turn
Seat 2: 10c00646 (big blind) folded before Flop
Seat 3: ef04948c folded before Flop (didn't bet)
Seat 4: 5f6628ac folded before Flop (didn't bet)
Seat 5: Hero won ($1.6)
Seat 6: f7ddcffa (button) folded before Flop (didn't bet)


Poker Hand #HD1155433769: Hold'em No Limit  ($0.02/$0.05) - 2023/03/11 13:11:10
Table 'NLHBlue100' 6-max Seat #5 is the button
Seat 1: 14291631 ($5 in chips)
Seat 2: 10c00646 ($4.62 in chips)
Seat 3: ef04948c ($2.63 in chips)
Seat 4: 5f6628ac ($5 in chips)
Seat 5: Hero ($5.92 in chips)
Seat 6: f7ddcffa ($5.75 in chips)
f7ddcffa: posts small blind $0.02
14291631: posts big blind $0.05
*** HOLE CARDS ***
Dealt to 14291631 
Dealt to 10c00646 
Dealt to ef04948c 
Dealt to 5f6628ac 
Dealt to Hero [4h 9s]
Dealt to f7ddcffa 
10c00646: folds
ef04948c: folds
5f6628ac: folds
Hero: folds
f7ddcffa: folds
Uncalled bet ($0.03) returned to 14291631
*** SHOWDOWN ***
14291631 collected $0.04 from pot
*** SUMMARY ***
Total pot $0.04 | Rake $0 | Jackpot $0 | Bingo $0 | Fortune $0
Seat 1: 14291631 (big blind) collected ($0.04)
Seat 2: 10c00646 folded before Flop (didn't bet)
Seat 3: ef04948c folded before Flop (didn't bet)
Seat 4: 5f6628ac folded before Flop (didn't bet)
Seat 5: Hero (button) folded before Flop (didn't bet)
Seat 6: f7ddcffa (small blind) folded before Flop


Poker Hand #HD1155433707: Hold'em No Limit  ($0.02/$0.05) - 2023/03/11 13:10:49
Table 'NLHBlue100' 6-max Seat #4 is the button
Seat 1: 14291631 ($5 in chips)
Seat 2: 10c00646 ($4.62 in chips)
Seat 3: ef04948c ($2.63 in chips)
Seat 4: 5f6628ac ($4.46 in chips)
Seat 5: Hero ($5.94 in chips)
Seat 6: f7ddcffa ($5.73 in chips)
Hero: posts small blind $0.02
f7ddcffa: posts big blind $0.05
*** HOLE CARDS ***
Dealt to 14291631 
Dealt to 10c00646 
Dealt to ef04948c 
Dealt to 5f6628ac 
Dealt to Hero [Qc 6s]
Dealt to f7ddcffa 
14291631: folds
10c00646: folds
ef04948c: folds
5f6628ac: folds
Hero: folds
Uncalled bet ($0.03) returned to f7ddcffa
*** SHOWDOWN ***
f7ddcffa collected $0.04 from pot
*** SUMMARY ***
Total pot $0.04 | Rake $0 | Jackpot $0 | Bingo $0 | Fortune $0
Seat 1: 14291631 folded before Flop (didn't bet)
Seat 2: 10c00646 folded before Flop (didn't bet)
Seat 3: ef04948c folded before Flop (didn't bet)
Seat 4: 5f6628ac (button) folded before Flop (didn't bet)
Seat 5: Hero (small blind) folded before Flop
Seat 6: f7ddcffa (big blind) collected ($0.04)


Poker Hand #HD1155433516: Hold'em No Limit  ($0.02/$0.05) - 2023/03/11 13:09:41
Table 'NLHBlue100' 6-max Seat #3 is the button
Seat 1: 14291631 ($5 in chips)
Seat 2: 10c00646 ($4.62 in chips)
Seat 3: ef04948c ($2.63 in chips)
Seat 4: 5f6628ac ($4.7 in chips)
Seat 5: Hero ($5.72 in chips)
Seat 6: f7ddcffa ($5.73 in chips)
5f6628ac: posts small blind $0.02
Hero: posts big blind $0.05
*** HOLE CARDS ***
Dealt to 14291631 
Dealt to 10c00646 
Dealt to ef04948c 
Dealt to 5f6628ac 
Dealt to Hero [6s 6c]
Dealt to f7ddcffa 
f7ddcffa: folds
14291631: folds
10c00646: folds
ef04948c: folds
5f6628ac: raises $0.07 to $0.12
Hero: calls $0.07
*** FLOP *** [5d 8h Qs]
5f6628ac: bets $0.12
Hero: calls $0.12
*** TURN *** [5d 8h Qs] [Qh]
5f6628ac: checks
Hero: checks
*** RIVER *** [5d 8h Qs Qh] [Th]
5f6628ac: checks
Hero: checks
5f6628ac: shows [5h Ad] (Pair of Queens and Pair of Fives)
Hero: shows [6s 6c] (Pair of Queens and Pair of Sixes)
*** SHOWDOWN ***
Hero collected $0.46 from pot
*** SUMMARY ***
Total pot $0.48 | Rake $0.02 | Jackpot $0 | Bingo $0 | Fortune $0
Board [5d 8h Qs Qh Th]
Seat 1: 14291631 folded before Flop (didn't bet)
Seat 2: 10c00646 folded before Flop (didn't bet)
Seat 3: ef04948c (button) folded before Flop (didn't bet)
Seat 4: 5f6628ac (small blind) showed [5h Ad] and lost with Pair of Queens and Pair of Fives
Seat 5: Hero (big blind) showed [6s 6c] and won ($0.46) with Pair of Queens and Pair of Sixes
Seat 6: f7ddcffa folded before Flop (didn't bet)


Poker Hand #HD1155433402: Hold'em No Limit  ($0.02/$0.05) - 2023/03/11 13:09:02
Table 'NLHBlue100' 6-max Seat #2 is the button
Seat 1: 14291631 ($5 in chips)
Seat 2: 10c00646 ($4.41 in chips)
Seat 3: ef04948c ($2.65 in chips)
Seat 4: 5f6628ac ($4.75 in chips)
Seat 5: Hero ($5.72 in chips)
Seat 6: f7ddcffa ($5.88 in chips)
ef04948c: posts small blind $0.02
5f6628ac: posts big blind $0.05
*** HOLE CARDS ***
Dealt to 14291631 
Dealt to 10c00646 
Dealt to ef04948c 
Dealt to 5f6628ac 
Dealt to Hero [Jh 2d]
Dealt to f7ddcffa 
Hero: folds
f7ddcffa: raises $0.1 to $0.15
14291631: folds
10c00646: raises $0.31 to $0.46
ef04948c: folds
5f6628ac: folds
f7ddcffa: folds
Uncalled bet ($0.31) returned to 10c00646
*** SHOWDOWN ***
10c00646 collected $0.36 from pot
*** SUMMARY ***
Total pot $0.37 | Rake $0.01 | Jackpot $0 | Bingo $0 | Fortune $0
Seat 1: 14291631 folded before Flop (didn't bet)
Seat 2: 10c00646 (button) collected ($0.36)
Seat 3: ef04948c (small blind) folded before Flop
Seat 4: 5f6628ac (big blind) folded before Flop
Seat 5: Hero folded before Flop (didn't bet)
Seat 6: f7ddcffa folded before Flop


Poker Hand #HD1155433229: Hold'em No Limit  ($0.02/$0.05) - 2023/03/11 13:08:07
Table 'NLHBlue100' 6-max Seat #1 is the button
Seat 1: 14291631 ($5.14 in chips)
Seat 2: 10c00646 ($4.43 in chips)
Seat 3: ef04948c ($2.44 in chips)
Seat 5: Hero ($5.72 in chips)
Seat 6: f7ddcffa ($5.88 in chips)
10c00646: posts small blind $0.02
ef04948c: posts big blind $0.05
*** HOLE CARDS ***
Dealt to 14291631 
Dealt to 10c00646 
Dealt to ef04948c 
Dealt to Hero [2c 4c]
Dealt to f7ddcffa 
Hero: folds
f7ddcffa: folds
14291631: raises $0.07 to $0.12
10c00646: folds
ef04948c: calls $0.07
*** FLOP *** [Qs Ks 8s]
ef04948c: checks
14291631: bets $0.09
ef04948c: raises $0.22 to $0.31
14291631: folds
Uncalled bet ($0.22) returned to ef04948c
*** SHOWDOWN ***
ef04948c collected $0.42 from pot
*** SUMMARY ***
Total pot $0.44 | Rake $0.02 | Jackpot $0 | Bingo $0 | Fortune $0
Board [Qs Ks 8s]
Seat 1: 14291631 (button) folded on the Flop
Seat 2: 10c00646 (small blind) folded before Flop
Seat 3: ef04948c (big blind) won ($0.42)
Seat 5: Hero folded before Flop (didn't bet)
Seat 6: f7ddcffa folded before Flop (didn't bet)


Poker Hand #HD1155433094: Hold'em No Limit  ($0.02/$0.05) - 2023/03/11 13:07:24
Table 'NLHBlue100' 6-max Seat #6 is the button
Seat 1: 14291631 ($5.16 in chips)
Seat 2: 10c00646 ($4.48 in chips)
Seat 3: ef04948c ($2.37 in chips)
Seat 5: Hero ($5.72 in chips)
Seat 6: f7ddcffa ($5.88 in chips)
14291631: posts small blind $0.02
10c00646: posts big blind $0.05
*** HOLE CARDS ***
Dealt to 14291631 
Dealt to 10c00646 
Dealt to ef04948c 
Dealt to Hero [Kd Td]
Dealt to f7ddcffa 
ef04948c: raises $0.05 to $0.1
Hero: folds
f7ddcffa: folds
14291631: folds
10c00646: folds
Uncalled bet ($0.05) returned to ef04948c
*** SHOWDOWN ***
ef04948c collected $0.12 from pot
*** SUMMARY ***
Total pot $0.12 | Rake $0 | Jackpot $0 | Bingo $0 | Fortune $0
Seat 1: 14291631 (small blind) folded before Flop
Seat 2: 10c00646 (big blind) folded before Flop
Seat 3: ef04948c collected ($0.12)
Seat 5: Hero folded before Flop (didn't bet)
Seat 6: f7ddcffa (button) folded before Flop (didn't bet)


Poker Hand #HD1155433041: Hold'em No Limit  ($0.02/$0.05) - 2023/03/11 13:07:07
Table 'NLHBlue100' 6-max Seat #5 is the button
Seat 1: 14291631 ($5.21 in chips)
Seat 2: 10c00646 ($4.48 in chips)
Seat 3: ef04948c ($2.37 in chips)
Seat 5: Hero ($5.65 in chips)
Seat 6: f7ddcffa ($5.9 in chips)
f7ddcffa: posts small blind $0.02
14291631: posts big blind $0.05
*** HOLE CARDS ***
Dealt to 14291631 
Dealt to 10c00646 
Dealt to ef04948c 
Dealt to Hero [9d Tc]
Dealt to f7ddcffa 
10c00646: folds
ef04948c: folds
Hero: raises $0.07 to $0.12
f7ddcffa: folds
14291631: folds
Uncalled bet ($0.07) returned to Hero
*** SHOWDOWN ***
Hero collected $0.12 from pot
*** SUMMARY ***
Total pot $0.12 | Rake $0 | Jackpot $0 | Bingo $0 | Fortune $0
Seat 1: 14291631 (big blind) folded before Flop
Seat 2: 10c00646 folded before Flop (didn't bet)
Seat 3: ef04948c folded before Flop (didn't bet)
Seat 5: Hero (button) collected ($0.12)
Seat 6: f7ddcffa (small blind) folded before Flop


Poker Hand #HD1155432953: Hold'em No Limit  ($0.02/$0.05) - 2023/03/11 13:06:41
Table 'NLHBlue100' 6-max Seat #4 is the button
Seat 1: 14291631 ($5.21 in chips)
Seat 2: 10c00646 ($4.41 in chips)
Seat 3: ef04948c ($2.37 in chips)
Seat 4: 5f6628ac ($4.75 in chips)
Seat 5: Hero ($5.67 in chips)
Seat 6: f7ddcffa ($5.95 in chips)
Hero: posts small blind $0.02
f7ddcffa: posts big blind $0.05
*** HOLE CARDS ***
Dealt to 14291631 
Dealt to 10c00646 
Dealt to ef04948c 
Dealt to 5f6628ac 
Dealt to Hero [6c As]
Dealt to f7ddcffa 
14291631: folds
10c00646: raises $0.1 to $0.15
ef04948c: folds
5f6628ac: folds
Hero: folds
f7ddcffa: folds
Uncalled bet ($0.1) returned to 10c00646
*** SHOWDOWN ***
10c00646 collected $0.12 from pot
*** SUMMARY ***
Total pot $0.12 | Rake $0 | Jackpot $0 | Bingo $0 | Fortune $0
Seat 1: 14291631 folded before Flop (didn't bet)
Seat 2: 10c00646 collected ($0.12)
Seat 3: ef04948c folded before Flop (didn't bet)
Seat 4: 5f6628ac (button) folded before Flop (didn't bet)
Seat 5: Hero (small blind) folded before Flop
Seat 6: f7ddcffa (big blind) folded before Flop


Poker Hand #HD1155432895: Hold'em No Limit  ($0.02/$0.05) - 2023/03/11 13:06:20
Table 'NLHBlue100' 6-max Seat #3 is the button
Seat 1: 14291631 ($5.21 in chips)
Seat 2: 10c00646 ($4.41 in chips)
Seat 3: ef04948c ($2.37 in chips)
Seat 4: 5f6628ac ($4.7 in chips)
Seat 5: Hero ($5.72 in chips)
Seat 6: f7ddcffa ($5.95 in chips)
5f6628ac: posts small blind $0.02
Hero: posts big blind $0.05
*** HOLE CARDS ***
Dealt to 14291631 
Dealt to 10c00646 
Dealt to ef04948c 
Dealt to 5f6628ac 
Dealt to Hero [Ts 3h]
Dealt to f7ddcffa 
f7ddcffa: folds
14291631: folds
10c00646: folds
ef04948c: folds
5f6628ac: raises $0.07 to $0.12
Hero: folds
Uncalled bet ($0.07) returned to 5f6628ac
*** SHOWDOWN ***
5f6628ac collected $0.1 from pot
*** SUMMARY ***
Total pot $0.1 | Rake $0 | Jackpot $0 | Bingo $0 | Fortune $0
Seat 1: 14291631 folded before Flop (didn't bet)
Seat 2: 10c00646 folded before Flop (didn't bet)
Seat 3: ef04948c (button) folded before Flop (didn't bet)
Seat 4: 5f6628ac (small blind) collected ($0.1)
Seat 5: Hero (big blind) folded before Flop
Seat 6: f7ddcffa folded before Flop (didn't bet)


Poker Hand #HD1155432716: Hold'em No Limit  ($0.02/$0.05) - 2023/03/11 13:05:20
Table 'NLHBlue100' 6-max Seat #2 is the button
Seat 1: 14291631 ($5 in chips)
Seat 2: 10c00646 ($4.41 in chips)
Seat 3: ef04948c ($2.39 in chips)
Seat 4: 5f6628ac ($4.91 in chips)
Seat 5: Hero ($5.72 in chips)
Seat 6: f7ddcffa ($5.95 in chips)
ef04948c: posts small blind $0.02
5f6628ac: posts big blind $0.05
*** HOLE CARDS ***
Dealt to 14291631 
Dealt to 10c00646 
Dealt to ef04948c 
Dealt to 5f6628ac 
Dealt to Hero [9c 7c]
Dealt to f7ddcffa 
Hero: folds
f7ddcffa: folds
14291631: raises $0.07 to $0.12
10c00646: folds
ef04948c: folds
5f6628ac: calls $0.07
*** FLOP *** [5d 2d Jc]
5f6628ac: checks
14291631: bets $0.09
5f6628ac: calls $0.09
*** TURN *** [5d 2d Jc] [5h]
5f6628ac: checks
14291631: bets $0.24
5f6628ac: folds
Uncalled bet ($0.24) returned to 14291631
*** SHOWDOWN ***
14291631 collected $0.42 from pot
*** SUMMARY ***
Total pot $0.44 | Rake $0.02 | Jackpot $0 | Bingo $0 | Fortune $0
Board [5d 2d Jc 5h]
Seat 1: 14291631 won ($0.42)
Seat 2: 10c00646 (button) folded before Flop (didn't bet)
Seat 3: ef04948c (small blind) folded before Flop
Seat 4: 5f6628ac (big blind) folded on the Turn
Seat 5: Hero folded before Flop (didn't bet)
Seat 6: f7ddcffa folded before Flop (didn't bet)


Poker Hand #HD1155432602: Hold'em No Limit  ($0.02/$0.05) - 2023/03/11 13:04:41
Table 'NLHBlue100' 6-max Seat #1 is the button
Seat 1: 14291631 ($5 in chips)
Seat 2: 10c00646 ($4.36 in chips)
Seat 3: ef04948c ($2.44 in chips)
Seat 4: 5f6628ac ($4.91 in chips)
Seat 5: Hero ($5.72 in chips)
Seat 6: f7ddcffa ($5.95 in chips)
10c00646: posts small blind $0.02
ef04948c: posts big blind $0.05
*** HOLE CARDS ***
Dealt to 14291631 
Dealt to 10c00646 
Dealt to ef04948c 
Dealt to 5f6628ac 
Dealt to Hero [7h 9d]
Dealt to f7ddcffa 
5f6628ac: folds
Hero: folds
f7ddcffa: folds
14291631: folds
10c00646: raises $0.1 to $0.15
ef04948c: folds
Uncalled bet ($0.1) returned to 10c00646
*** SHOWDOWN ***
10c00646 collected $0.1 from pot
*** SUMMARY ***
Total pot $0.1 | Rake $0 | Jackpot $0 | Bingo $0 | Fortune $0
Seat 1: 14291631 (button) folded before Flop (didn't bet)
Seat 2: 10c00646 (small blind) collected ($0.1)
Seat 3: ef04948c (big blind) folded before Flop
Seat 4: 5f6628ac folded before Flop (didn't bet)
Seat 5: Hero folded before Flop (didn't bet)
Seat 6: f7ddcffa folded before Flop (didn't bet)


Poker Hand #HD1155432470: Hold'em No Limit  ($0.02/$0.05) - 2023/03/11 13:04:01
Table 'NLHBlue100' 6-max Seat #6 is the button
Seat 1: 14291631 ($5 in chips)
Seat 2: 10c00646 ($4.11 in chips)
Seat 3: ef04948c ($2.44 in chips)
Seat 4: 5f6628ac ($4.91 in chips)
Seat 5: Hero ($5.97 in chips)
Seat 6: f7ddcffa ($5.95 in chips)
14291631: posts small blind $0.02
10c00646: posts big blind $0.05
*** HOLE CARDS ***
Dealt to 14291631 
Dealt to 10c00646 
Dealt to ef04948c 
Dealt to 5f6628ac 
Dealt to Hero [Js Ks]
Dealt to f7ddcffa 
ef04948c: folds
5f6628ac: folds
Hero: raises $0.07 to $0.12
f7ddcffa: folds
14291631: folds
10c00646: calls $0.07
*** FLOP *** [Ac 9d 7d]
10c00646: checks
Hero: bets $0.13
10c00646: raises $0.26 to $0.39
Hero: folds
Uncalled bet ($0.26) returned to 10c00646
*** SHOWDOWN ***
10c00646 collected $0.5 from pot
*** SUMMARY ***
Total pot $0.52 | Rake $0.02 | Jackpot $0 | Bingo $0 | Fortune $0
Board [Ac 9d 7d]
Seat 1: 14291631 (small blind) folded before Flop
Seat 2: 10c00646 (big blind) won ($0.5)
Seat 3: ef04948c folded before Flop (didn't bet)
Seat 4: 5f6628ac folded before Flop (didn't bet)
Seat 5: Hero folded on the Flop
Seat 6: f7ddcffa (button) folded before Flop (didn't bet)


Poker Hand #HD1155432378: Hold'em No Limit  ($0.02/$0.05) - 2023/03/11 13:03:28
Table 'NLHBlue100' 6-max Seat #5 is the button
Seat 1: 14291631 ($5 in chips)
Seat 2: 10c00646 ($4.11 in chips)
Seat 3: ef04948c ($2.54 in chips)
Seat 4: 5f6628ac ($4.75 in chips)
Seat 5: Hero ($5.97 in chips)
Seat 6: f7ddcffa ($5.97 in chips)
f7ddcffa: posts small blind $0.02
14291631: posts big blind $0.05
*** HOLE CARDS ***
Dealt to 14291631 
Dealt to 10c00646 
Dealt to ef04948c 
Dealt to 5f6628ac 
Dealt to Hero [7d 7s]
Dealt to f7ddcffa 
10c00646: folds
ef04948c: raises $0.05 to $0.1
5f6628ac: raises $0.2 to $0.3
Hero: folds
f7ddcffa: folds
14291631: folds
ef04948c: folds
Uncalled bet ($0.2) returned to 5f6628ac
*** SHOWDOWN ***
5f6628ac collected $0.26 from pot
*** SUMMARY ***
Total pot $0.27 | Rake $0.01 | Jackpot $0 | Bingo $0 | Fortune $0
Seat 1: 14291631 (big blind) folded before Flop
Seat 2: 10c00646 folded before Flop (didn't bet)
Seat 3: ef04948c folded before Flop
Seat 4: 5f6628ac collected ($0.26)
Seat 5: Hero (button) folded before Flop (didn't bet)
Seat 6: f7ddcffa (small blind) folded before Flop


Poker Hand #HD1155432128: Hold'em No Limit  ($0.02/$0.05) - 2023/03/11 13:02:04
Table 'NLHBlue100' 6-max Seat #4 is the button
Seat 2: 10c00646 ($5.12 in chips)
Seat 3: ef04948c ($2.54 in chips)
Seat 4: 5f6628ac ($4.75 in chips)
Seat 5: Hero ($5.99 in chips)
Seat 6: f7ddcffa ($5.09 in chips)
Hero: posts small blind $0.02
f7ddcffa: posts big blind $0.05
*** HOLE CARDS ***
Dealt to 10c00646 
Dealt to ef04948c 
Dealt to 5f6628ac 
Dealt to Hero [4h Ah]
Dealt to f7ddcffa 
10c00646: raises $0.1 to $0.15
ef04948c: folds
5f6628ac: folds
Hero: folds
f7ddcffa: raises $0.45 to $0.6
10c00646: calls $0.45
*** FLOP *** [6h 4s Kh]
f7ddcffa: bets $0.41
10c00646: calls $0.41
*** TURN *** [6h 4s Kh] [2s]
f7ddcffa: bets $0.68
10c00646: folds
Uncalled bet ($0.68) returned to f7ddcffa
*** SHOWDOWN ***
f7ddcffa collected $1.89 from pot
*** SUMMARY ***
Total pot $2.04 | Rake $0.1 | Jackpot $0.05 | Bingo $0 | Fortune $0
Board [6h 4s Kh 2s]
Seat 2: 10c00646 folded on the Turn
Seat 3: ef04948c folded before Flop (didn't bet)
Seat 4: 5f6628ac (button) folded before Flop (didn't bet)
Seat 5: Hero (small blind) folded before Flop
Seat 6: f7ddcffa (big blind) won ($1.89)


Poker Hand #HD1155432032: Hold'em No Limit  ($0.02/$0.05) - 2023/03/11 13:01:31
Table 'NLHBlue100' 6-max Seat #3 is the button
Seat 2: 10c00646 ($5.05 in chips)
Seat 3: ef04948c ($2.54 in chips)
Seat 4: 5f6628ac ($4.77 in chips)
Seat 5: Hero ($6.04 in chips)
Seat 6: f7ddcffa ($5.09 in chips)
5f6628ac: posts small blind $0.02
Hero: posts big blind $0.05
*** HOLE CARDS ***
Dealt to 10c00646 
Dealt to ef04948c 
Dealt to 5f6628ac 
Dealt to Hero [Kc 7h]
Dealt to f7ddcffa 
f7ddcffa: folds
10c00646: raises $0.1 to $0.15
ef04948c: folds
5f6628ac: folds
Hero: folds
Uncalled bet ($0.1) returned to 10c00646
*** SHOWDOWN ***
10c00646 collected $0.12 from pot
*** SUMMARY ***
Total pot $0.12 | Rake $0 | Jackpot $0 | Bingo $0 | Fortune $0
Seat 2: 10c00646 collected ($0.12)
Seat 3: ef04948c (button) folded before Flop (didn't bet)
Seat 4: 5f6628ac (small blind) folded before Flop
Seat 5: Hero (big blind) folded before Flop
Seat 6: f7ddcffa folded before Flop (didn't bet)


Poker Hand #HD1155431925: Hold'em No Limit  ($0.02/$0.05) - 2023/03/11 13:00:57
Table 'NLHBlue100' 6-max Seat #2 is the button
Seat 2: 10c00646 ($4.86 in chips)
Seat 3: ef04948c ($2.56 in chips)
Seat 4: 5f6628ac ($4.82 in chips)
Seat 5: Hero ($6.04 in chips)
Seat 6: f7ddcffa ($5.22 in chips)
ef04948c: posts small blind $0.02
5f6628ac: posts big blind $0.05
*** HOLE CARDS ***
Dealt to 10c00646 
Dealt to ef04948c 
Dealt to 5f6628ac 
Dealt to Hero [Kh 7h]
Dealt to f7ddcffa 
Hero: folds
f7ddcffa: raises $0.08 to $0.13
10c00646: raises $0.25 to $0.38
ef04948c: folds
5f6628ac: folds
f7ddcffa: folds
Uncalled bet ($0.25) returned to 10c00646
*** SHOWDOWN ***
10c00646 collected $0.32 from pot
*** SUMMARY ***
Total pot $0.33 | Rake $0.01 | Jackpot $0 | Bingo $0 | Fortune $0
Seat 2: 10c00646 (button) collected ($0.32)
Seat 3: ef04948c (small blind) folded before Flop
Seat 4: 5f6628ac (big blind) folded before Flop
Seat 5: Hero folded before Flop (didn't bet)
Seat 6: f7ddcffa folded before Flop


Poker Hand #HD1155431871: Hold'em No Limit  ($0.02/$0.05) - 2023/03/11 13:00:35
Table 'NLHBlue100' 6-max Seat #6 is the button
Seat 2: 10c00646 ($4.88 in chips)
Seat 3: ef04948c ($2.61 in chips)
Seat 4: 5f6628ac ($4.75 in chips)
Seat 5: Hero ($6.04 in chips)
Seat 6: f7ddcffa ($5.22 in chips)
10c00646: posts small blind $0.02
ef04948c: posts big blind $0.05
*** HOLE CARDS ***
Dealt to 10c00646 
Dealt to ef04948c 
Dealt to 5f6628ac 
Dealt to Hero [8c 5h]
Dealt to f7ddcffa 
5f6628ac: raises $0.07 to $0.12
Hero: folds
f7ddcffa: folds
10c00646: folds
ef04948c: folds
Uncalled bet ($0.07) returned to 5f6628ac
*** SHOWDOWN ***
5f6628ac collected $0.12 from pot
*** SUMMARY ***
Total pot $0.12 | Rake $0 | Jackpot $0 | Bingo $0 | Fortune $0
Seat 2: 10c00646 (small blind) folded before Flop
Seat 3: ef04948c (big blind) folded before Flop
Seat 4: 5f6628ac collected ($0.12)
Seat 5: Hero folded before Flop (didn't bet)
Seat 6: f7ddcffa (button) folded before Flop (didn't bet)


Poker Hand #HD1155431773: Hold'em No Limit  ($0.02/$0.05) - 2023/03/11 13:00:03
Table 'NLHBlue100' 6-max Seat #5 is the button
Seat 2: 10c00646 ($5 in chips)
Seat 3: ef04948c ($2.61 in chips)
Seat 4: 5f6628ac ($4.75 in chips)
Seat 5: Hero ($5.91 in chips)
Seat 6: f7ddcffa ($5.24 in chips)
f7ddcffa: posts small blind $0.02
10c00646: posts big blind $0.05
*** HOLE CARDS ***
Dealt to 10c00646 
Dealt to ef04948c 
Dealt to 5f6628ac 
Dealt to Hero [Qs Ks]
Dealt to f7ddcffa 
ef04948c: folds
5f6628ac: folds
Hero: raises $0.07 to $0.12
f7ddcffa: folds
10c00646: calls $0.07
*** FLOP *** [Kh 3d 8c]
10c00646: checks
Hero: bets $0.2
10c00646: folds
Uncalled bet ($0.2) returned to Hero
*** SHOWDOWN ***
Hero collected $0.25 from pot
*** SUMMARY ***
Total pot $0.26 | Rake $0.01 | Jackpot $0 | Bingo $0 | Fortune $0
Board [Kh 3d 8c]
Seat 2: 10c00646 (big blind) folded on the Flop
Seat 3: ef04948c folded before Flop (didn't bet)
Seat 4: 5f6628ac folded before Flop (didn't bet)
Seat 5: Hero (button) won ($0.25)
Seat 6: f7ddcffa (small blind) folded before Flop


Poker Hand #HD1155431748: Hold'em No Limit  ($0.02/$0.05) - 2023/03/11 12:59:53
Table 'NLHBlue100' 6-max Seat #4 is the button
Seat 3: ef04948c ($2.61 in chips)
Seat 4: 5f6628ac ($4.68 in chips)
Seat 5: Hero ($5.93 in chips)
Seat 6: f7ddcffa ($5.29 in chips)
Hero: posts small blind $0.02
f7ddcffa: posts big blind $0.05
*** HOLE CARDS ***
Dealt to ef04948c 
Dealt to 5f6628ac 
Dealt to Hero [4h 7s]
Dealt to f7ddcffa 
ef04948c: folds
5f6628ac: raises $0.07 to $0.12
Hero: folds
f7ddcffa: folds
Uncalled bet ($0.07) returned to 5f6628ac
*** SHOWDOWN ***
5f6628ac collected $0.12 from pot
*** SUMMARY ***
Total pot $0.12 | Rake $0 | Jackpot $0 | Bingo $0 | Fortune $0
Seat 3: ef04948c folded before Flop (didn't bet)
Seat 4: 5f6628ac (button) collected ($0.12)
Seat 5: Hero (small blind) folded before Flop
Seat 6: f7ddcffa (big blind) folded before Flop


Poker Hand #HD1155431572: Hold'em No Limit  ($0.02/$0.05) - 2023/03/11 12:58:54
Table 'NLHBlue100' 6-max Seat #3 is the button
Seat 2: f1b3e9aa ($3.53 in chips)
Seat 3: ef04948c ($2.61 in chips)
Seat 4: 5f6628ac ($4.95 in chips)
Seat 5: Hero ($5.98 in chips)
Seat 6: f7ddcffa ($5 in chips)
5f6628ac: posts small blind $0.02
Hero: posts big blind $0.05
*** HOLE CARDS ***
Dealt to f1b3e9aa 
Dealt to ef04948c 
Dealt to 5f6628ac 
Dealt to Hero [7h 6d]
Dealt to f7ddcffa 
f7ddcffa: raises $0.1 to $0.15
f1b3e9aa: folds
ef04948c: folds
5f6628ac: calls $0.13
Hero: folds
*** FLOP *** [Ts 4d 3h]
5f6628ac: checks
f7ddcffa: bets $0.12
5f6628ac: calls $0.12
*** TURN *** [Ts 4d 3h] [5s]
5f6628ac: checks
f7ddcffa: bets $0.3
5f6628ac: folds
Uncalled bet ($0.3) returned to f7ddcffa
*** SHOWDOWN ***
f7ddcffa collected $0.56 from pot
*** SUMMARY ***
Total pot $0.59 | Rake $0.03 | Jackpot $0 | Bingo $0 | Fortune $0
Board [Ts 4d 3h 5s]
Seat 2: f1b3e9aa folded before Flop (didn't bet)
Seat 3: ef04948c (button) folded before Flop (didn't bet)
Seat 4: 5f6628ac (small blind) folded on the Turn
Seat 5: Hero (big blind) folded before Flop
Seat 6: f7ddcffa won ($0.56)


Poker Hand #HD1155431476: Hold'em No Limit  ($0.02/$0.05) - 2023/03/11 12:58:17
Table 'NLHBlue100' 6-max Seat #2 is the button
Seat 2: f1b3e9aa ($3.73 in chips)
Seat 3: ef04948c ($2.38 in chips)
Seat 4: 5f6628ac ($5 in chips)
Seat 5: Hero ($5.98 in chips)
Seat 6: f7ddcffa ($5 in chips)
ef04948c: posts small blind $0.02
5f6628ac: posts big blind $0.05
*** HOLE CARDS ***
Dealt to f1b3e9aa 
Dealt to ef04948c 
Dealt to 5f6628ac 
Dealt to Hero [6s Ac]
Dealt to f7ddcffa 
Hero: folds
f7ddcffa: folds
f1b3e9aa: calls $0.05
ef04948c: raises $0.15 to $0.2
5f6628ac: folds
f1b3e9aa: calls $0.15
*** FLOP *** [7d 3c Qh]
ef04948c: bets $0.23
f1b3e9aa: folds
Uncalled bet ($0.23) returned to ef04948c
*** SHOWDOWN ***
ef04948c collected $0.43 from pot
*** SUMMARY ***
Total pot $0.45 | Rake $0.02 | Jackpot $0 | Bingo $0 | Fortune $0
Board [7d 3c Qh]
Seat 2: f1b3e9aa (button) folded on the Flop
Seat 3: ef04948c (small blind) won ($0.43)
Seat 4: 5f6628ac (big blind) folded before Flop
Seat 5: Hero folded before Flop (didn't bet)
Seat 6: f7ddcffa folded before Flop (didn't bet)


Poker Hand #HD1155431385: Hold'em No Limit  ($0.02/$0.05) - 2023/03/11 12:57:47
Table 'NLHBlue100' 6-max Seat #6 is the button
Seat 2: f1b3e9aa ($3.51 in chips)
Seat 3: ef04948c ($2.43 in chips)
Seat 5: Hero ($6.17 in chips)
Seat 6: f7ddcffa ($5 in chips)
f1b3e9aa: posts small blind $0.02
ef04948c: posts big blind $0.05
*** HOLE CARDS ***
Dealt to f1b3e9aa 
Dealt to ef04948c 
Dealt to Hero [8s 8c]
Dealt to f7ddcffa 
Hero: raises $0.07 to $0.12
f7ddcffa: folds
f1b3e9aa: raises $0.07 to $0.19
ef04948c: folds
Hero: calls $0.07
*** FLOP *** [Jd Kh 5c]
f1b3e9aa: bets $0.6
Hero: folds
Uncalled bet ($0.6) returned to f1b3e9aa
*** SHOWDOWN ***
f1b3e9aa collected $0.41 from pot
*** SUMMARY ***
Total pot $0.43 | Rake $0.02 | Jackpot $0 | Bingo $0 | Fortune $0
Board [Jd Kh 5c]
Seat 2: f1b3e9aa (small blind) won ($0.41)
Seat 3: ef04948c (big blind) folded before Flop
Seat 5: Hero folded on the Flop
Seat 6: f7ddcffa (button) folded before Flop (didn't bet)


Poker Hand #HD1155431243: Hold'em No Limit  ($0.02/$0.05) - 2023/03/11 12:56:57
Table 'NLHBlue100' 6-max Seat #5 is the button
Seat 2: f1b3e9aa ($4.8 in chips)
Seat 3: ef04948c ($2.43 in chips)
Seat 5: Hero ($5.03 in chips)
Seat 6: f7ddcffa ($5 in chips)
f7ddcffa: posts small blind $0.02
f1b3e9aa: posts big blind $0.05
*** HOLE CARDS ***
Dealt to f1b3e9aa 
Dealt to ef04948c 
Dealt to Hero [8h 7h]
Dealt to f7ddcffa 
ef04948c: folds
Hero: raises $0.07 to $0.12
f7ddcffa: folds
f1b3e9aa: calls $0.07
*** FLOP *** [6c 6s 7s]
f1b3e9aa: checks
Hero: bets $0.13
f1b3e9aa: calls $0.13
*** TURN *** [6c 6s 7s] [7d]
f1b3e9aa: checks
Hero: bets $0.26
f1b3e9aa: calls $0.26
*** RIVER *** [6c 6s 7s 7d] [3h]
f1b3e9aa: checks
Hero: bets $0.78
f1b3e9aa: calls $0.78
Hero: shows [8h 7h] (Sevens Full over Sixes)
f1b3e9aa: shows [Th Ks] (Pair of Sevens and Pair of Sixes)
*** SHOWDOWN ***
Hero collected $2.43 from pot
*** SUMMARY ***
Total pot $2.6 | Rake $0.12 | Jackpot $0.05 | Bingo $0 | Fortune $0
Board [6c 6s 7s 7d 3h]
Seat 2: f1b3e9aa (big blind) showed [Th Ks] and lost with Pair of Sevens and Pair of Sixes
Seat 3: ef04948c folded before Flop (didn't bet)
Seat 5: Hero (button) showed [8h 7h] and won ($2.43) with Sevens Full over Sixes
Seat 6: f7ddcffa (small blind) folded before Flop


Poker Hand #HD1155431090: Hold'em No Limit  ($0.02/$0.05) - 2023/03/11 12:56:06
Table 'NLHBlue100' 6-max Seat #4 is the button
Seat 2: f1b3e9aa ($4.24 in chips)
Seat 3: ef04948c ($2.43 in chips)
Seat 4: 1f7c00f8 ($4.85 in chips)
Seat 5: Hero ($5.05 in chips)
Seat 6: f7ddcffa ($5.07 in chips)
Hero: posts small blind $0.02
f7ddcffa: posts big blind $0.05
*** HOLE CARDS ***
Dealt to f1b3e9aa 
Dealt to ef04948c 
Dealt to 1f7c00f8 
Dealt to Hero [As 2h]
Dealt to f7ddcffa 
f1b3e9aa: calls $0.05
ef04948c: folds
1f7c00f8: folds
Hero: folds
f7ddcffa: checks
*** FLOP *** [4h 9s 9c]
f7ddcffa: checks
f1b3e9aa: bets $0.05
f7ddcffa: calls $0.05
*** TURN *** [4h 9s 9c] [Jc]
f7ddcffa: bets $0.15
f1b3e9aa: calls $0.15
*** RIVER *** [4h 9s 9c Jc] [4s]
f7ddcffa: bets $0.35
f1b3e9aa: calls $0.35
f7ddcffa: shows [Th 8d] (Pair of Nines and Pair of Fours)
f1b3e9aa: shows [Td Jd] (Pair of Jacks and Pair of Nines)
*** SHOWDOWN ***
f1b3e9aa collected $1.16 from pot
*** SUMMARY ***
Total pot $1.22 | Rake $0.06 | Jackpot $0 | Bingo $0 | Fortune $0
Board [4h 9s 9c Jc 4s]
Seat 2: f1b3e9aa showed [Td Jd] and won ($1.16) with Pair of Jacks and Pair of Nines
Seat 3: ef04948c folded before Flop (didn't bet)
Seat 4: 1f7c00f8 (button) folded before Flop (didn't bet)
Seat 5: Hero (small blind) folded before Flop
Seat 6: f7ddcffa (big blind) showed [Th 8d] and lost with Pair of Nines and Pair of Fours


Poker Hand #HD1155431028: Hold'em No Limit  ($0.02/$0.05) - 2023/03/11 12:55:40
Table 'NLHBlue100' 6-max Seat #3 is the button
Seat 1: 14291631 ($5 in chips)
Seat 2: f1b3e9aa ($4.24 in chips)
Seat 3: ef04948c ($2.43 in chips)
Seat 4: 1f7c00f8 ($4.9 in chips)
Seat 5: Hero ($5 in chips)
Seat 6: f7ddcffa ($5.07 in chips)
1f7c00f8: posts small blind $0.02
Hero: posts big blind $0.05
*** HOLE CARDS ***
Dealt to 14291631 
Dealt to f1b3e9aa 
Dealt to ef04948c 
Dealt to 1f7c00f8 
Dealt to Hero [Js Ac]
Dealt to f7ddcffa 
f7ddcffa: folds
14291631: folds
f1b3e9aa: folds
ef04948c: folds
1f7c00f8: calls $0.03
Hero: raises $0.15 to $0.2
1f7c00f8: folds
Uncalled bet ($0.15) returned to Hero
*** SHOWDOWN ***
Hero collected $0.1 from pot
*** SUMMARY ***
Total pot $0.1 | Rake $0 | Jackpot $0 | Bingo $0 | Fortune $0
Seat 1: 14291631 folded before Flop (didn't bet)
Seat 2: f1b3e9aa folded before Flop (didn't bet)
Seat 3: ef04948c (button) folded before Flop (didn't bet)
Seat 4: 1f7c00f8 (small blind) folded before Flop
Seat 5: Hero (big blind) collected ($0.1)
Seat 6: f7ddcffa folded before Flop (didn't bet)


Poker Hand #HD1155430925: Hold'em No Limit  ($0.02/$0.05) - 2023/03/11 12:55:05
Table 'NLHBlue100' 6-max Seat #2 is the button
Seat 1: 14291631 ($5 in chips)
Seat 2: f1b3e9aa ($4.17 in chips)
Seat 3: ef04948c ($2.45 in chips)
Seat 4: 1f7c00f8 ($4.95 in chips)
Seat 5: Hero ($5 in chips)
Seat 6: f7ddcffa ($5.07 in chips)
ef04948c: posts small blind $0.02
1f7c00f8: posts big blind $0.05
*** HOLE CARDS ***
Dealt to 14291631 
Dealt to f1b3e9aa 
Dealt to ef04948c 
Dealt to 1f7c00f8 
Dealt to Hero [6c 3c]
Dealt to f7ddcffa 
Hero: folds
f7ddcffa: folds
14291631: folds
f1b3e9aa: calls $0.05
ef04948c: folds
1f7c00f8: checks
*** FLOP *** [9h 2c Ks]
1f7c00f8: checks
f1b3e9aa: bets $0.05
1f7c00f8: folds
Uncalled bet ($0.05) returned to f1b3e9aa
*** SHOWDOWN ***
f1b3e9aa collected $0.12 from pot
*** SUMMARY ***
Total pot $0.12 | Rake $0 | Jackpot $0 | Bingo $0 | Fortune $0
Board [9h 2c Ks]
Seat 1: 14291631 folded before Flop (didn't bet)
Seat 2: f1b3e9aa (button) won ($0.12)
Seat 3: ef04948c (small blind) folded before Flop
Seat 4: 1f7c00f8 (big blind) folded on the Flop
Seat 5: Hero folded before Flop (didn't bet)
Seat 6: f7ddcffa folded before Flop (didn't bet)


Poker Hand #HD1155430841: Hold'em No Limit  ($0.02/$0.05) - 2023/03/11 12:54:32
Table 'NLHBlue100' 6-max Seat #1 is the button
Seat 1: 14291631 ($5 in chips)
Seat 2: f1b3e9aa ($4.07 in chips)
Seat 3: ef04948c ($2.5 in chips)
Seat 4: 1f7c00f8 ($5 in chips)
Seat 5: Hero ($5 in chips)
Seat 6: f7ddcffa ($5.07 in chips)
f1b3e9aa: posts small blind $0.02
ef04948c: posts big blind $0.05
1f7c00f8: posts big blind $0.05
*** HOLE CARDS ***
Dealt to 14291631 
Dealt to f1b3e9aa 
Dealt to ef04948c 
Dealt to 1f7c00f8 
Dealt to Hero [Qs 5c]
Dealt to f7ddcffa 
1f7c00f8: checks
Hero: folds
f7ddcffa: folds
14291631: folds
f1b3e9aa: calls $0.03
ef04948c: checks
*** FLOP *** [Th Kc 7d]
f1b3e9aa: bets $0.7
ef04948c: folds
1f7c00f8: folds
Uncalled bet ($0.7) returned to f1b3e9aa
*** SHOWDOWN ***
f1b3e9aa collected $0.15 from pot
*** SUMMARY ***
Total pot $0.15 | Rake $0 | Jackpot $0 | Bingo $0 | Fortune $0
Board [Th Kc 7d]
Seat 1: 14291631 (button) folded before Flop (didn't bet)
Seat 2: f1b3e9aa (small blind) won ($0.15)
Seat 3: ef04948c (big blind) folded on the Flop
Seat 4: 1f7c00f8 folded on the Flop
Seat 5: Hero folded before Flop (didn't bet)
Seat 6: f7ddcffa folded before Flop (didn't bet)


Poker Hand #HD1155430793: Hold'em No Limit  ($0.02/$0.05) - 2023/03/11 12:54:17
Table 'NLHBlue100' 6-max Seat #6 is the button
Seat 1: 14291631 ($5 in chips)
Seat 2: f1b3e9aa ($4.12 in chips)
Seat 5: Hero ($5 in chips)
Seat 6: f7ddcffa ($5 in chips)
14291631: posts small blind $0.02
f1b3e9aa: posts big blind $0.05
*** HOLE CARDS ***
Dealt to 14291631 
Dealt to f1b3e9aa 
Dealt to Hero [5d Qc]
Dealt to f7ddcffa 
Hero: folds
f7ddcffa: raises $0.08 to $0.13
14291631: folds
f1b3e9aa: folds
Uncalled bet ($0.08) returned to f7ddcffa
*** SHOWDOWN ***
f7ddcffa collected $0.12 from pot
*** SUMMARY ***
Total pot $0.12 | Rake $0 | Jackpot $0 | Bingo $0 | Fortune $0
Seat 1: 14291631 (small blind) folded before Flop
Seat 2: f1b3e9aa (big blind) folded before Flop
Seat 5: Hero folded before Flop (didn't bet)
Seat 6: f7ddcffa (button) collected ($0.12)


Poker Hand #HD1155430671: Hold'em No Limit  ($0.02/$0.05) - 2023/03/11 12:53:31
Table 'NLHBlue100' 6-max Seat #5 is the button
Seat 1: 14291631 ($5 in chips)
Seat 2: f1b3e9aa ($3.37 in chips)
Seat 4: 8888e923 ($2.84 in chips)
Seat 5: Hero ($5 in chips)
Seat 6: f7ddcffa ($5 in chips)
f7ddcffa: posts small blind $0.02
14291631: posts big blind $0.05
*** HOLE CARDS ***
Dealt to 14291631 
Dealt to f1b3e9aa 
Dealt to 8888e923 
Dealt to Hero [3d 2d]
Dealt to f7ddcffa 
f1b3e9aa: calls $0.05
8888e923: raises $0.1 to $0.15
Hero: folds
f7ddcffa: folds
14291631: folds
f1b3e9aa: raises $0.1 to $0.25
8888e923: calls $0.1
*** FLOP *** [8s 8c 7s]
f1b3e9aa: checks
8888e923: checks
*** TURN *** [8s 8c 7s] [Kc]
f1b3e9aa: checks
8888e923: bets $0.28
f1b3e9aa: raises $0.28 to $0.56
8888e923: calls $0.28
*** RIVER *** [8s 8c 7s Kc] [2c]
f1b3e9aa: bets $0.2
8888e923: folds
Uncalled bet ($0.2) returned to f1b3e9aa
*** SHOWDOWN ***
f1b3e9aa collected $1.56 from pot
*** SUMMARY ***
Total pot $1.69 | Rake $0.08 | Jackpot $0.05 | Bingo $0 | Fortune $0
Board [8s 8c 7s Kc 2c]
Seat 1: 14291631 (big blind) folded before Flop
Seat 2: f1b3e9aa won ($1.56)
Seat 4: 8888e923 folded on the River
Seat 5: Hero (button) folded before Flop (didn't bet)
Seat 6: f7ddcffa (small blind) folded before Flop


Poker Hand #HD1155430408: Hold'em No Limit  ($0.02/$0.05) - 2023/03/11 12:51:58
Table 'NLHBlue100' 6-max Seat #4 is the button
Seat 2: f1b3e9aa ($1.76 in chips)
Seat 3: 9619a456 ($5 in chips)
Seat 4: 8888e923 ($4.6 in chips)
Seat 5: Hero ($5 in chips)
Seat 6: f7ddcffa ($5 in chips)
Hero: posts small blind $0.02
f7ddcffa: posts big blind $0.05
*** HOLE CARDS ***
Dealt to f1b3e9aa 
Dealt to 9619a456 
Dealt to 8888e923 
Dealt to Hero [Qd 8c]
Dealt to f7ddcffa 
f1b3e9aa: calls $0.05
9619a456: folds
8888e923: calls $0.05
Hero: folds
f7ddcffa: checks
*** FLOP *** [Tc 6s 3s]
f7ddcffa: checks
f1b3e9aa: bets $0.05
8888e923: raises $0.14 to $0.19
f7ddcffa: folds
f1b3e9aa: raises $0.36 to $0.55
8888e923: calls $0.36
*** TURN *** [Tc 6s 3s] [4h]
f1b3e9aa: bets $0.2
8888e923: calls $0.2
*** RIVER *** [Tc 6s 3s 4h] [2h]
f1b3e9aa: bets $0.25
8888e923: raises $1.09 to $1.34
f1b3e9aa: calls $0.71 and is all-in
Uncalled bet ($0.38) returned to 8888e923
8888e923: shows [2s Ks] (Pair of Twos)
f1b3e9aa: shows [3h 3c] (Three Treys)
*** SHOWDOWN ***
f1b3e9aa collected $3.37 from pot
*** SUMMARY ***
Total pot $3.59 | Rake $0.17 | Jackpot $0.05 | Bingo $0 | Fortune $0
Board [Tc 6s 3s 4h 2h]
Seat 2: f1b3e9aa showed [3h 3c] and won ($3.37) with Three Treys
Seat 3: 9619a456 folded before Flop (didn't bet)
Seat 4: 8888e923 (button) showed [2s Ks] and lost with Pair of Twos
Seat 5: Hero (small blind) folded before Flop
Seat 6: f7ddcffa (big blind) folded on the Flop


Poker Hand #HD1155430282: Hold'em No Limit  ($0.02/$0.05) - 2023/03/11 12:51:12
Table 'NLHBlue100' 6-max Seat #3 is the button
Seat 2: f1b3e9aa ($1.31 in chips)
Seat 3: 9619a456 ($5 in chips)
Seat 4: 8888e923 ($4.62 in chips)
Seat 5: Hero ($5 in chips)
8888e923: posts small blind $0.02
Hero: posts big blind $0.05
*** HOLE CARDS ***
Dealt to f1b3e9aa 
Dealt to 9619a456 
Dealt to 8888e923 
Dealt to Hero [6s Qs]
f1b3e9aa: calls $0.05
9619a456: folds
8888e923: folds
Hero: checks
*** FLOP *** [Th 4s 8s]
Hero: bets $0.06
f1b3e9aa: calls $0.06
*** TURN *** [Th 4s 8s] [5h]
Hero: bets $0.12
f1b3e9aa: calls $0.12
*** RIVER *** [Th 4s 8s 5h] [3h]
Hero: bets $0.24
f1b3e9aa: calls $0.24
Hero: shows [6s Qs] (Queen-High)
f1b3e9aa: shows [8d Qd] (Pair of Eights)
*** SHOWDOWN ***
f1b3e9aa collected $0.92 from pot
*** SUMMARY ***
Total pot $0.96 | Rake $0.04 | Jackpot $0 | Bingo $0 | Fortune $0
Board [Th 4s 8s 5h 3h]
Seat 2: f1b3e9aa showed [8d Qd] and won ($0.92) with Pair of Eights
Seat 3: 9619a456 (button) folded before Flop (didn't bet)
Seat 4: 8888e923 (small blind) folded before Flop
Seat 5: Hero (big blind) showed [6s Qs] and lost with Queen-High


