Poker Hand #HD1205569233: Hold'em No Limit  ($0.02/$0.05) - 2023/04/16 17:58:19
Table 'NLHBlue101' 6-max Seat #3 is the button
Seat 1: Hero ($5.19 in chips)
Seat 2: cdbdcdd9 ($5 in chips)
Seat 3: 4d7ac745 ($5 in chips)
Seat 4: 77943694 ($0.64 in chips)
Seat 5: c0670d7b ($6.86 in chips)
Seat 6: 9cb12df8 ($5.16 in chips)
77943694: posts small blind $0.02
c0670d7b: posts big blind $0.05
*** HOLE CARDS ***
Dealt to Hero [Js Qd]
Dealt to cdbdcdd9 
Dealt to 4d7ac745 
Dealt to 77943694 
Dealt to c0670d7b 
Dealt to 9cb12df8 
9cb12df8: raises $0.1 to $0.15
Hero: folds
cdbdcdd9: folds
4d7ac745: folds
77943694: raises $0.49 to $0.64 and is all-in
c0670d7b: folds
9cb12df8: calls $0.49
77943694: shows [Ts Td]
9cb12df8: shows [Kh As]
*** FLOP *** [3h 6d 6h]
*** TURN *** [3h 6d 6h] [Ks]
*** RIVER *** [3h 6d 6h Ks] [Qh]
*** SHOWDOWN ***
9cb12df8 collected $1.27 from pot
*** SUMMARY ***
Total pot $1.33 | Rake $0.06 | Jackpot $0 | Bingo $0 | Fortune $0
Board [3h 6d 6h Ks Qh]
Seat 1: Hero folded before Flop (didn't bet)
Seat 2: cdbdcdd9 folded before Flop (didn't bet)
Seat 3: 4d7ac745 (button) folded before Flop (didn't bet)
Seat 4: 77943694 (small blind) showed [Ts Td] and lost with Pair of Tens and Pair of Sixes
Seat 5: c0670d7b (big blind) folded before Flop
Seat 6: 9cb12df8 showed [Kh As] and won ($1.27) with Pair of Kings and Pair of Sixes


Poker Hand #HD1205569165: Hold'em No Limit  ($0.02/$0.05) - 2023/04/16 17:57:45
Table 'NLHBlue101' 6-max Seat #2 is the button
Seat 1: Hero ($5.19 in chips)
Seat 2: cdbdcdd9 ($5 in chips)
Seat 3: 4d7ac745 ($5 in chips)
Seat 4: 77943694 ($0.53 in chips)
Seat 5: c0670d7b ($6.96 in chips)
Seat 6: 9cb12df8 ($5.16 in chips)
4d7ac745: posts small blind $0.02
77943694: posts big blind $0.05
*** HOLE CARDS ***
Dealt to Hero [3d 9d]
Dealt to cdbdcdd9 
Dealt to 4d7ac745 
Dealt to 77943694 
Dealt to c0670d7b 
Dealt to 9cb12df8 
c0670d7b: raises $0.05 to $0.1
9cb12df8: folds
Hero: folds
cdbdcdd9: folds
4d7ac745: folds
77943694: calls $0.05
*** FLOP *** [Td Ad 7d]
77943694: checks
c0670d7b: checks
*** TURN *** [Td Ad 7d] [7h]
77943694: checks
c0670d7b: checks
*** RIVER *** [Td Ad 7d 7h] [3c]
77943694: bets $0.43 and is all-in
c0670d7b: folds
Uncalled bet ($0.43) returned to 77943694
*** SHOWDOWN ***
77943694 collected $0.21 from pot
*** SUMMARY ***
Total pot $0.22 | Rake $0.01 | Jackpot $0 | Bingo $0 | Fortune $0
Board [Td Ad 7d 7h 3c]
Seat 1: Hero folded before Flop (didn't bet)
Seat 2: cdbdcdd9 (button) folded before Flop (didn't bet)
Seat 3: 4d7ac745 (small blind) folded before Flop
Seat 4: 77943694 (big blind) won ($0.21)
Seat 5: c0670d7b folded on the River
Seat 6: 9cb12df8 folded before Flop (didn't bet)


Poker Hand #HD1205569121: Hold'em No Limit  ($0.02/$0.05) - 2023/04/16 17:57:23
Table 'NLHBlue101' 6-max Seat #1 is the button
Seat 1: Hero ($5.19 in chips)
Seat 2: cdbdcdd9 ($5 in chips)
Seat 3: 4d7ac745 ($5 in chips)
Seat 4: 77943694 ($0.53 in chips)
Seat 5: c0670d7b ($7.06 in chips)
Seat 6: 9cb12df8 ($5 in chips)
cdbdcdd9: posts small blind $0.02
4d7ac745: posts big blind $0.05
*** HOLE CARDS ***
Dealt to Hero [4h As]
Dealt to cdbdcdd9 
Dealt to 4d7ac745 
Dealt to 77943694 
Dealt to c0670d7b 
Dealt to 9cb12df8 
77943694: folds
c0670d7b: raises $0.05 to $0.1
9cb12df8: raises $0.2 to $0.3
Hero: folds
cdbdcdd9: folds
4d7ac745: folds
c0670d7b: folds
Uncalled bet ($0.2) returned to 9cb12df8
*** SHOWDOWN ***
9cb12df8 collected $0.26 from pot
*** SUMMARY ***
Total pot $0.27 | Rake $0.01 | Jackpot $0 | Bingo $0 | Fortune $0
Seat 1: Hero (button) folded before Flop (didn't bet)
Seat 2: cdbdcdd9 (small blind) folded before Flop
Seat 3: 4d7ac745 (big blind) folded before Flop
Seat 4: 77943694 folded before Flop (didn't bet)
Seat 5: c0670d7b folded before Flop
Seat 6: 9cb12df8 collected ($0.26)


Poker Hand #HD1205569090: Hold'em No Limit  ($0.02/$0.05) - 2023/04/16 17:57:09
Table 'NLHBlue101' 6-max Seat #6 is the button
Seat 1: Hero ($5.21 in chips)
Seat 2: cdbdcdd9 ($5 in chips)
Seat 4: 77943694 ($0.46 in chips)
Seat 5: c0670d7b ($7.06 in chips)
Seat 6: 9cb12df8 ($5 in chips)
Hero: posts small blind $0.02
cdbdcdd9: posts big blind $0.05
*** HOLE CARDS ***
Dealt to Hero [7h 5s]
Dealt to cdbdcdd9 
Dealt to 77943694 
Dealt to c0670d7b 
Dealt to 9cb12df8 
77943694: raises $0.41 to $0.46 and is all-in
c0670d7b: folds
9cb12df8: folds
Hero: folds
cdbdcdd9: folds
Uncalled bet ($0.41) returned to 77943694
*** SHOWDOWN ***
77943694 collected $0.12 from pot
*** SUMMARY ***
Total pot $0.12 | Rake $0 | Jackpot $0 | Bingo $0 | Fortune $0
Seat 1: Hero (small blind) folded before Flop
Seat 2: cdbdcdd9 (big blind) folded before Flop
Seat 4: 77943694 collected ($0.12)
Seat 5: c0670d7b folded before Flop (didn't bet)
Seat 6: 9cb12df8 (button) folded before Flop (didn't bet)


Poker Hand #HD1205568969: Hold'em No Limit  ($0.02/$0.05) - 2023/04/16 17:56:08
Table 'NLHBlue101' 6-max Seat #5 is the button
Seat 1: Hero ($5 in chips)
Seat 2: cdbdcdd9 ($5 in chips)
Seat 4: 77943694 ($0.46 in chips)
Seat 5: c0670d7b ($7.11 in chips)
Seat 6: 9cb12df8 ($5 in chips)
9cb12df8: posts small blind $0.02
Hero: posts big blind $0.05
*** HOLE CARDS ***
Dealt to Hero [3d 2d]
Dealt to cdbdcdd9 
Dealt to 77943694 
Dealt to c0670d7b 
Dealt to 9cb12df8 
cdbdcdd9: calls $0.05
77943694: folds
c0670d7b: calls $0.05
9cb12df8: calls $0.03
Hero: checks
*** FLOP *** [5h 3c 9d]
9cb12df8: checks
Hero: checks
cdbdcdd9: bets $0.07
c0670d7b: folds
9cb12df8: folds
Hero: calls $0.07
*** TURN *** [5h 3c 9d] [2s]
Hero: checks
cdbdcdd9: checks
*** RIVER *** [5h 3c 9d 2s] [Ac]
Hero: bets $0.26
cdbdcdd9: folds
Uncalled bet ($0.26) returned to Hero
*** SHOWDOWN ***
Hero collected $0.33 from pot
*** SUMMARY ***
Total pot $0.34 | Rake $0.01 | Jackpot $0 | Bingo $0 | Fortune $0
Board [5h 3c 9d 2s Ac]
Seat 1: Hero (big blind) won ($0.33)
Seat 2: cdbdcdd9 folded on the River
Seat 4: 77943694 folded before Flop (didn't bet)
Seat 5: c0670d7b (button) folded on the Flop
Seat 6: 9cb12df8 (small blind) folded on the Flop


Poker Hand #HD1205568787: Hold'em No Limit  ($0.02/$0.05) - 2023/04/16 17:54:23
Table 'NLHBlue101' 6-max Seat #4 is the button
Seat 1: Hero ($5.37 in chips)
Seat 2: cdbdcdd9 ($5 in chips)
Seat 4: 77943694 ($3.89 in chips)
Seat 5: c0670d7b ($3.43 in chips)
Seat 6: 9cb12df8 ($5 in chips)
c0670d7b: posts small blind $0.02
9cb12df8: posts big blind $0.05
*** HOLE CARDS ***
Dealt to Hero [Td Th]
Dealt to cdbdcdd9 
Dealt to 77943694 
Dealt to c0670d7b 
Dealt to 9cb12df8 
Hero: raises $0.07 to $0.12
cdbdcdd9: folds
77943694: calls $0.12
c0670d7b: raises $0.5 to $0.62
9cb12df8: folds
Hero: calls $0.5
77943694: calls $0.5
*** FLOP *** [5h Qs 4h]
c0670d7b: checks
Hero: checks
77943694: bets $0.64
c0670d7b: calls $0.64
Hero: folds
*** TURN *** [5h Qs 4h] [7c]
c0670d7b: checks
77943694: bets $2.4
c0670d7b: calls $2.17 and is all-in
Uncalled bet ($0.23) returned to 77943694
77943694: shows [Ah 6h] (Ace-High)
c0670d7b: shows [Jh Js] (Pair of Jacks)
*** RIVER *** [5h Qs 4h 7c] [7d]
*** SHOWDOWN ***
c0670d7b collected $7.11 from pot
*** SUMMARY ***
Total pot $7.53 | Rake $0.37 | Jackpot $0.05 | Bingo $0 | Fortune $0
Board [5h Qs 4h 7c 7d]
Seat 1: Hero folded on the Flop
Seat 2: cdbdcdd9 folded before Flop (didn't bet)
Seat 4: 77943694 (button) showed [Ah 6h] and lost with Pair of Sevens
Seat 5: c0670d7b (small blind) showed [Jh Js] and won ($7.11) with Pair of Jacks and Pair of Sevens
Seat 6: 9cb12df8 (big blind) folded before Flop


Poker Hand #HD1205568726: Hold'em No Limit  ($0.02/$0.05) - 2023/04/16 17:53:52
Table 'NLHBlue101' 6-max Seat #2 is the button
Seat 1: Hero ($5.37 in chips)
Seat 2: cdbdcdd9 ($5 in chips)
Seat 4: 77943694 ($3.84 in chips)
Seat 5: c0670d7b ($3.48 in chips)
Seat 6: 9cb12df8 ($5 in chips)
77943694: posts small blind $0.02
c0670d7b: posts big blind $0.05
*** HOLE CARDS ***
Dealt to Hero [8h Ac]
Dealt to cdbdcdd9 
Dealt to 77943694 
Dealt to c0670d7b 
Dealt to 9cb12df8 
9cb12df8: folds
Hero: folds
cdbdcdd9: folds
77943694: calls $0.03
c0670d7b: checks
*** FLOP *** [Ts Kc Ks]
77943694: checks
c0670d7b: checks
*** TURN *** [Ts Kc Ks] [3d]
77943694: checks
c0670d7b: checks
*** RIVER *** [Ts Kc Ks 3d] [6c]
77943694: bets $0.05
c0670d7b: folds
Uncalled bet ($0.05) returned to 77943694
*** SHOWDOWN ***
77943694 collected $0.1 from pot
*** SUMMARY ***
Total pot $0.1 | Rake $0 | Jackpot $0 | Bingo $0 | Fortune $0
Board [Ts Kc Ks 3d 6c]
Seat 1: Hero folded before Flop (didn't bet)
Seat 2: cdbdcdd9 (button) folded before Flop (didn't bet)
Seat 4: 77943694 (small blind) won ($0.1)
Seat 5: c0670d7b (big blind) folded on the River
Seat 6: 9cb12df8 folded before Flop (didn't bet)


Poker Hand #HD1205568711: Hold'em No Limit  ($0.02/$0.05) - 2023/04/16 17:53:44
Table 'NLHBlue101' 6-max Seat #1 is the button
Seat 1: Hero ($5.37 in chips)
Seat 2: cdbdcdd9 ($5 in chips)
Seat 4: 77943694 ($3.89 in chips)
Seat 5: c0670d7b ($3.41 in chips)
Seat 6: 9cb12df8 ($5 in chips)
cdbdcdd9: posts small blind $0.02
77943694: posts big blind $0.05
*** HOLE CARDS ***
Dealt to Hero [3s Js]
Dealt to cdbdcdd9 
Dealt to 77943694 
Dealt to c0670d7b 
Dealt to 9cb12df8 
c0670d7b: raises $0.05 to $0.1
9cb12df8: folds
Hero: folds
cdbdcdd9: folds
77943694: folds
Uncalled bet ($0.05) returned to c0670d7b
*** SHOWDOWN ***
c0670d7b collected $0.12 from pot
*** SUMMARY ***
Total pot $0.12 | Rake $0 | Jackpot $0 | Bingo $0 | Fortune $0
Seat 1: Hero (button) folded before Flop (didn't bet)
Seat 2: cdbdcdd9 (small blind) folded before Flop
Seat 4: 77943694 (big blind) folded before Flop
Seat 5: c0670d7b collected ($0.12)
Seat 6: 9cb12df8 folded before Flop (didn't bet)


Poker Hand #HD1205568625: Hold'em No Limit  ($0.02/$0.05) - 2023/04/16 17:53:00
Table 'NLHBlue101' 6-max Seat #6 is the button
Seat 1: Hero ($5.39 in chips)
Seat 2: cdbdcdd9 ($5 in chips)
Seat 4: 77943694 ($3.52 in chips)
Seat 5: c0670d7b ($3.74 in chips)
Seat 6: 9cb12df8 ($5 in chips)
Hero: posts small blind $0.02
cdbdcdd9: posts big blind $0.05
*** HOLE CARDS ***
Dealt to Hero [Td 2c]
Dealt to cdbdcdd9 
Dealt to 77943694 
Dealt to c0670d7b 
Dealt to 9cb12df8 
77943694: calls $0.05
c0670d7b: calls $0.05
9cb12df8: folds
Hero: folds
cdbdcdd9: checks
*** FLOP *** [4h 7h 9h]
cdbdcdd9: checks
77943694: bets $0.06
c0670d7b: calls $0.06
cdbdcdd9: folds
*** TURN *** [4h 7h 9h] [Th]
77943694: checks
c0670d7b: checks
*** RIVER *** [4h 7h 9h Th] [9c]
77943694: bets $0.22
c0670d7b: calls $0.22
77943694: shows [Kh 9d] (King High Flush)
c0670d7b: shows [8h 7c] (Ten High Flush)
*** SHOWDOWN ***
77943694 collected $0.7 from pot
*** SUMMARY ***
Total pot $0.73 | Rake $0.03 | Jackpot $0 | Bingo $0 | Fortune $0
Board [4h 7h 9h Th 9c]
Seat 1: Hero (small blind) folded before Flop
Seat 2: cdbdcdd9 (big blind) folded on the Flop
Seat 4: 77943694 showed [Kh 9d] and won ($0.7) with King High Flush
Seat 5: c0670d7b showed [8h 7c] and lost with Ten High Flush
Seat 6: 9cb12df8 (button) folded before Flop (didn't bet)


Poker Hand #HD1205568564: Hold'em No Limit  ($0.02/$0.05) - 2023/04/16 17:52:30
Table 'NLHBlue101' 6-max Seat #5 is the button
Seat 1: Hero ($5.52 in chips)
Seat 2: cdbdcdd9 ($5 in chips)
Seat 4: 77943694 ($3.52 in chips)
Seat 5: c0670d7b ($3.6 in chips)
Seat 6: 9cb12df8 ($5 in chips)
9cb12df8: posts small blind $0.02
Hero: posts big blind $0.05
*** HOLE CARDS ***
Dealt to Hero [Ts Jh]
Dealt to cdbdcdd9 
Dealt to 77943694 
Dealt to c0670d7b 
Dealt to 9cb12df8 
cdbdcdd9: folds
77943694: folds
c0670d7b: raises $0.08 to $0.13
9cb12df8: folds
Hero: calls $0.08
*** FLOP *** [3s 8h Ac]
Hero: checks
c0670d7b: checks
*** TURN *** [3s 8h Ac] [3c]
Hero: checks
c0670d7b: checks
*** RIVER *** [3s 8h Ac 3c] [Ad]
Hero: checks
c0670d7b: bets $0.14
Hero: folds
Uncalled bet ($0.14) returned to c0670d7b
*** SHOWDOWN ***
c0670d7b collected $0.27 from pot
*** SUMMARY ***
Total pot $0.28 | Rake $0.01 | Jackpot $0 | Bingo $0 | Fortune $0
Board [3s 8h Ac 3c Ad]
Seat 1: Hero (big blind) folded on the River
Seat 2: cdbdcdd9 folded before Flop (didn't bet)
Seat 4: 77943694 folded before Flop (didn't bet)
Seat 5: c0670d7b (button) won ($0.27)
Seat 6: 9cb12df8 (small blind) folded before Flop


Poker Hand #HD1205568488: Hold'em No Limit  ($0.02/$0.05) - 2023/04/16 17:51:50
Table 'NLHBlue101' 6-max Seat #4 is the button
Seat 1: Hero ($5.52 in chips)
Seat 2: cdbdcdd9 ($5.12 in chips)
Seat 3: b51b481c ($4.63 in chips)
Seat 4: 77943694 ($3.33 in chips)
Seat 5: c0670d7b ($3.62 in chips)
Seat 6: 9cb12df8 ($5 in chips)
c0670d7b: posts small blind $0.02
9cb12df8: posts big blind $0.05
*** HOLE CARDS ***
Dealt to Hero [6h 8c]
Dealt to cdbdcdd9 
Dealt to b51b481c 
Dealt to 77943694 
Dealt to c0670d7b 
Dealt to 9cb12df8 
Hero: folds
cdbdcdd9: raises $0.08 to $0.13
b51b481c: folds
77943694: calls $0.13
c0670d7b: folds
9cb12df8: folds
*** FLOP *** [5c 9d Qd]
cdbdcdd9: checks
77943694: checks
*** TURN *** [5c 9d Qd] [Kc]
cdbdcdd9: checks
77943694: bets $0.25
cdbdcdd9: folds
Uncalled bet ($0.25) returned to 77943694
*** SHOWDOWN ***
77943694 collected $0.32 from pot
*** SUMMARY ***
Total pot $0.33 | Rake $0.01 | Jackpot $0 | Bingo $0 | Fortune $0
Board [5c 9d Qd Kc]
Seat 1: Hero folded before Flop (didn't bet)
Seat 2: cdbdcdd9 folded on the Turn
Seat 3: b51b481c folded before Flop (didn't bet)
Seat 4: 77943694 (button) won ($0.32)
Seat 5: c0670d7b (small blind) folded before Flop
Seat 6: 9cb12df8 (big blind) folded before Flop


Poker Hand #HD1205568364: Hold'em No Limit  ($0.02/$0.05) - 2023/04/16 17:50:43
Table 'NLHBlue101' 6-max Seat #3 is the button
Seat 1: Hero ($5.52 in chips)
Seat 2: cdbdcdd9 ($5.12 in chips)
Seat 3: b51b481c ($4.68 in chips)
Seat 4: 77943694 ($4.48 in chips)
Seat 5: c0670d7b ($2.58 in chips)
Seat 6: 9cb12df8 ($5 in chips)
77943694: posts small blind $0.02
c0670d7b: posts big blind $0.05
*** HOLE CARDS ***
Dealt to Hero [9c 2c]
Dealt to cdbdcdd9 
Dealt to b51b481c 
Dealt to 77943694 
Dealt to c0670d7b 
Dealt to 9cb12df8 
9cb12df8: folds
Hero: folds
cdbdcdd9: folds
b51b481c: calls $0.05
77943694: raises $0.1 to $0.15
c0670d7b: raises $0.53 to $0.68
b51b481c: folds
77943694: calls $0.53
*** FLOP *** [Jc 7c Jh]
77943694: checks
c0670d7b: checks
*** TURN *** [Jc 7c Jh] [Qs]
77943694: checks
c0670d7b: checks
*** RIVER *** [Jc 7c Jh Qs] [Kh]
77943694: bets $0.47
c0670d7b: calls $0.47
77943694: shows [Ah 6s] (Pair of Jacks)
c0670d7b: shows [Tc Ts] (Pair of Jacks and Pair of Tens)
*** SHOWDOWN ***
c0670d7b collected $2.19 from pot
*** SUMMARY ***
Total pot $2.35 | Rake $0.11 | Jackpot $0.05 | Bingo $0 | Fortune $0
Board [Jc 7c Jh Qs Kh]
Seat 1: Hero folded before Flop (didn't bet)
Seat 2: cdbdcdd9 folded before Flop (didn't bet)
Seat 3: b51b481c (button) folded before Flop
Seat 4: 77943694 (small blind) showed [Ah 6s] and lost with Pair of Jacks
Seat 5: c0670d7b (big blind) showed [Tc Ts] and won ($2.19) with Pair of Jacks and Pair of Tens
Seat 6: 9cb12df8 folded before Flop (didn't bet)


Poker Hand #HD1205568313: Hold'em No Limit  ($0.02/$0.05) - 2023/04/16 17:50:15
Table 'NLHBlue101' 6-max Seat #2 is the button
Seat 1: Hero ($5.52 in chips)
Seat 2: cdbdcdd9 ($5.12 in chips)
Seat 3: b51b481c ($4.73 in chips)
Seat 4: 77943694 ($4.43 in chips)
Seat 5: c0670d7b ($2.58 in chips)
Seat 6: 9cb12df8 ($5 in chips)
b51b481c: posts small blind $0.02
77943694: posts big blind $0.05
*** HOLE CARDS ***
Dealt to Hero [8h Qs]
Dealt to cdbdcdd9 
Dealt to b51b481c 
Dealt to 77943694 
Dealt to c0670d7b 
Dealt to 9cb12df8 
c0670d7b: folds
9cb12df8: folds
Hero: folds
cdbdcdd9: folds
b51b481c: calls $0.03
77943694: checks
*** FLOP *** [8d 3s Ks]
b51b481c: checks
77943694: checks
*** TURN *** [8d 3s Ks] [7h]
b51b481c: checks
77943694: bets $0.05
b51b481c: folds
Uncalled bet ($0.05) returned to 77943694
*** SHOWDOWN ***
77943694 collected $0.1 from pot
*** SUMMARY ***
Total pot $0.1 | Rake $0 | Jackpot $0 | Bingo $0 | Fortune $0
Board [8d 3s Ks 7h]
Seat 1: Hero folded before Flop (didn't bet)
Seat 2: cdbdcdd9 (button) folded before Flop (didn't bet)
Seat 3: b51b481c (small blind) folded on the Turn
Seat 4: 77943694 (big blind) won ($0.1)
Seat 5: c0670d7b folded before Flop (didn't bet)
Seat 6: 9cb12df8 folded before Flop (didn't bet)


Poker Hand #HD1205568282: Hold'em No Limit  ($0.02/$0.05) - 2023/04/16 17:49:59
Table 'NLHBlue101' 6-max Seat #1 is the button
Seat 1: Hero ($5.45 in chips)
Seat 2: cdbdcdd9 ($5.14 in chips)
Seat 3: b51b481c ($4.78 in chips)
Seat 4: 77943694 ($4.43 in chips)
Seat 5: c0670d7b ($2.58 in chips)
Seat 6: 9cb12df8 ($5 in chips)
cdbdcdd9: posts small blind $0.02
b51b481c: posts big blind $0.05
*** HOLE CARDS ***
Dealt to Hero [3h Ah]
Dealt to cdbdcdd9 
Dealt to b51b481c 
Dealt to 77943694 
Dealt to c0670d7b 
Dealt to 9cb12df8 
77943694: folds
c0670d7b: folds
9cb12df8: folds
Hero: raises $0.07 to $0.12
cdbdcdd9: folds
b51b481c: folds
Uncalled bet ($0.07) returned to Hero
*** SHOWDOWN ***
Hero collected $0.12 from pot
*** SUMMARY ***
Total pot $0.12 | Rake $0 | Jackpot $0 | Bingo $0 | Fortune $0
Seat 1: Hero (button) collected ($0.12)
Seat 2: cdbdcdd9 (small blind) folded before Flop
Seat 3: b51b481c (big blind) folded before Flop
Seat 4: 77943694 folded before Flop (didn't bet)
Seat 5: c0670d7b folded before Flop (didn't bet)
Seat 6: 9cb12df8 folded before Flop (didn't bet)


Poker Hand #HD1205568229: Hold'em No Limit  ($0.02/$0.05) - 2023/04/16 17:49:33
Table 'NLHBlue101' 6-max Seat #6 is the button
Seat 1: Hero ($5.47 in chips)
Seat 2: cdbdcdd9 ($5.19 in chips)
Seat 4: 77943694 ($4.43 in chips)
Seat 5: c0670d7b ($2.51 in chips)
Seat 6: 9cb12df8 ($5 in chips)
Hero: posts small blind $0.02
cdbdcdd9: posts big blind $0.05
*** HOLE CARDS ***
Dealt to Hero [5s 7h]
Dealt to cdbdcdd9 
Dealt to 77943694 
Dealt to c0670d7b 
Dealt to 9cb12df8 
77943694: folds
c0670d7b: raises $0.05 to $0.1
9cb12df8: folds
Hero: folds
cdbdcdd9: folds
Uncalled bet ($0.05) returned to c0670d7b
*** SHOWDOWN ***
c0670d7b collected $0.12 from pot
*** SUMMARY ***
Total pot $0.12 | Rake $0 | Jackpot $0 | Bingo $0 | Fortune $0
Seat 1: Hero (small blind) folded before Flop
Seat 2: cdbdcdd9 (big blind) folded before Flop
Seat 4: 77943694 folded before Flop (didn't bet)
Seat 5: c0670d7b collected ($0.12)
Seat 6: 9cb12df8 (button) folded before Flop (didn't bet)


Poker Hand #HD1205568152: Hold'em No Limit  ($0.02/$0.05) - 2023/04/16 17:48:48
Table 'NLHBlue101' 6-max Seat #5 is the button
Seat 1: Hero ($5.65 in chips)
Seat 2: cdbdcdd9 ($5.19 in chips)
Seat 4: 77943694 ($4.24 in chips)
Seat 5: c0670d7b ($2.51 in chips)
Seat 6: 9cb12df8 ($5 in chips)
9cb12df8: posts small blind $0.02
Hero: posts big blind $0.05
*** HOLE CARDS ***
Dealt to Hero [4c 3c]
Dealt to cdbdcdd9 
Dealt to 77943694 
Dealt to c0670d7b 
Dealt to 9cb12df8 
cdbdcdd9: folds
77943694: raises $0.05 to $0.1
c0670d7b: folds
9cb12df8: folds
Hero: calls $0.05
*** FLOP *** [Kc 8c 8s]
Hero: checks
77943694: bets $0.08
Hero: calls $0.08
*** TURN *** [Kc 8c 8s] [Ks]
Hero: checks
77943694: checks
*** RIVER *** [Kc 8c 8s Ks] [Qd]
Hero: checks
77943694: bets $0.19
Hero: folds
Uncalled bet ($0.19) returned to 77943694
*** SHOWDOWN ***
77943694 collected $0.37 from pot
*** SUMMARY ***
Total pot $0.38 | Rake $0.01 | Jackpot $0 | Bingo $0 | Fortune $0
Board [Kc 8c 8s Ks Qd]
Seat 1: Hero (big blind) folded on the River
Seat 2: cdbdcdd9 folded before Flop (didn't bet)
Seat 4: 77943694 won ($0.37)
Seat 5: c0670d7b (button) folded before Flop (didn't bet)
Seat 6: 9cb12df8 (small blind) folded before Flop


Poker Hand #HD1205568123: Hold'em No Limit  ($0.02/$0.05) - 2023/04/16 17:48:36
Table 'NLHBlue101' 6-max Seat #4 is the button
Seat 1: Hero ($5.65 in chips)
Seat 2: cdbdcdd9 ($5.12 in chips)
Seat 4: 77943694 ($4.24 in chips)
Seat 5: c0670d7b ($2.53 in chips)
Seat 6: 9cb12df8 ($5 in chips)
c0670d7b: posts small blind $0.02
9cb12df8: posts big blind $0.05
*** HOLE CARDS ***
Dealt to Hero [As 9h]
Dealt to cdbdcdd9 
Dealt to 77943694 
Dealt to c0670d7b 
Dealt to 9cb12df8 
Hero: folds
cdbdcdd9: raises $0.05 to $0.1
77943694: folds
c0670d7b: folds
9cb12df8: folds
Uncalled bet ($0.05) returned to cdbdcdd9
*** SHOWDOWN ***
cdbdcdd9 collected $0.12 from pot
*** SUMMARY ***
Total pot $0.12 | Rake $0 | Jackpot $0 | Bingo $0 | Fortune $0
Seat 1: Hero folded before Flop (didn't bet)
Seat 2: cdbdcdd9 collected ($0.12)
Seat 4: 77943694 (button) folded before Flop (didn't bet)
Seat 5: c0670d7b (small blind) folded before Flop
Seat 6: 9cb12df8 (big blind) folded before Flop


Poker Hand #HD1205568023: Hold'em No Limit  ($0.02/$0.05) - 2023/04/16 17:47:41
Table 'NLHBlue101' 6-max Seat #2 is the button
Seat 1: Hero ($5.65 in chips)
Seat 2: cdbdcdd9 ($5.12 in chips)
Seat 4: 77943694 ($3.83 in chips)
Seat 5: c0670d7b ($2.98 in chips)
Seat 6: 42864970 ($5.25 in chips)
77943694: posts small blind $0.02
c0670d7b: posts big blind $0.05
*** HOLE CARDS ***
Dealt to Hero [2d Jc]
Dealt to cdbdcdd9 
Dealt to 77943694 
Dealt to c0670d7b 
Dealt to 42864970 
42864970: folds
Hero: folds
cdbdcdd9: folds
77943694: calls $0.03
c0670d7b: raises $0.1 to $0.15
77943694: calls $0.1
*** FLOP *** [As 8c 7s]
77943694: checks
c0670d7b: checks
*** TURN *** [As 8c 7s] [7d]
77943694: bets $0.1
c0670d7b: raises $0.2 to $0.3
77943694: raises $0.45 to $0.75
c0670d7b: folds
Uncalled bet ($0.45) returned to 77943694
77943694: shows [Jh] (Pair of Sevens)
*** SHOWDOWN ***
77943694 collected $0.86 from pot
*** SUMMARY ***
Total pot $0.9 | Rake $0.04 | Jackpot $0 | Bingo $0 | Fortune $0
Board [As 8c 7s 7d]
Seat 1: Hero folded before Flop (didn't bet)
Seat 2: cdbdcdd9 (button) folded before Flop (didn't bet)
Seat 4: 77943694 (small blind) showed [Jh 7h] and won ($0.86) with Three Sevens
Seat 5: c0670d7b (big blind) folded on the Turn
Seat 6: 42864970 folded before Flop (didn't bet)


Poker Hand #HD1205567958: Hold'em No Limit  ($0.02/$0.05) - 2023/04/16 17:47:11
Table 'NLHBlue101' 6-max Seat #1 is the button
Seat 1: Hero ($5.58 in chips)
Seat 2: cdbdcdd9 ($5.14 in chips)
Seat 4: 77943694 ($3.88 in chips)
Seat 5: c0670d7b ($2.98 in chips)
Seat 6: 42864970 ($5.25 in chips)
cdbdcdd9: posts small blind $0.02
77943694: posts big blind $0.05
*** HOLE CARDS ***
Dealt to Hero [Js Qc]
Dealt to cdbdcdd9 
Dealt to 77943694 
Dealt to c0670d7b 
Dealt to 42864970 
c0670d7b: folds
42864970: folds
Hero: raises $0.07 to $0.12
cdbdcdd9: folds
77943694: folds
Uncalled bet ($0.07) returned to Hero
*** SHOWDOWN ***
Hero collected $0.12 from pot
*** SUMMARY ***
Total pot $0.12 | Rake $0 | Jackpot $0 | Bingo $0 | Fortune $0
Seat 1: Hero (button) collected ($0.12)
Seat 2: cdbdcdd9 (small blind) folded before Flop
Seat 4: 77943694 (big blind) folded before Flop
Seat 5: c0670d7b folded before Flop (didn't bet)
Seat 6: 42864970 folded before Flop (didn't bet)


Poker Hand #HD1205567931: Hold'em No Limit  ($0.02/$0.05) - 2023/04/16 17:47:00
Table 'NLHBlue101' 6-max Seat #6 is the button
Seat 1: Hero ($5.6 in chips)
Seat 2: cdbdcdd9 ($5.19 in chips)
Seat 4: 77943694 ($3.88 in chips)
Seat 5: c0670d7b ($2.91 in chips)
Seat 6: 42864970 ($5.25 in chips)
Hero: posts small blind $0.02
cdbdcdd9: posts big blind $0.05
*** HOLE CARDS ***
Dealt to Hero [2s 8h]
Dealt to cdbdcdd9 
Dealt to 77943694 
Dealt to c0670d7b 
Dealt to 42864970 
77943694: folds
c0670d7b: raises $0.05 to $0.1
42864970: folds
Hero: folds
cdbdcdd9: folds
Uncalled bet ($0.05) returned to c0670d7b
*** SHOWDOWN ***
c0670d7b collected $0.12 from pot
*** SUMMARY ***
Total pot $0.12 | Rake $0 | Jackpot $0 | Bingo $0 | Fortune $0
Seat 1: Hero (small blind) folded before Flop
Seat 2: cdbdcdd9 (big blind) folded before Flop
Seat 4: 77943694 folded before Flop (didn't bet)
Seat 5: c0670d7b collected ($0.12)
Seat 6: 42864970 (button) folded before Flop (didn't bet)


Poker Hand #HD1205567899: Hold'em No Limit  ($0.02/$0.05) - 2023/04/16 17:46:40
Table 'NLHBlue101' 6-max Seat #5 is the button
Seat 1: Hero ($5.65 in chips)
Seat 2: cdbdcdd9 ($5.19 in chips)
Seat 3: b51b481c ($4.78 in chips)
Seat 4: 77943694 ($3.81 in chips)
Seat 5: c0670d7b ($2.91 in chips)
Seat 6: 42864970 ($5.27 in chips)
42864970: posts small blind $0.02
Hero: posts big blind $0.05
*** HOLE CARDS ***
Dealt to Hero [3d 5h]
Dealt to cdbdcdd9 
Dealt to b51b481c 
Dealt to 77943694 
Dealt to c0670d7b 
Dealt to 42864970 
cdbdcdd9: folds
b51b481c: folds
77943694: raises $0.1 to $0.15
c0670d7b: folds
42864970: folds
Hero: folds
Uncalled bet ($0.1) returned to 77943694
*** SHOWDOWN ***
77943694 collected $0.12 from pot
*** SUMMARY ***
Total pot $0.12 | Rake $0 | Jackpot $0 | Bingo $0 | Fortune $0
Seat 1: Hero (big blind) folded before Flop
Seat 2: cdbdcdd9 folded before Flop (didn't bet)
Seat 3: b51b481c folded before Flop (didn't bet)
Seat 4: 77943694 collected ($0.12)
Seat 5: c0670d7b (button) folded before Flop (didn't bet)
Seat 6: 42864970 (small blind) folded before Flop


Poker Hand #HD1205567705: Hold'em No Limit  ($0.02/$0.05) - 2023/04/16 17:44:59
Table 'NLHBlue101' 6-max Seat #4 is the button
Seat 1: Hero ($5.65 in chips)
Seat 2: cdbdcdd9 ($5.19 in chips)
Seat 3: b51b481c ($4.78 in chips)
Seat 4: 77943694 ($3.02 in chips)
Seat 5: c0670d7b ($2.96 in chips)
Seat 6: 42864970 ($6.14 in chips)
c0670d7b: posts small blind $0.02
42864970: posts big blind $0.05
*** HOLE CARDS ***
Dealt to Hero [Td Kh]
Dealt to cdbdcdd9 
Dealt to b51b481c 
Dealt to 77943694 
Dealt to c0670d7b 
Dealt to 42864970 
Hero: folds
cdbdcdd9: folds
b51b481c: folds
77943694: calls $0.05
c0670d7b: calls $0.03
42864970: checks
*** FLOP *** [Jh 9d 8d]
c0670d7b: checks
42864970: bets $0.1
77943694: raises $0.18 to $0.28
c0670d7b: folds
42864970: calls $0.18
*** TURN *** [Jh 9d 8d] [7s]
42864970: checks
77943694: bets $0.54
42864970: calls $0.54
*** RIVER *** [Jh 9d 8d 7s] [6d]
42864970: checks
77943694: bets $2.15 and is all-in
42864970: folds
Uncalled bet ($2.15) returned to 77943694
*** SHOWDOWN ***
77943694 collected $1.66 from pot
*** SUMMARY ***
Total pot $1.79 | Rake $0.08 | Jackpot $0.05 | Bingo $0 | Fortune $0
Board [Jh 9d 8d 7s 6d]
Seat 1: Hero folded before Flop (didn't bet)
Seat 2: cdbdcdd9 folded before Flop (didn't bet)
Seat 3: b51b481c folded before Flop (didn't bet)
Seat 4: 77943694 (button) won ($1.66)
Seat 5: c0670d7b (small blind) folded on the Flop
Seat 6: 42864970 (big blind) folded on the River


Poker Hand #HD1205567573: Hold'em No Limit  ($0.02/$0.05) - 2023/04/16 17:43:52
Table 'NLHBlue101' 6-max Seat #3 is the button
Seat 1: Hero ($5.77 in chips)
Seat 2: cdbdcdd9 ($5.19 in chips)
Seat 3: b51b481c ($4.44 in chips)
Seat 4: 77943694 ($3.14 in chips)
Seat 5: c0670d7b ($3.08 in chips)
Seat 6: 42864970 ($6.14 in chips)
77943694: posts small blind $0.02
c0670d7b: posts big blind $0.05
*** HOLE CARDS ***
Dealt to Hero [8s 8h]
Dealt to cdbdcdd9 
Dealt to b51b481c 
Dealt to 77943694 
Dealt to c0670d7b 
Dealt to 42864970 
42864970: folds
Hero: raises $0.07 to $0.12
cdbdcdd9: folds
b51b481c: calls $0.12
77943694: calls $0.1
c0670d7b: calls $0.07
*** FLOP *** [6s Ah 7h]
77943694: checks
c0670d7b: checks
Hero: checks
b51b481c: checks
*** TURN *** [6s Ah 7h] [Tc]
77943694: checks
c0670d7b: checks
Hero: checks
b51b481c: checks
*** RIVER *** [6s Ah 7h Tc] [Th]
77943694: checks
c0670d7b: checks
Hero: checks
b51b481c: checks
77943694: shows [8c 7c] (Pair of Tens and Pair of Sevens)
c0670d7b: shows [Qh Jc] (Pair of Tens)
Hero: shows [8s 8h] (Pair of Tens and Pair of Eights)
b51b481c: shows [9h Ts] (Three Tens)
*** SHOWDOWN ***
b51b481c collected $0.46 from pot
*** SUMMARY ***
Total pot $0.48 | Rake $0.02 | Jackpot $0 | Bingo $0 | Fortune $0
Board [6s Ah 7h Tc Th]
Seat 1: Hero showed [8s 8h] and lost with Pair of Tens and Pair of Eights
Seat 2: cdbdcdd9 folded before Flop (didn't bet)
Seat 3: b51b481c (button) showed [9h Ts] and won ($0.46) with Three Tens
Seat 4: 77943694 (small blind) showed [8c 7c] and lost with Pair of Tens and Pair of Sevens
Seat 5: c0670d7b (big blind) showed [Qh Jc] and lost with Pair of Tens
Seat 6: 42864970 folded before Flop (didn't bet)


Poker Hand #HD1205567487: Hold'em No Limit  ($0.02/$0.05) - 2023/04/16 17:43:10
Table 'NLHBlue101' 6-max Seat #2 is the button
Seat 1: Hero ($5.77 in chips)
Seat 2: cdbdcdd9 ($5 in chips)
Seat 3: b51b481c ($4.46 in chips)
Seat 4: 77943694 ($3.32 in chips)
Seat 5: c0670d7b ($3.08 in chips)
Seat 6: 42864970 ($6.14 in chips)
b51b481c: posts small blind $0.02
77943694: posts big blind $0.05
*** HOLE CARDS ***
Dealt to Hero [7h Ts]
Dealt to cdbdcdd9 
Dealt to b51b481c 
Dealt to 77943694 
Dealt to c0670d7b 
Dealt to 42864970 
c0670d7b: folds
42864970: folds
Hero: folds
cdbdcdd9: raises $0.05 to $0.1
b51b481c: folds
77943694: calls $0.05
*** FLOP *** [9c Jc 8d]
77943694: checks
cdbdcdd9: bets $0.08
77943694: calls $0.08
*** TURN *** [9c Jc 8d] [Qh]
77943694: checks
cdbdcdd9: checks
*** RIVER *** [9c Jc 8d Qh] [5s]
77943694: checks
cdbdcdd9: checks
77943694: shows [7d 2d] (Queen-High)
cdbdcdd9: shows [Ac 8c] (Pair of Eights)
*** SHOWDOWN ***
cdbdcdd9 collected $0.37 from pot
*** SUMMARY ***
Total pot $0.38 | Rake $0.01 | Jackpot $0 | Bingo $0 | Fortune $0
Board [9c Jc 8d Qh 5s]
Seat 1: Hero folded before Flop (didn't bet)
Seat 2: cdbdcdd9 (button) showed [Ac 8c] and won ($0.37) with Pair of Eights
Seat 3: b51b481c (small blind) folded before Flop
Seat 4: 77943694 (big blind) showed [7d 2d] and lost with Queen-High
Seat 5: c0670d7b folded before Flop (didn't bet)
Seat 6: 42864970 folded before Flop (didn't bet)


Poker Hand #HD1205567386: Hold'em No Limit  ($0.02/$0.05) - 2023/04/16 17:42:15
Table 'NLHBlue101' 6-max Seat #1 is the button
Seat 1: Hero ($5.77 in chips)
Seat 2: cdbdcdd9 ($5 in chips)
Seat 3: b51b481c ($4.79 in chips)
Seat 4: 77943694 ($2.85 in chips)
Seat 5: c0670d7b ($3.24 in chips)
Seat 6: 42864970 ($6.14 in chips)
cdbdcdd9: posts small blind $0.02
b51b481c: posts big blind $0.05
*** HOLE CARDS ***
Dealt to Hero [Td 8c]
Dealt to cdbdcdd9 
Dealt to b51b481c 
Dealt to 77943694 
Dealt to c0670d7b 
Dealt to 42864970 
77943694: calls $0.05
c0670d7b: raises $0.11 to $0.16
42864970: folds
Hero: folds
cdbdcdd9: folds
b51b481c: calls $0.11
77943694: calls $0.11
*** FLOP *** [5s Kh 9c]
b51b481c: checks
77943694: checks
c0670d7b: checks
*** TURN *** [5s Kh 9c] [Js]
b51b481c: bets $0.17
77943694: calls $0.17
c0670d7b: folds
*** RIVER *** [5s Kh 9c Js] [Ks]
b51b481c: checks
77943694: bets $0.42
b51b481c: folds
Uncalled bet ($0.42) returned to 77943694
*** SHOWDOWN ***
77943694 collected $0.8 from pot
*** SUMMARY ***
Total pot $0.84 | Rake $0.04 | Jackpot $0 | Bingo $0 | Fortune $0
Board [5s Kh 9c Js Ks]
Seat 1: Hero (button) folded before Flop (didn't bet)
Seat 2: cdbdcdd9 (small blind) folded before Flop
Seat 3: b51b481c (big blind) folded on the River
Seat 4: 77943694 won ($0.8)
Seat 5: c0670d7b folded on the Turn
Seat 6: 42864970 folded before Flop (didn't bet)


Poker Hand #HD1205567284: Hold'em No Limit  ($0.02/$0.05) - 2023/04/16 17:41:23
Table 'NLHBlue101' 6-max Seat #6 is the button
Seat 1: Hero ($5.79 in chips)
Seat 2: cdbdcdd9 ($5 in chips)
Seat 3: b51b481c ($4.79 in chips)
Seat 4: 77943694 ($2.85 in chips)
Seat 5: c0670d7b ($2.85 in chips)
Seat 6: 42864970 ($6.49 in chips)
Hero: posts small blind $0.02
cdbdcdd9: posts big blind $0.05
*** HOLE CARDS ***
Dealt to Hero [Ad 2d]
Dealt to cdbdcdd9 
Dealt to b51b481c 
Dealt to 77943694 
Dealt to c0670d7b 
Dealt to 42864970 
b51b481c: folds
77943694: folds
c0670d7b: raises $0.05 to $0.1
42864970: calls $0.1
Hero: folds
cdbdcdd9: folds
*** FLOP *** [6d 4s 5d]
c0670d7b: checks
42864970: bets $0.09
c0670d7b: calls $0.09
*** TURN *** [6d 4s 5d] [3c]
c0670d7b: checks
42864970: checks
*** RIVER *** [6d 4s 5d 3c] [7h]
c0670d7b: bets $0.16
42864970: calls $0.16
c0670d7b: shows [Ts 8s] (Eights-High Straight)
42864970: shows [Td 3d] (Sevens-High Straight)
*** SHOWDOWN ***
c0670d7b collected $0.74 from pot
*** SUMMARY ***
Total pot $0.77 | Rake $0.03 | Jackpot $0 | Bingo $0 | Fortune $0
Board [6d 4s 5d 3c 7h]
Seat 1: Hero (small blind) folded before Flop
Seat 2: cdbdcdd9 (big blind) folded before Flop
Seat 3: b51b481c folded before Flop (didn't bet)
Seat 4: 77943694 folded before Flop (didn't bet)
Seat 5: c0670d7b showed [Ts 8s] and won ($0.74) with Eights-High Straight
Seat 6: 42864970 (button) showed [Td 3d] and lost with Sevens-High Straight


Poker Hand #HD1205567207: Hold'em No Limit  ($0.02/$0.05) - 2023/04/16 17:40:41
Table 'NLHBlue101' 6-max Seat #5 is the button
Seat 1: Hero ($5.49 in chips)
Seat 2: cdbdcdd9 ($5 in chips)
Seat 3: b51b481c ($4.79 in chips)
Seat 4: 77943694 ($3.16 in chips)
Seat 5: c0670d7b ($2.85 in chips)
Seat 6: 42864970 ($6.51 in chips)
42864970: posts small blind $0.02
Hero: posts big blind $0.05
*** HOLE CARDS ***
Dealt to Hero [6d 6h]
Dealt to cdbdcdd9 
Dealt to b51b481c 
Dealt to 77943694 
Dealt to c0670d7b 
Dealt to 42864970 
cdbdcdd9: folds
b51b481c: folds
77943694: raises $0.1 to $0.15
c0670d7b: folds
42864970: folds
Hero: calls $0.1
*** FLOP *** [2c 7s 8d]
Hero: checks
77943694: checks
*** TURN *** [2c 7s 8d] [Js]
Hero: bets $0.16
77943694: calls $0.16
*** RIVER *** [2c 7s 8d Js] [6c]
Hero: bets $0.48
77943694: folds
Uncalled bet ($0.48) returned to Hero
*** SHOWDOWN ***
Hero collected $0.61 from pot
*** SUMMARY ***
Total pot $0.64 | Rake $0.03 | Jackpot $0 | Bingo $0 | Fortune $0
Board [2c 7s 8d Js 6c]
Seat 1: Hero (big blind) won ($0.61)
Seat 2: cdbdcdd9 folded before Flop (didn't bet)
Seat 3: b51b481c folded before Flop (didn't bet)
Seat 4: 77943694 folded on the River
Seat 5: c0670d7b (button) folded before Flop (didn't bet)
Seat 6: 42864970 (small blind) folded before Flop


Poker Hand #HD1205567131: Hold'em No Limit  ($0.02/$0.05) - 2023/04/16 17:40:00
Table 'NLHBlue101' 6-max Seat #4 is the button
Seat 1: Hero ($5.49 in chips)
Seat 2: cdbdcdd9 ($5.09 in chips)
Seat 3: b51b481c ($4.89 in chips)
Seat 4: 77943694 ($4.41 in chips)
Seat 5: c0670d7b ($1.25 in chips)
Seat 6: 42864970 ($6.56 in chips)
c0670d7b: posts small blind $0.02
42864970: posts big blind $0.05
*** HOLE CARDS ***
Dealt to Hero [9d Ah]
Dealt to cdbdcdd9 
Dealt to b51b481c 
Dealt to 77943694 
Dealt to c0670d7b 
Dealt to 42864970 
Hero: folds
cdbdcdd9: raises $0.05 to $0.1
b51b481c: calls $0.1
77943694: calls $0.1
c0670d7b: calls $0.08
42864970: folds
*** FLOP *** [Jd 8c 7c]
c0670d7b: bets $0.3
cdbdcdd9: calls $0.3
b51b481c: folds
77943694: calls $0.3
*** TURN *** [Jd 8c 7c] [2h]
c0670d7b: bets $0.85 and is all-in
cdbdcdd9: folds
77943694: calls $0.85
c0670d7b: shows [7h 7d] (Three Sevens)
77943694: shows [Kd 8h] (Pair of Eights)
*** RIVER *** [Jd 8c 7c 2h] [6c]
*** SHOWDOWN ***
c0670d7b collected $2.85 from pot
*** SUMMARY ***
Total pot $3.05 | Rake $0.15 | Jackpot $0.05 | Bingo $0 | Fortune $0
Board [Jd 8c 7c 2h 6c]
Seat 1: Hero folded before Flop (didn't bet)
Seat 2: cdbdcdd9 folded on the Turn
Seat 3: b51b481c folded on the Flop
Seat 4: 77943694 (button) showed [Kd 8h] and lost with Pair of Eights
Seat 5: c0670d7b (small blind) showed [7h 7d] and won ($2.85) with Three Sevens
Seat 6: 42864970 (big blind) folded before Flop


Poker Hand #HD1205566952: Hold'em No Limit  ($0.02/$0.05) - 2023/04/16 17:38:42
Table 'NLHBlue101' 6-max Seat #3 is the button
Seat 1: Hero ($5.49 in chips)
Seat 2: cdbdcdd9 ($5.09 in chips)
Seat 3: b51b481c ($5.02 in chips)
Seat 4: 77943694 ($5.14 in chips)
Seat 5: c0670d7b ($1.3 in chips)
Seat 6: 42864970 ($5.79 in chips)
77943694: posts small blind $0.02
c0670d7b: posts big blind $0.05
*** HOLE CARDS ***
Dealt to Hero [Kh 9d]
Dealt to cdbdcdd9 
Dealt to b51b481c 
Dealt to 77943694 
Dealt to c0670d7b 
Dealt to 42864970 
42864970: raises $0.08 to $0.13
Hero: folds
cdbdcdd9: folds
b51b481c: calls $0.13
77943694: calls $0.11
c0670d7b: folds
*** FLOP *** [Ks Qh 8d]
77943694: checks
42864970: bets $0.15
b51b481c: folds
77943694: calls $0.15
*** TURN *** [Ks Qh 8d] [Tc]
77943694: checks
42864970: bets $0.45
77943694: calls $0.45
*** RIVER *** [Ks Qh 8d Tc] [6d]
77943694: checks
42864970: bets $0.55
77943694: folds
Uncalled bet ($0.55) returned to 42864970
*** SHOWDOWN ***
42864970 collected $1.5 from pot
*** SUMMARY ***
Total pot $1.64 | Rake $0.09 | Jackpot $0.05 | Bingo $0 | Fortune $0
Board [Ks Qh 8d Tc 6d]
Seat 1: Hero folded before Flop (didn't bet)
Seat 2: cdbdcdd9 folded before Flop (didn't bet)
Seat 3: b51b481c (button) folded on the Flop
Seat 4: 77943694 (small blind) folded on the River
Seat 5: c0670d7b (big blind) folded before Flop
Seat 6: 42864970 won ($1.5)


Poker Hand #HD1205566839: Hold'em No Limit  ($0.02/$0.05) - 2023/04/16 17:37:44
Table 'NLHBlue101' 6-max Seat #2 is the button
Seat 1: Hero ($5.49 in chips)
Seat 2: cdbdcdd9 ($5.09 in chips)
Seat 3: b51b481c ($5.04 in chips)
Seat 4: 77943694 ($5 in chips)
Seat 5: c0670d7b ($1.3 in chips)
Seat 6: 42864970 ($5.92 in chips)
b51b481c: posts small blind $0.02
77943694: posts big blind $0.05
*** HOLE CARDS ***
Dealt to Hero [4s 6d]
Dealt to cdbdcdd9 
Dealt to b51b481c 
Dealt to 77943694 
Dealt to c0670d7b 
Dealt to 42864970 
c0670d7b: folds
42864970: raises $0.08 to $0.13
Hero: folds
cdbdcdd9: folds
b51b481c: folds
77943694: raises $0.14 to $0.27
42864970: folds
Uncalled bet ($0.14) returned to 77943694
77943694: shows [Kh Qd]
*** SHOWDOWN ***
77943694 collected $0.27 from pot
*** SUMMARY ***
Total pot $0.28 | Rake $0.01 | Jackpot $0 | Bingo $0 | Fortune $0
Seat 1: Hero folded before Flop (didn't bet)
Seat 2: cdbdcdd9 (button) folded before Flop (didn't bet)
Seat 3: b51b481c (small blind) folded before Flop
Seat 4: 77943694 (big blind) showed [Kh Qd] and collected ($0.27)
Seat 5: c0670d7b folded before Flop (didn't bet)
Seat 6: 42864970 folded before Flop


Poker Hand #HD1205566818: Hold'em No Limit  ($0.02/$0.05) - 2023/04/16 17:37:32
Table 'NLHBlue101' 6-max Seat #1 is the button
Seat 1: Hero ($5.49 in chips)
Seat 2: cdbdcdd9 ($5.11 in chips)
Seat 3: b51b481c ($5.02 in chips)
Seat 5: c0670d7b ($1.3 in chips)
Seat 6: 42864970 ($5.92 in chips)
cdbdcdd9: posts small blind $0.02
b51b481c: posts big blind $0.05
*** HOLE CARDS ***
Dealt to Hero [2d 3s]
Dealt to cdbdcdd9 
Dealt to b51b481c 
Dealt to c0670d7b 
Dealt to 42864970 
c0670d7b: folds
42864970: folds
Hero: folds
cdbdcdd9: folds
Uncalled bet ($0.03) returned to b51b481c
*** SHOWDOWN ***
b51b481c collected $0.04 from pot
*** SUMMARY ***
Total pot $0.04 | Rake $0 | Jackpot $0 | Bingo $0 | Fortune $0
Seat 1: Hero (button) folded before Flop (didn't bet)
Seat 2: cdbdcdd9 (small blind) folded before Flop
Seat 3: b51b481c (big blind) collected ($0.04)
Seat 5: c0670d7b folded before Flop (didn't bet)
Seat 6: 42864970 folded before Flop (didn't bet)


Poker Hand #HD1205566785: Hold'em No Limit  ($0.02/$0.05) - 2023/04/16 17:37:17
Table 'NLHBlue101' 6-max Seat #6 is the button
Seat 1: Hero ($5.51 in chips)
Seat 2: cdbdcdd9 ($5.09 in chips)
Seat 3: b51b481c ($5.02 in chips)
Seat 5: c0670d7b ($1.3 in chips)
Seat 6: 42864970 ($5.92 in chips)
Hero: posts small blind $0.02
cdbdcdd9: posts big blind $0.05
*** HOLE CARDS ***
Dealt to Hero [Th 2d]
Dealt to cdbdcdd9 
Dealt to b51b481c 
Dealt to c0670d7b 
Dealt to 42864970 
b51b481c: folds
c0670d7b: folds
42864970: folds
Hero: folds
Uncalled bet ($0.03) returned to cdbdcdd9
*** SHOWDOWN ***
cdbdcdd9 collected $0.04 from pot
*** SUMMARY ***
Total pot $0.04 | Rake $0 | Jackpot $0 | Bingo $0 | Fortune $0
Seat 1: Hero (small blind) folded before Flop
Seat 2: cdbdcdd9 (big blind) collected ($0.04)
Seat 3: b51b481c folded before Flop (didn't bet)
Seat 5: c0670d7b folded before Flop (didn't bet)
Seat 6: 42864970 (button) folded before Flop (didn't bet)


Poker Hand #HD1205566722: Hold'em No Limit  ($0.02/$0.05) - 2023/04/16 17:36:45
Table 'NLHBlue101' 6-max Seat #5 is the button
Seat 1: Hero ($5.41 in chips)
Seat 2: cdbdcdd9 ($5.09 in chips)
Seat 3: b51b481c ($5.07 in chips)
Seat 5: c0670d7b ($1.3 in chips)
Seat 6: 42864970 ($5.97 in chips)
42864970: posts small blind $0.02
Hero: posts big blind $0.05
*** HOLE CARDS ***
Dealt to Hero [Ah 8h]
Dealt to cdbdcdd9 
Dealt to b51b481c 
Dealt to c0670d7b 
Dealt to 42864970 
cdbdcdd9: folds
b51b481c: calls $0.05
c0670d7b: folds
42864970: calls $0.03
Hero: raises $0.23 to $0.28
b51b481c: folds
42864970: folds
Uncalled bet ($0.23) returned to Hero
*** SHOWDOWN ***
Hero collected $0.15 from pot
*** SUMMARY ***
Total pot $0.15 | Rake $0 | Jackpot $0 | Bingo $0 | Fortune $0
Seat 1: Hero (big blind) collected ($0.15)
Seat 2: cdbdcdd9 folded before Flop (didn't bet)
Seat 3: b51b481c folded before Flop
Seat 5: c0670d7b (button) folded before Flop (didn't bet)
Seat 6: 42864970 (small blind) folded before Flop


Poker Hand #HD1205566668: Hold'em No Limit  ($0.02/$0.05) - 2023/04/16 17:36:18
Table 'NLHBlue101' 6-max Seat #3 is the button
Seat 1: Hero ($5.41 in chips)
Seat 2: cdbdcdd9 ($5.09 in chips)
Seat 3: b51b481c ($5.07 in chips)
Seat 5: c0670d7b ($1.25 in chips)
Seat 6: 42864970 ($6.02 in chips)
c0670d7b: posts small blind $0.02
42864970: posts big blind $0.05
*** HOLE CARDS ***
Dealt to Hero [Th Jd]
Dealt to cdbdcdd9 
Dealt to b51b481c 
Dealt to c0670d7b 
Dealt to 42864970 
Hero: folds
cdbdcdd9: folds
b51b481c: folds
c0670d7b: calls $0.03
42864970: checks
*** FLOP *** [8h Qd Ah]
c0670d7b: checks
42864970: checks
*** TURN *** [8h Qd Ah] [7s]
c0670d7b: bets $0.06
42864970: folds
Uncalled bet ($0.06) returned to c0670d7b
*** SHOWDOWN ***
c0670d7b collected $0.1 from pot
*** SUMMARY ***
Total pot $0.1 | Rake $0 | Jackpot $0 | Bingo $0 | Fortune $0
Board [8h Qd Ah 7s]
Seat 1: Hero folded before Flop (didn't bet)
Seat 2: cdbdcdd9 folded before Flop (didn't bet)
Seat 3: b51b481c (button) folded before Flop (didn't bet)
Seat 5: c0670d7b (small blind) won ($0.1)
Seat 6: 42864970 (big blind) folded on the Turn


Poker Hand #HD1205566611: Hold'em No Limit  ($0.02/$0.05) - 2023/04/16 17:35:50
Table 'NLHBlue101' 6-max Seat #2 is the button
Seat 1: Hero ($5.66 in chips)
Seat 2: cdbdcdd9 ($5.09 in chips)
Seat 3: b51b481c ($5.09 in chips)
Seat 5: c0670d7b ($1 in chips)
Seat 6: 42864970 ($6.02 in chips)
b51b481c: posts small blind $0.02
c0670d7b: posts big blind $0.05
*** HOLE CARDS ***
Dealt to Hero [Jd Qh]
Dealt to cdbdcdd9 
Dealt to b51b481c 
Dealt to c0670d7b 
Dealt to 42864970 
42864970: folds
Hero: raises $0.07 to $0.12
cdbdcdd9: folds
b51b481c: folds
c0670d7b: calls $0.07
*** FLOP *** [9d 2d 5c]
c0670d7b: checks
Hero: bets $0.13
c0670d7b: raises $0.25 to $0.38
Hero: folds
Uncalled bet ($0.25) returned to c0670d7b
*** SHOWDOWN ***
c0670d7b collected $0.5 from pot
*** SUMMARY ***
Total pot $0.52 | Rake $0.02 | Jackpot $0 | Bingo $0 | Fortune $0
Board [9d 2d 5c]
Seat 1: Hero folded on the Flop
Seat 2: cdbdcdd9 (button) folded before Flop (didn't bet)
Seat 3: b51b481c (small blind) folded before Flop
Seat 5: c0670d7b (big blind) won ($0.5)
Seat 6: 42864970 folded before Flop (didn't bet)


Poker Hand #HD1205566552: Hold'em No Limit  ($0.02/$0.05) - 2023/04/16 17:35:17
Table 'NLHBlue101' 6-max Seat #1 is the button
Seat 1: Hero ($5.66 in chips)
Seat 2: cdbdcdd9 ($5.19 in chips)
Seat 3: b51b481c ($5 in chips)
Seat 4: 718587fa ($5.14 in chips)
Seat 5: c0670d7b ($1 in chips)
Seat 6: 42864970 ($6.02 in chips)
cdbdcdd9: posts small blind $0.02
b51b481c: posts big blind $0.05
*** HOLE CARDS ***
Dealt to Hero [8s 4d]
Dealt to cdbdcdd9 
Dealt to b51b481c 
Dealt to 718587fa 
Dealt to c0670d7b 
Dealt to 42864970 
718587fa: folds
c0670d7b: folds
42864970: folds
Hero: folds
cdbdcdd9: raises $0.05 to $0.1
b51b481c: raises $0.1 to $0.2
cdbdcdd9: folds
Uncalled bet ($0.1) returned to b51b481c
*** SHOWDOWN ***
b51b481c collected $0.19 from pot
*** SUMMARY ***
Total pot $0.2 | Rake $0.01 | Jackpot $0 | Bingo $0 | Fortune $0
Seat 1: Hero (button) folded before Flop (didn't bet)
Seat 2: cdbdcdd9 (small blind) folded before Flop
Seat 3: b51b481c (big blind) collected ($0.19)
Seat 4: 718587fa folded before Flop (didn't bet)
Seat 5: c0670d7b folded before Flop (didn't bet)
Seat 6: 42864970 folded before Flop (didn't bet)


Poker Hand #HD1205566533: Hold'em No Limit  ($0.02/$0.05) - 2023/04/16 17:35:06
Table 'NLHBlue101' 6-max Seat #6 is the button
Seat 1: Hero ($5.68 in chips)
Seat 2: cdbdcdd9 ($5.17 in chips)
Seat 4: 718587fa ($5.14 in chips)
Seat 5: c0670d7b ($1 in chips)
Seat 6: 42864970 ($6.02 in chips)
Hero: posts small blind $0.02
cdbdcdd9: posts big blind $0.05
*** HOLE CARDS ***
Dealt to Hero [Jh 2d]
Dealt to cdbdcdd9 
Dealt to 718587fa 
Dealt to c0670d7b 
Dealt to 42864970 
718587fa: folds
c0670d7b: folds
42864970: folds
Hero: folds
Uncalled bet ($0.03) returned to cdbdcdd9
*** SHOWDOWN ***
cdbdcdd9 collected $0.04 from pot
*** SUMMARY ***
Total pot $0.04 | Rake $0 | Jackpot $0 | Bingo $0 | Fortune $0
Seat 1: Hero (small blind) folded before Flop
Seat 2: cdbdcdd9 (big blind) collected ($0.04)
Seat 4: 718587fa folded before Flop (didn't bet)
Seat 5: c0670d7b folded before Flop (didn't bet)
Seat 6: 42864970 (button) folded before Flop (didn't bet)


Poker Hand #HD1205566393: Hold'em No Limit  ($0.02/$0.05) - 2023/04/16 17:33:54
Table 'NLHBlue101' 6-max Seat #5 is the button
Seat 1: Hero ($5.81 in chips)
Seat 2: cdbdcdd9 ($5.17 in chips)
Seat 4: 718587fa ($5 in chips)
Seat 5: c0670d7b ($1 in chips)
Seat 6: 42864970 ($6.04 in chips)
42864970: posts small blind $0.02
Hero: posts big blind $0.05
*** HOLE CARDS ***
Dealt to Hero [5c 2c]
Dealt to cdbdcdd9 
Dealt to 718587fa 
Dealt to c0670d7b 
Dealt to 42864970 
cdbdcdd9: folds
718587fa: raises $0.08 to $0.13
c0670d7b: folds
42864970: folds
Hero: calls $0.08
*** FLOP *** [Th 3d As]
Hero: checks
718587fa: checks
*** TURN *** [Th 3d As] [Td]
Hero: checks
718587fa: checks
*** RIVER *** [Th 3d As Td] [8d]
Hero: checks
718587fa: checks
Hero: shows [5c 2c] (Pair of Tens)
718587fa: shows [9c Jh] (Pair of Tens)
*** SHOWDOWN ***
718587fa collected $0.27 from pot
*** SUMMARY ***
Total pot $0.28 | Rake $0.01 | Jackpot $0 | Bingo $0 | Fortune $0
Board [Th 3d As Td 8d]
Seat 1: Hero (big blind) showed [5c 2c] and lost with Pair of Tens
Seat 2: cdbdcdd9 folded before Flop (didn't bet)
Seat 4: 718587fa showed [9c Jh] and won ($0.27) with Pair of Tens
Seat 5: c0670d7b (button) folded before Flop (didn't bet)
Seat 6: 42864970 (small blind) folded before Flop


Poker Hand #HD1205566305: Hold'em No Limit  ($0.02/$0.05) - 2023/04/16 17:33:08
Table 'NLHBlue101' 6-max Seat #4 is the button
Seat 1: Hero ($5.81 in chips)
Seat 2: cdbdcdd9 ($5.17 in chips)
Seat 4: 718587fa ($5 in chips)
Seat 5: c0670d7b ($0.95 in chips)
Seat 6: 42864970 ($6.09 in chips)
c0670d7b: posts small blind $0.02
42864970: posts big blind $0.05
*** HOLE CARDS ***
Dealt to Hero [Ks 7h]
Dealt to cdbdcdd9 
Dealt to 718587fa 
Dealt to c0670d7b 
Dealt to 42864970 
Hero: folds
cdbdcdd9: folds
718587fa: folds
c0670d7b: raises $0.15 to $0.2
42864970: folds
Uncalled bet ($0.15) returned to c0670d7b
*** SHOWDOWN ***
c0670d7b collected $0.1 from pot
*** SUMMARY ***
Total pot $0.1 | Rake $0 | Jackpot $0 | Bingo $0 | Fortune $0
Seat 1: Hero folded before Flop (didn't bet)
Seat 2: cdbdcdd9 folded before Flop (didn't bet)
Seat 4: 718587fa (button) folded before Flop (didn't bet)
Seat 5: c0670d7b (small blind) collected ($0.1)
Seat 6: 42864970 (big blind) folded before Flop


Poker Hand #HD1205566260: Hold'em No Limit  ($0.02/$0.05) - 2023/04/16 17:32:39
Table 'NLHBlue101' 6-max Seat #2 is the button
Seat 1: Hero ($5.74 in chips)
Seat 2: cdbdcdd9 ($5.17 in chips)
Seat 4: 718587fa ($5 in chips)
Seat 5: c0670d7b ($1 in chips)
Seat 6: 42864970 ($6.09 in chips)
718587fa: posts small blind $0.02
c0670d7b: posts big blind $0.05
*** HOLE CARDS ***
Dealt to Hero [6s 6c]
Dealt to cdbdcdd9 
Dealt to 718587fa 
Dealt to c0670d7b 
Dealt to 42864970 
42864970: folds
Hero: raises $0.07 to $0.12
cdbdcdd9: folds
718587fa: folds
c0670d7b: folds
Uncalled bet ($0.07) returned to Hero
*** SHOWDOWN ***
Hero collected $0.12 from pot
*** SUMMARY ***
Total pot $0.12 | Rake $0 | Jackpot $0 | Bingo $0 | Fortune $0
Seat 1: Hero collected ($0.12)
Seat 2: cdbdcdd9 (button) folded before Flop (didn't bet)
Seat 4: 718587fa (small blind) folded before Flop
Seat 5: c0670d7b (big blind) folded before Flop
Seat 6: 42864970 folded before Flop (didn't bet)


Poker Hand #HD1205566167: Hold'em No Limit  ($0.02/$0.05) - 2023/04/16 17:31:53
Table 'NLHBlue101' 6-max Seat #1 is the button
Seat 1: Hero ($5.55 in chips)
Seat 2: cdbdcdd9 ($5.19 in chips)
Seat 4: 718587fa ($5 in chips)
Seat 6: 42864970 ($6.22 in chips)
cdbdcdd9: posts small blind $0.02
718587fa: posts big blind $0.05
*** HOLE CARDS ***
Dealt to Hero [9c 9d]
Dealt to cdbdcdd9 
Dealt to 718587fa 
Dealt to 42864970 
42864970: raises $0.08 to $0.13
Hero: raises $0.23 to $0.36
cdbdcdd9: folds
718587fa: folds
42864970: folds
Uncalled bet ($0.23) returned to Hero
*** SHOWDOWN ***
Hero collected $0.32 from pot
*** SUMMARY ***
Total pot $0.33 | Rake $0.01 | Jackpot $0 | Bingo $0 | Fortune $0
Seat 1: Hero (button) collected ($0.32)
Seat 2: cdbdcdd9 (small blind) folded before Flop
Seat 4: 718587fa (big blind) folded before Flop
Seat 6: 42864970 folded before Flop


Poker Hand #HD1205566065: Hold'em No Limit  ($0.02/$0.05) - 2023/04/16 17:31:00
Table 'NLHBlue101' 6-max Seat #6 is the button
Seat 1: Hero ($5.14 in chips)
Seat 2: cdbdcdd9 ($5.24 in chips)
Seat 4: 718587fa ($5 in chips)
Seat 5: c0670d7b ($0.4 in chips)
Seat 6: 42864970 ($6.22 in chips)
Hero: posts small blind $0.02
cdbdcdd9: posts big blind $0.05
*** HOLE CARDS ***
Dealt to Hero [5c 5s]
Dealt to cdbdcdd9 
Dealt to 718587fa 
Dealt to c0670d7b 
Dealt to 42864970 
718587fa: folds
c0670d7b: raises $0.35 to $0.4 and is all-in
42864970: folds
Hero: calls $0.38
cdbdcdd9: folds
c0670d7b: shows [8s 8d]
Hero: shows [5c 5s]
*** FLOP *** [2c 5h Jc]
*** TURN *** [2c 5h Jc] [9c]
*** RIVER *** [2c 5h Jc 9c] [Jh]
*** SHOWDOWN ***
Hero collected $0.81 from pot
*** SUMMARY ***
Total pot $0.85 | Rake $0.04 | Jackpot $0 | Bingo $0 | Fortune $0
Board [2c 5h Jc 9c Jh]
Seat 1: Hero (small blind) showed [5c 5s] and won ($0.81) with Fives Full over Jacks
Seat 2: cdbdcdd9 (big blind) folded before Flop
Seat 4: 718587fa folded before Flop (didn't bet)
Seat 5: c0670d7b showed [8s 8d] and lost with Pair of Jacks and Pair of Eights
Seat 6: 42864970 (button) folded before Flop (didn't bet)


Poker Hand #HD1205566015: Hold'em No Limit  ($0.02/$0.05) - 2023/04/16 17:30:36
Table 'NLHBlue101' 6-max Seat #5 is the button
Seat 1: Hero ($5.19 in chips)
Seat 2: cdbdcdd9 ($5.24 in chips)
Seat 3: 50d810ea ($10.1 in chips)
Seat 4: 718587fa ($5 in chips)
Seat 5: c0670d7b ($0.33 in chips)
Seat 6: 42864970 ($6.24 in chips)
42864970: posts small blind $0.02
Hero: posts big blind $0.05
*** HOLE CARDS ***
Dealt to Hero [Ts 7h]
Dealt to cdbdcdd9 
Dealt to 50d810ea 
Dealt to 718587fa 
Dealt to c0670d7b 
Dealt to 42864970 
cdbdcdd9: folds
50d810ea: folds
718587fa: folds
c0670d7b: raises $0.28 to $0.33 and is all-in
42864970: folds
Hero: folds
Uncalled bet ($0.28) returned to c0670d7b
*** SHOWDOWN ***
c0670d7b collected $0.12 from pot
*** SUMMARY ***
Total pot $0.12 | Rake $0 | Jackpot $0 | Bingo $0 | Fortune $0
Seat 1: Hero (big blind) folded before Flop
Seat 2: cdbdcdd9 folded before Flop (didn't bet)
Seat 3: 50d810ea folded before Flop (didn't bet)
Seat 4: 718587fa folded before Flop (didn't bet)
Seat 5: c0670d7b (button) collected ($0.12)
Seat 6: 42864970 (small blind) folded before Flop


Poker Hand #HD1205565972: Hold'em No Limit  ($0.02/$0.05) - 2023/04/16 17:30:12
Table 'NLHBlue101' 6-max Seat #4 is the button
Seat 1: Hero ($5.19 in chips)
Seat 2: cdbdcdd9 ($5.24 in chips)
Seat 3: 50d810ea ($10.15 in chips)
Seat 4: 718587fa ($5 in chips)
Seat 5: c0670d7b ($0.35 in chips)
Seat 6: 42864970 ($6.17 in chips)
c0670d7b: posts small blind $0.02
42864970: posts big blind $0.05
*** HOLE CARDS ***
Dealt to Hero [Kd 8h]
Dealt to cdbdcdd9 
Dealt to 50d810ea 
Dealt to 718587fa 
Dealt to c0670d7b 
Dealt to 42864970 
Hero: folds
cdbdcdd9: folds
50d810ea: calls $0.05
718587fa: folds
c0670d7b: folds
42864970: checks
*** FLOP *** [9c Th 6h]
42864970: checks
50d810ea: checks
*** TURN *** [9c Th 6h] [6c]
42864970: bets $0.05
50d810ea: folds
Uncalled bet ($0.05) returned to 42864970
*** SHOWDOWN ***
42864970 collected $0.12 from pot
*** SUMMARY ***
Total pot $0.12 | Rake $0 | Jackpot $0 | Bingo $0 | Fortune $0
Board [9c Th 6h 6c]
Seat 1: Hero folded before Flop (didn't bet)
Seat 2: cdbdcdd9 folded before Flop (didn't bet)
Seat 3: 50d810ea folded on the Turn
Seat 4: 718587fa (button) folded before Flop (didn't bet)
Seat 5: c0670d7b (small blind) folded before Flop
Seat 6: 42864970 (big blind) won ($0.12)


Poker Hand #HD1205565870: Hold'em No Limit  ($0.02/$0.05) - 2023/04/16 17:29:18
Table 'NLHBlue101' 6-max Seat #3 is the button
Seat 1: Hero ($5.19 in chips)
Seat 2: cdbdcdd9 ($5 in chips)
Seat 3: 50d810ea ($10.34 in chips)
Seat 4: 718587fa ($5 in chips)
Seat 5: c0670d7b ($0.4 in chips)
718587fa: posts small blind $0.02
c0670d7b: posts big blind $0.05
*** HOLE CARDS ***
Dealt to Hero [Jd 6d]
Dealt to cdbdcdd9 
Dealt to 50d810ea 
Dealt to 718587fa 
Dealt to c0670d7b 
Hero: folds
cdbdcdd9: raises $0.05 to $0.1
50d810ea: calls $0.1
718587fa: folds
c0670d7b: folds
*** FLOP *** [Kh 6s Qh]
cdbdcdd9: checks
50d810ea: bets $0.09
cdbdcdd9: raises $0.16 to $0.25
50d810ea: folds
Uncalled bet ($0.16) returned to cdbdcdd9
*** SHOWDOWN ***
cdbdcdd9 collected $0.43 from pot
*** SUMMARY ***
Total pot $0.45 | Rake $0.02 | Jackpot $0 | Bingo $0 | Fortune $0
Board [Kh 6s Qh]
Seat 1: Hero folded before Flop (didn't bet)
Seat 2: cdbdcdd9 won ($0.43)
Seat 3: 50d810ea (button) folded on the Flop
Seat 4: 718587fa (small blind) folded before Flop
Seat 5: c0670d7b (big blind) folded before Flop


Poker Hand #HD1205565816: Hold'em No Limit  ($0.02/$0.05) - 2023/04/16 17:28:49
Table 'NLHBlue101' 6-max Seat #2 is the button
Seat 1: Hero ($5.12 in chips)
Seat 2: cdbdcdd9 ($5 in chips)
Seat 3: 50d810ea ($10.36 in chips)
Seat 4: 718587fa ($5 in chips)
Seat 5: c0670d7b ($0.4 in chips)
50d810ea: posts small blind $0.02
718587fa: posts big blind $0.05
*** HOLE CARDS ***
Dealt to Hero [Ts Tc]
Dealt to cdbdcdd9 
Dealt to 50d810ea 
Dealt to 718587fa 
Dealt to c0670d7b 
c0670d7b: folds
Hero: raises $0.07 to $0.12
cdbdcdd9: folds
50d810ea: folds
718587fa: folds
Uncalled bet ($0.07) returned to Hero
*** SHOWDOWN ***
Hero collected $0.12 from pot
*** SUMMARY ***
Total pot $0.12 | Rake $0 | Jackpot $0 | Bingo $0 | Fortune $0
Seat 1: Hero collected ($0.12)
Seat 2: cdbdcdd9 (button) folded before Flop (didn't bet)
Seat 3: 50d810ea (small blind) folded before Flop
Seat 4: 718587fa (big blind) folded before Flop
Seat 5: c0670d7b folded before Flop (didn't bet)


Poker Hand #HD1205565769: Hold'em No Limit  ($0.02/$0.05) - 2023/04/16 17:28:24
Table 'NLHBlue101' 6-max Seat #1 is the button
Seat 1: Hero ($5.12 in chips)
Seat 2: cdbdcdd9 ($5.07 in chips)
Seat 3: 50d810ea ($10.27 in chips)
Seat 4: 718587fa ($5 in chips)
Seat 5: c0670d7b ($0.4 in chips)
cdbdcdd9: posts small blind $0.02
50d810ea: posts big blind $0.05
*** HOLE CARDS ***
Dealt to Hero [Jc 7s]
Dealt to cdbdcdd9 
Dealt to 50d810ea 
Dealt to 718587fa 
Dealt to c0670d7b 
718587fa: folds
c0670d7b: folds
Hero: folds
cdbdcdd9: raises $0.05 to $0.1
50d810ea: calls $0.05
*** FLOP *** [6s 3h 7d]
cdbdcdd9: checks
50d810ea: bets $0.07
cdbdcdd9: folds
Uncalled bet ($0.07) returned to 50d810ea
*** SHOWDOWN ***
50d810ea collected $0.19 from pot
*** SUMMARY ***
Total pot $0.2 | Rake $0.01 | Jackpot $0 | Bingo $0 | Fortune $0
Board [6s 3h 7d]
Seat 1: Hero (button) folded before Flop (didn't bet)
Seat 2: cdbdcdd9 (small blind) folded on the Flop
Seat 3: 50d810ea (big blind) won ($0.19)
Seat 4: 718587fa folded before Flop (didn't bet)
Seat 5: c0670d7b folded before Flop (didn't bet)


Poker Hand #HD1205565705: Hold'em No Limit  ($0.02/$0.05) - 2023/04/16 17:27:47
Table 'NLHBlue101' 6-max Seat #5 is the button
Seat 1: Hero ($5 in chips)
Seat 2: cdbdcdd9 ($5.07 in chips)
Seat 3: 50d810ea ($10.38 in chips)
Seat 4: 718587fa ($5 in chips)
Seat 5: c0670d7b ($0.4 in chips)
Seat 6: 85565f6f ($5.67 in chips)
85565f6f: posts small blind $0.02
Hero: posts big blind $0.05
*** HOLE CARDS ***
Dealt to Hero [Ad 2d]
Dealt to cdbdcdd9 
Dealt to 50d810ea 
Dealt to 718587fa 
Dealt to c0670d7b 
Dealt to 85565f6f 
cdbdcdd9: folds
50d810ea: calls $0.05
718587fa: folds
c0670d7b: folds
85565f6f: folds
Hero: checks
*** FLOP *** [Ks Qh Qc]
Hero: checks
50d810ea: checks
*** TURN *** [Ks Qh Qc] [Jd]
Hero: checks
50d810ea: bets $0.06
Hero: calls $0.06
*** RIVER *** [Ks Qh Qc Jd] [7h]
Hero: checks
50d810ea: checks
Hero: shows [Ad 2d] (Pair of Queens)
50d810ea: shows [2h 5d] (Pair of Queens)
*** SHOWDOWN ***
Hero collected $0.23 from pot
*** SUMMARY ***
Total pot $0.24 | Rake $0.01 | Jackpot $0 | Bingo $0 | Fortune $0
Board [Ks Qh Qc Jd 7h]
Seat 1: Hero (big blind) showed [Ad 2d] and won ($0.23) with Pair of Queens
Seat 2: cdbdcdd9 folded before Flop (didn't bet)
Seat 3: 50d810ea showed [2h 5d] and lost with Pair of Queens
Seat 4: 718587fa folded before Flop (didn't bet)
Seat 5: c0670d7b (button) folded before Flop (didn't bet)
Seat 6: 85565f6f (small blind) folded before Flop


Poker Hand #HD1205475548: Hold'em No Limit  ($0.02/$0.05) - 2023/04/16 17:26:23
Table 'NLHBlue101' 6-max Seat #4 is the button
Seat 1: Hero ($5 in chips)
Seat 2: cdbdcdd9 ($5.07 in chips)
Seat 3: 50d810ea ($9.74 in chips)
Seat 4: 718587fa ($5 in chips)
Seat 5: c0670d7b ($0.68 in chips)
Seat 6: 85565f6f ($5.79 in chips)
c0670d7b: posts small blind $0.02
85565f6f: posts big blind $0.05
*** HOLE CARDS ***
Dealt to Hero [Jd Ac]
Dealt to cdbdcdd9 
Dealt to 50d810ea 
Dealt to 718587fa 
Dealt to c0670d7b 
Dealt to 85565f6f 
Hero: raises $0.07 to $0.12
cdbdcdd9: folds
50d810ea: calls $0.12
718587fa: folds
c0670d7b: calls $0.1
85565f6f: calls $0.07
*** FLOP *** [Kc Kd 7c]
c0670d7b: checks
85565f6f: checks
Hero: checks
50d810ea: checks
*** TURN *** [Kc Kd 7c] [Td]
c0670d7b: checks
85565f6f: checks
Hero: checks
50d810ea: bets $0.16
c0670d7b: calls $0.16
85565f6f: folds
Hero: calls $0.16
*** RIVER *** [Kc Kd 7c Td] [7s]
c0670d7b: checks
Hero: checks
50d810ea: bets $0.72
c0670d7b: folds
Hero: folds
Uncalled bet ($0.72) returned to 50d810ea
*** SHOWDOWN ***
50d810ea collected $0.92 from pot
*** SUMMARY ***
Total pot $0.96 | Rake $0.04 | Jackpot $0 | Bingo $0 | Fortune $0
Board [Kc Kd 7c Td 7s]
Seat 1: Hero folded on the River
Seat 2: cdbdcdd9 folded before Flop (didn't bet)
Seat 3: 50d810ea won ($0.92)
Seat 4: 718587fa (button) folded before Flop (didn't bet)
Seat 5: c0670d7b (small blind) folded on the River
Seat 6: 85565f6f (big blind) folded on the Turn


Poker Hand #HD1205475451: Hold'em No Limit  ($0.02/$0.05) - 2023/04/16 17:25:26
Table 'NLHBlue101' 6-max Seat #3 is the button
Seat 1: Hero ($5 in chips)
Seat 2: cdbdcdd9 ($5.07 in chips)
Seat 3: 50d810ea ($9.48 in chips)
Seat 4: 718587fa ($5 in chips)
Seat 5: c0670d7b ($0.91 in chips)
Seat 6: 85565f6f ($5.79 in chips)
718587fa: posts small blind $0.02
c0670d7b: posts big blind $0.05
*** HOLE CARDS ***
Dealt to Hero [7d Ks]
Dealt to cdbdcdd9 
Dealt to 50d810ea 
Dealt to 718587fa 
Dealt to c0670d7b 
Dealt to 85565f6f 
85565f6f: folds
Hero: folds
cdbdcdd9: folds
50d810ea: calls $0.05
718587fa: calls $0.03
c0670d7b: checks
*** FLOP *** [3h 3s 8s]
718587fa: checks
c0670d7b: checks
50d810ea: bets $0.05
718587fa: folds
c0670d7b: calls $0.05
*** TURN *** [3h 3s 8s] [2s]
c0670d7b: checks
50d810ea: checks
*** RIVER *** [3h 3s 8s 2s] [5c]
c0670d7b: checks
50d810ea: bets $0.13
c0670d7b: calls $0.13
50d810ea: shows [7s Js] (Jack High Flush)
c0670d7b: shows [4s 8h] (Pair of Eights and Pair of Treys)
*** SHOWDOWN ***
50d810ea collected $0.49 from pot
*** SUMMARY ***
Total pot $0.51 | Rake $0.02 | Jackpot $0 | Bingo $0 | Fortune $0
Board [3h 3s 8s 2s 5c]
Seat 1: Hero folded before Flop (didn't bet)
Seat 2: cdbdcdd9 folded before Flop (didn't bet)
Seat 3: 50d810ea (button) showed [7s Js] and won ($0.49) with Jack High Flush
Seat 4: 718587fa (small blind) folded on the Flop
Seat 5: c0670d7b (big blind) showed [4s 8h] and lost with Pair of Eights and Pair of Treys
Seat 6: 85565f6f folded before Flop (didn't bet)


Poker Hand #HD1205475416: Hold'em No Limit  ($0.02/$0.05) - 2023/04/16 17:25:09
Table 'NLHBlue101' 6-max Seat #2 is the button
Seat 1: Hero ($5 in chips)
Seat 2: cdbdcdd9 ($5 in chips)
Seat 3: 50d810ea ($9.5 in chips)
Seat 4: 718587fa ($5 in chips)
Seat 5: c0670d7b ($0.91 in chips)
Seat 6: 85565f6f ($5.79 in chips)
50d810ea: posts small blind $0.02
718587fa: posts big blind $0.05
*** HOLE CARDS ***
Dealt to Hero [2h 4s]
Dealt to cdbdcdd9 
Dealt to 50d810ea 
Dealt to 718587fa 
Dealt to c0670d7b 
Dealt to 85565f6f 
c0670d7b: folds
85565f6f: folds
Hero: folds
cdbdcdd9: raises $0.05 to $0.1
50d810ea: folds
718587fa: folds
Uncalled bet ($0.05) returned to cdbdcdd9
*** SHOWDOWN ***
cdbdcdd9 collected $0.12 from pot
*** SUMMARY ***
Total pot $0.12 | Rake $0 | Jackpot $0 | Bingo $0 | Fortune $0
Seat 1: Hero folded before Flop (didn't bet)
Seat 2: cdbdcdd9 (button) collected ($0.12)
Seat 3: 50d810ea (small blind) folded before Flop
Seat 4: 718587fa (big blind) folded before Flop
Seat 5: c0670d7b folded before Flop (didn't bet)
Seat 6: 85565f6f folded before Flop (didn't bet)


Poker Hand #HD1205475341: Hold'em No Limit  ($0.02/$0.05) - 2023/04/16 17:24:24
Table 'NLHBlue101' 6-max Seat #1 is the button
Seat 1: Hero ($5 in chips)
Seat 2: cdbdcdd9 ($5 in chips)
Seat 3: 50d810ea ($9.41 in chips)
Seat 4: 718587fa ($5 in chips)
Seat 5: c0670d7b ($0.91 in chips)
Seat 6: 85565f6f ($5.79 in chips)
cdbdcdd9: posts small blind $0.02
50d810ea: posts big blind $0.05
*** HOLE CARDS ***
Dealt to Hero [7c Kh]
Dealt to cdbdcdd9 
Dealt to 50d810ea 
Dealt to 718587fa 
Dealt to c0670d7b 
Dealt to 85565f6f 
718587fa: folds
c0670d7b: folds
85565f6f: folds
Hero: folds
cdbdcdd9: raises $0.05 to $0.1
50d810ea: calls $0.05
*** FLOP *** [Tc Ac Jd]
cdbdcdd9: checks
50d810ea: bets $0.07
cdbdcdd9: folds
Uncalled bet ($0.07) returned to 50d810ea
*** SHOWDOWN ***
50d810ea collected $0.19 from pot
*** SUMMARY ***
Total pot $0.2 | Rake $0.01 | Jackpot $0 | Bingo $0 | Fortune $0
Board [Tc Ac Jd]
Seat 1: Hero (button) folded before Flop (didn't bet)
Seat 2: cdbdcdd9 (small blind) folded on the Flop
Seat 3: 50d810ea (big blind) won ($0.19)
Seat 4: 718587fa folded before Flop (didn't bet)
Seat 5: c0670d7b folded before Flop (didn't bet)
Seat 6: 85565f6f folded before Flop (didn't bet)


Poker Hand #HD1205475286: Hold'em No Limit  ($0.02/$0.05) - 2023/04/16 17:23:55
Table 'NLHBlue101' 6-max Seat #6 is the button
Seat 1: Hero ($5 in chips)
Seat 2: cdbdcdd9 ($5 in chips)
Seat 3: 50d810ea ($9.34 in chips)
Seat 4: 718587fa ($5 in chips)
Seat 5: c0670d7b ($0.91 in chips)
Seat 6: 85565f6f ($5.79 in chips)
Hero: posts small blind $0.02
cdbdcdd9: posts big blind $0.05
*** HOLE CARDS ***
Dealt to Hero [6s 8s]
Dealt to cdbdcdd9 
Dealt to 50d810ea 
Dealt to 718587fa 
Dealt to c0670d7b 
Dealt to 85565f6f 
50d810ea: calls $0.05
718587fa: folds
c0670d7b: folds
85565f6f: folds
Hero: folds
cdbdcdd9: checks
*** FLOP *** [Kd 4d 6h]
cdbdcdd9: checks
50d810ea: bets $0.06
cdbdcdd9: folds
Uncalled bet ($0.06) returned to 50d810ea
*** SHOWDOWN ***
50d810ea collected $0.12 from pot
*** SUMMARY ***
Total pot $0.12 | Rake $0 | Jackpot $0 | Bingo $0 | Fortune $0
Board [Kd 4d 6h]
Seat 1: Hero (small blind) folded before Flop
Seat 2: cdbdcdd9 (big blind) folded on the Flop
Seat 3: 50d810ea won ($0.12)
Seat 4: 718587fa folded before Flop (didn't bet)
Seat 5: c0670d7b folded before Flop (didn't bet)
Seat 6: 85565f6f (button) folded before Flop (didn't bet)


Poker Hand #HD1205475236: Hold'em No Limit  ($0.02/$0.05) - 2023/04/16 17:23:26
Table 'NLHBlue101' 6-max Seat #5 is the button
Seat 1: Hero ($5 in chips)
Seat 3: 50d810ea ($9.39 in chips)
Seat 4: 718587fa ($5 in chips)
Seat 5: c0670d7b ($0.79 in chips)
Seat 6: 85565f6f ($5.81 in chips)
85565f6f: posts small blind $0.02
Hero: posts big blind $0.05
*** HOLE CARDS ***
Dealt to Hero [Jd Ks]
Dealt to 50d810ea 
Dealt to 718587fa 
Dealt to c0670d7b 
Dealt to 85565f6f 
50d810ea: calls $0.05
718587fa: folds
c0670d7b: raises $0.74 to $0.79 and is all-in
85565f6f: folds
Hero: folds
50d810ea: folds
Uncalled bet ($0.74) returned to c0670d7b
*** SHOWDOWN ***
c0670d7b collected $0.17 from pot
*** SUMMARY ***
Total pot $0.17 | Rake $0 | Jackpot $0 | Bingo $0 | Fortune $0
Seat 1: Hero (big blind) folded before Flop
Seat 3: 50d810ea folded before Flop
Seat 4: 718587fa folded before Flop (didn't bet)
Seat 5: c0670d7b (button) collected ($0.17)
Seat 6: 85565f6f (small blind) folded before Flop


Poker Hand #HD1205475148: Hold'em No Limit  ($0.02/$0.05) - 2023/04/16 17:22:42
Table 'NLHBlue101' 6-max Seat #4 is the button
Seat 1: Hero ($5.21 in chips)
Seat 3: 50d810ea ($7.82 in chips)
Seat 4: 718587fa ($5 in chips)
Seat 5: c0670d7b ($0.81 in chips)
Seat 6: 85565f6f ($5.86 in chips)
c0670d7b: posts small blind $0.02
85565f6f: posts big blind $0.05
*** HOLE CARDS ***
Dealt to Hero [Th 9h]
Dealt to 50d810ea 
Dealt to 718587fa 
Dealt to c0670d7b 
Dealt to 85565f6f 
Hero: raises $0.07 to $0.12
50d810ea: raises $0.16 to $0.28
718587fa: folds
c0670d7b: folds
85565f6f: folds
Hero: calls $0.16
*** FLOP *** [3h Qc Ah]
Hero: checks
50d810ea: bets $0.21
Hero: calls $0.21
*** TURN *** [3h Qc Ah] [9s]
Hero: checks
50d810ea: bets $0.35
Hero: calls $0.35
*** RIVER *** [3h Qc Ah 9s] [As]
Hero: checks
50d810ea: bets $0.88
Hero: calls $0.88
50d810ea: shows [Kd Ac] (Three Aces)
Hero: shows [Th 9h] (Pair of Aces and Pair of Nines)
*** SHOWDOWN ***
50d810ea collected $3.29 from pot
*** SUMMARY ***
Total pot $3.51 | Rake $0.17 | Jackpot $0.05 | Bingo $0 | Fortune $0
Board [3h Qc Ah 9s As]
Seat 1: Hero showed [Th 9h] and lost with Pair of Aces and Pair of Nines
Seat 3: 50d810ea showed [Kd Ac] and won ($3.29) with Three Aces
Seat 4: 718587fa (button) folded before Flop (didn't bet)
Seat 5: c0670d7b (small blind) folded before Flop
Seat 6: 85565f6f (big blind) folded before Flop


Poker Hand #HD1205475013: Hold'em No Limit  ($0.02/$0.05) - 2023/04/16 17:21:35
Table 'NLHBlue101' 6-max Seat #3 is the button
Seat 1: Hero ($5.57 in chips)
Seat 2: f197e701 ($2.16 in chips)
Seat 3: 50d810ea ($5.51 in chips)
Seat 4: 718587fa ($5 in chips)
Seat 5: c0670d7b ($0.86 in chips)
Seat 6: 85565f6f ($5.86 in chips)
718587fa: posts small blind $0.02
c0670d7b: posts big blind $0.05
*** HOLE CARDS ***
Dealt to Hero [9h Th]
Dealt to f197e701 
Dealt to 50d810ea 
Dealt to 718587fa 
Dealt to c0670d7b 
Dealt to 85565f6f 
85565f6f: folds
Hero: raises $0.07 to $0.12
f197e701: raises $0.24 to $0.36
50d810ea: calls $0.36
718587fa: folds
c0670d7b: folds
Hero: calls $0.24
*** FLOP *** [Qh Jc Ah]
Hero: checks
f197e701: bets $1.8 and is all-in
50d810ea: raises $3.35 to $5.15 and is all-in
Hero: folds
Uncalled bet ($3.35) returned to 50d810ea
50d810ea: shows [Kc Qd] (Pair of Queens)
f197e701: shows [Jd 8s] (Pair of Jacks)
*** TURN *** [Qh Jc Ah] [Qs]
*** RIVER *** [Qh Jc Ah Qs] [4h]
*** SHOWDOWN ***
50d810ea collected $4.47 from pot
*** SUMMARY ***
Total pot $4.75 | Rake $0.23 | Jackpot $0.05 | Bingo $0 | Fortune $0
Board [Qh Jc Ah Qs 4h]
Seat 1: Hero folded on the Flop
Seat 2: f197e701 showed [Jd 8s] and lost with Pair of Queens and Pair of Jacks
Seat 3: 50d810ea (button) showed [Kc Qd] and won ($4.47) with Three Queens
Seat 4: 718587fa (small blind) folded before Flop
Seat 5: c0670d7b (big blind) folded before Flop
Seat 6: 85565f6f folded before Flop (didn't bet)


Poker Hand #HD1205474906: Hold'em No Limit  ($0.02/$0.05) - 2023/04/16 17:20:33
Table 'NLHBlue101' 6-max Seat #2 is the button
Seat 1: Hero ($5.69 in chips)
Seat 2: f197e701 ($2.16 in chips)
Seat 3: 50d810ea ($4.81 in chips)
Seat 4: 718587fa ($5 in chips)
Seat 5: c0670d7b ($0.86 in chips)
Seat 6: 85565f6f ($5.86 in chips)
50d810ea: posts small blind $0.02
718587fa: posts big blind $0.05
*** HOLE CARDS ***
Dealt to Hero [Qc Tc]
Dealt to f197e701 
Dealt to 50d810ea 
Dealt to 718587fa 
Dealt to c0670d7b 
Dealt to 85565f6f 
c0670d7b: folds
85565f6f: folds
Hero: raises $0.07 to $0.12
f197e701: folds
50d810ea: raises $0.1 to $0.22
718587fa: raises $0.48 to $0.7
Hero: folds
50d810ea: calls $0.48
*** FLOP *** [Jc 9c Jd]
50d810ea: checks
718587fa: checks
*** TURN *** [Jc 9c Jd] [5s]
50d810ea: bets $0.51
718587fa: folds
Uncalled bet ($0.51) returned to 50d810ea
*** SHOWDOWN ***
50d810ea collected $1.4 from pot
*** SUMMARY ***
Total pot $1.52 | Rake $0.07 | Jackpot $0.05 | Bingo $0 | Fortune $0
Board [Jc 9c Jd 5s]
Seat 1: Hero folded before Flop
Seat 2: f197e701 (button) folded before Flop (didn't bet)
Seat 3: 50d810ea (small blind) won ($1.4)
Seat 4: 718587fa (big blind) folded on the Turn
Seat 5: c0670d7b folded before Flop (didn't bet)
Seat 6: 85565f6f folded before Flop (didn't bet)


Poker Hand #HD1205474862: Hold'em No Limit  ($0.02/$0.05) - 2023/04/16 17:20:07
Table 'NLHBlue101' 6-max Seat #1 is the button
Seat 1: Hero ($5.69 in chips)
Seat 2: f197e701 ($2.18 in chips)
Seat 3: 50d810ea ($4.79 in chips)
Seat 4: 718587fa ($5 in chips)
Seat 5: c0670d7b ($0.86 in chips)
Seat 6: 85565f6f ($5.86 in chips)
f197e701: posts small blind $0.02
50d810ea: posts big blind $0.05
*** HOLE CARDS ***
Dealt to Hero [9s 4c]
Dealt to f197e701 
Dealt to 50d810ea 
Dealt to 718587fa 
Dealt to c0670d7b 
Dealt to 85565f6f 
718587fa: folds
c0670d7b: folds
85565f6f: folds
Hero: folds
f197e701: folds
Uncalled bet ($0.03) returned to 50d810ea
*** SHOWDOWN ***
50d810ea collected $0.04 from pot
*** SUMMARY ***
Total pot $0.04 | Rake $0 | Jackpot $0 | Bingo $0 | Fortune $0
Seat 1: Hero (button) folded before Flop (didn't bet)
Seat 2: f197e701 (small blind) folded before Flop
Seat 3: 50d810ea (big blind) collected ($0.04)
Seat 4: 718587fa folded before Flop (didn't bet)
Seat 5: c0670d7b folded before Flop (didn't bet)
Seat 6: 85565f6f folded before Flop (didn't bet)


Poker Hand #HD1205474830: Hold'em No Limit  ($0.02/$0.05) - 2023/04/16 17:19:53
Table 'NLHBlue101' 6-max Seat #6 is the button
Seat 1: Hero ($5.64 in chips)
Seat 2: f197e701 ($2.23 in chips)
Seat 3: 50d810ea ($4.79 in chips)
Seat 4: 718587fa ($5 in chips)
Seat 5: c0670d7b ($0.86 in chips)
Seat 6: 85565f6f ($5.86 in chips)
Hero: posts small blind $0.02
f197e701: posts big blind $0.05
*** HOLE CARDS ***
Dealt to Hero [4s Qs]
Dealt to f197e701 
Dealt to 50d810ea 
Dealt to 718587fa 
Dealt to c0670d7b 
Dealt to 85565f6f 
50d810ea: folds
718587fa: folds
c0670d7b: folds
85565f6f: folds
Hero: raises $0.09 to $0.14
f197e701: folds
Uncalled bet ($0.09) returned to Hero
*** SHOWDOWN ***
Hero collected $0.1 from pot
*** SUMMARY ***
Total pot $0.1 | Rake $0 | Jackpot $0 | Bingo $0 | Fortune $0
Seat 1: Hero (small blind) collected ($0.1)
Seat 2: f197e701 (big blind) folded before Flop
Seat 3: 50d810ea folded before Flop (didn't bet)
Seat 4: 718587fa folded before Flop (didn't bet)
Seat 5: c0670d7b folded before Flop (didn't bet)
Seat 6: 85565f6f (button) folded before Flop (didn't bet)


Poker Hand #HD1205474731: Hold'em No Limit  ($0.02/$0.05) - 2023/04/16 17:18:53
Table 'NLHBlue101' 6-max Seat #5 is the button
Seat 1: Hero ($5.69 in chips)
Seat 2: f197e701 ($4.74 in chips)
Seat 3: 50d810ea ($2.51 in chips)
Seat 4: 718587fa ($5 in chips)
Seat 5: c0670d7b ($0.86 in chips)
Seat 6: 85565f6f ($5.88 in chips)
85565f6f: posts small blind $0.02
Hero: posts big blind $0.05
*** HOLE CARDS ***
Dealt to Hero [Ad 4c]
Dealt to f197e701 
Dealt to 50d810ea 
Dealt to 718587fa 
Dealt to c0670d7b 
Dealt to 85565f6f 
f197e701: raises $0.15 to $0.2
50d810ea: raises $2.31 to $2.51 and is all-in
718587fa: folds
c0670d7b: folds
85565f6f: folds
Hero: folds
f197e701: calls $2.31
50d810ea: shows [8d 9c]
f197e701: shows [2c Ks]
*** FLOP *** [3c Qh Jh]
*** TURN *** [3c Qh Jh] [5d]
*** RIVER *** [3c Qh Jh 5d] [8s]
*** SHOWDOWN ***
50d810ea collected $4.79 from pot
*** SUMMARY ***
Total pot $5.09 | Rake $0.25 | Jackpot $0.05 | Bingo $0 | Fortune $0
Board [3c Qh Jh 5d 8s]
Seat 1: Hero (big blind) folded before Flop
Seat 2: f197e701 showed [2c Ks] and lost with King-High
Seat 3: 50d810ea showed [8d 9c] and won ($4.79) with Pair of Eights
Seat 4: 718587fa folded before Flop (didn't bet)
Seat 5: c0670d7b (button) folded before Flop (didn't bet)
Seat 6: 85565f6f (small blind) folded before Flop


Poker Hand #HD1205474700: Hold'em No Limit  ($0.02/$0.05) - 2023/04/16 17:18:41
Table 'NLHBlue101' 6-max Seat #4 is the button
Seat 1: Hero ($5.69 in chips)
Seat 2: f197e701 ($4.67 in chips)
Seat 3: 50d810ea ($2.51 in chips)
Seat 4: 718587fa ($5 in chips)
Seat 5: c0670d7b ($0.88 in chips)
Seat 6: 85565f6f ($5.93 in chips)
c0670d7b: posts small blind $0.02
85565f6f: posts big blind $0.05
*** HOLE CARDS ***
Dealt to Hero [2c 7s]
Dealt to f197e701 
Dealt to 50d810ea 
Dealt to 718587fa 
Dealt to c0670d7b 
Dealt to 85565f6f 
Hero: folds
f197e701: raises $0.15 to $0.2
50d810ea: folds
718587fa: folds
c0670d7b: folds
85565f6f: folds
Uncalled bet ($0.15) returned to f197e701
*** SHOWDOWN ***
f197e701 collected $0.12 from pot
*** SUMMARY ***
Total pot $0.12 | Rake $0 | Jackpot $0 | Bingo $0 | Fortune $0
Seat 1: Hero folded before Flop (didn't bet)
Seat 2: f197e701 collected ($0.12)
Seat 3: 50d810ea folded before Flop (didn't bet)
Seat 4: 718587fa (button) folded before Flop (didn't bet)
Seat 5: c0670d7b (small blind) folded before Flop
Seat 6: 85565f6f (big blind) folded before Flop


Poker Hand #HD1205474655: Hold'em No Limit  ($0.02/$0.05) - 2023/04/16 17:18:21
Table 'NLHBlue101' 6-max Seat #3 is the button
Seat 1: Hero ($5.69 in chips)
Seat 2: f197e701 ($4.42 in chips)
Seat 3: 50d810ea ($2.71 in chips)
Seat 4: 718587fa ($5 in chips)
Seat 5: c0670d7b ($0.93 in chips)
Seat 6: 85565f6f ($5.93 in chips)
718587fa: posts small blind $0.02
c0670d7b: posts big blind $0.05
*** HOLE CARDS ***
Dealt to Hero [5s Js]
Dealt to f197e701 
Dealt to 50d810ea 
Dealt to 718587fa 
Dealt to c0670d7b 
Dealt to 85565f6f 
85565f6f: folds
Hero: folds
f197e701: raises $0.15 to $0.2
50d810ea: calls $0.2
718587fa: folds
c0670d7b: folds
*** FLOP *** [3d 3c 9h]
f197e701: bets $0.36
50d810ea: folds
Uncalled bet ($0.36) returned to f197e701
*** SHOWDOWN ***
f197e701 collected $0.45 from pot
*** SUMMARY ***
Total pot $0.47 | Rake $0.02 | Jackpot $0 | Bingo $0 | Fortune $0
Board [3d 3c 9h]
Seat 1: Hero folded before Flop (didn't bet)
Seat 2: f197e701 won ($0.45)
Seat 3: 50d810ea (button) folded on the Flop
Seat 4: 718587fa (small blind) folded before Flop
Seat 5: c0670d7b (big blind) folded before Flop
Seat 6: 85565f6f folded before Flop (didn't bet)


Poker Hand #HD1205474589: Hold'em No Limit  ($0.02/$0.05) - 2023/04/16 17:17:44
Table 'NLHBlue101' 6-max Seat #2 is the button
Seat 1: Hero ($5.69 in chips)
Seat 2: f197e701 ($4.42 in chips)
Seat 3: 50d810ea ($2.9 in chips)
Seat 4: 718587fa ($5 in chips)
Seat 5: c0670d7b ($0.93 in chips)
Seat 6: 85565f6f ($5.71 in chips)
50d810ea: posts small blind $0.02
718587fa: posts big blind $0.05
*** HOLE CARDS ***
Dealt to Hero [7c As]
Dealt to f197e701 
Dealt to 50d810ea 
Dealt to 718587fa 
Dealt to c0670d7b 
Dealt to 85565f6f 
c0670d7b: folds
85565f6f: calls $0.05
Hero: folds
f197e701: folds
50d810ea: calls $0.03
718587fa: checks
*** FLOP *** [Jd 9c 2c]
50d810ea: bets $0.05
718587fa: folds
85565f6f: calls $0.05
*** TURN *** [Jd 9c 2c] [7h]
50d810ea: bets $0.09
85565f6f: calls $0.09
*** RIVER *** [Jd 9c 2c 7h] [Tc]
50d810ea: checks
85565f6f: checks
50d810ea: shows [Kc 6s] (King-High)
85565f6f: shows [5d 5c] (Pair of Fives)
*** SHOWDOWN ***
85565f6f collected $0.41 from pot
*** SUMMARY ***
Total pot $0.43 | Rake $0.02 | Jackpot $0 | Bingo $0 | Fortune $0
Board [Jd 9c 2c 7h Tc]
Seat 1: Hero folded before Flop (didn't bet)
Seat 2: f197e701 (button) folded before Flop (didn't bet)
Seat 3: 50d810ea (small blind) showed [Kc 6s] and lost with King-High
Seat 4: 718587fa (big blind) folded on the Flop
Seat 5: c0670d7b folded before Flop (didn't bet)
Seat 6: 85565f6f showed [5d 5c] and won ($0.41) with Pair of Fives


Poker Hand #HD1205474502: Hold'em No Limit  ($0.02/$0.05) - 2023/04/16 17:17:02
Table 'NLHBlue101' 6-max Seat #1 is the button
Seat 1: Hero ($6.09 in chips)
Seat 2: f197e701 ($4.44 in chips)
Seat 3: 50d810ea ($2.95 in chips)
Seat 4: 718587fa ($5 in chips)
Seat 5: c0670d7b ($0.93 in chips)
Seat 6: 85565f6f ($5.28 in chips)
f197e701: posts small blind $0.02
50d810ea: posts big blind $0.05
*** HOLE CARDS ***
Dealt to Hero [Qc Kc]
Dealt to f197e701 
Dealt to 50d810ea 
Dealt to 718587fa 
Dealt to c0670d7b 
Dealt to 85565f6f 
718587fa: folds
c0670d7b: folds
85565f6f: raises $0.12 to $0.17
Hero: raises $0.23 to $0.4
f197e701: folds
50d810ea: folds
85565f6f: calls $0.23
*** FLOP *** [Jd 3h 8s]
85565f6f: bets $0.87
Hero: folds
Uncalled bet ($0.87) returned to 85565f6f
*** SHOWDOWN ***
85565f6f collected $0.83 from pot
*** SUMMARY ***
Total pot $0.87 | Rake $0.04 | Jackpot $0 | Bingo $0 | Fortune $0
Board [Jd 3h 8s]
Seat 1: Hero (button) folded on the Flop
Seat 2: f197e701 (small blind) folded before Flop
Seat 3: 50d810ea (big blind) folded before Flop
Seat 4: 718587fa folded before Flop (didn't bet)
Seat 5: c0670d7b folded before Flop (didn't bet)
Seat 6: 85565f6f won ($0.83)


Poker Hand #HD1205474453: Hold'em No Limit  ($0.02/$0.05) - 2023/04/16 17:16:38
Table 'NLHBlue101' 6-max Seat #6 is the button
Seat 1: Hero ($5.93 in chips)
Seat 2: f197e701 ($4.49 in chips)
Seat 3: 50d810ea ($2.95 in chips)
Seat 4: 718587fa ($5 in chips)
Seat 5: c0670d7b ($1 in chips)
Seat 6: 85565f6f ($5.33 in chips)
Hero: posts small blind $0.02
f197e701: posts big blind $0.05
c0670d7b: posts big blind $0.05
c0670d7b: posts missed blind $0.02
*** HOLE CARDS ***
Dealt to Hero [Qc Jc]
Dealt to f197e701 
Dealt to 50d810ea 
Dealt to 718587fa 
Dealt to c0670d7b 
Dealt to 85565f6f 
50d810ea: folds
718587fa: folds
c0670d7b: checks
85565f6f: calls $0.05
Hero: raises $0.35 to $0.4
f197e701: folds
c0670d7b: folds
85565f6f: folds
Uncalled bet ($0.35) returned to Hero
*** SHOWDOWN ***
Hero collected $0.21 from pot
*** SUMMARY ***
Total pot $0.22 | Rake $0.01 | Jackpot $0 | Bingo $0 | Fortune $0
Seat 1: Hero (small blind) collected ($0.21)
Seat 2: f197e701 (big blind) folded before Flop
Seat 3: 50d810ea folded before Flop (didn't bet)
Seat 4: 718587fa folded before Flop (didn't bet)
Seat 5: c0670d7b folded before Flop
Seat 6: 85565f6f (button) folded before Flop


Poker Hand #HD1205474377: Hold'em No Limit  ($0.02/$0.05) - 2023/04/16 17:15:57
Table 'NLHBlue101' 6-max Seat #4 is the button
Seat 1: Hero ($5.88 in chips)
Seat 2: f197e701 ($4.49 in chips)
Seat 3: 50d810ea ($2.95 in chips)
Seat 4: 718587fa ($5 in chips)
Seat 6: 85565f6f ($5.38 in chips)
85565f6f: posts small blind $0.02
Hero: posts big blind $0.05
*** HOLE CARDS ***
Dealt to Hero [4d 9h]
Dealt to f197e701 
Dealt to 50d810ea 
Dealt to 718587fa 
Dealt to 85565f6f 
f197e701: folds
50d810ea: folds
718587fa: folds
85565f6f: calls $0.03
Hero: checks
*** FLOP *** [7d 5c Td]
85565f6f: checks
Hero: checks
*** TURN *** [7d 5c Td] [7s]
85565f6f: checks
Hero: checks
*** RIVER *** [7d 5c Td 7s] [Jc]
85565f6f: checks
Hero: checks
85565f6f: shows [8d 2c] (Pair of Sevens)
Hero: shows [4d 9h] (Pair of Sevens)
*** SHOWDOWN ***
Hero collected $0.1 from pot
*** SUMMARY ***
Total pot $0.1 | Rake $0 | Jackpot $0 | Bingo $0 | Fortune $0
Board [7d 5c Td 7s Jc]
Seat 1: Hero (big blind) showed [4d 9h] and won ($0.1) with Pair of Sevens
Seat 2: f197e701 folded before Flop (didn't bet)
Seat 3: 50d810ea folded before Flop (didn't bet)
Seat 4: 718587fa (button) folded before Flop (didn't bet)
Seat 6: 85565f6f (small blind) showed [8d 2c] and lost with Pair of Sevens


Poker Hand #HD1205474273: Hold'em No Limit  ($0.02/$0.05) - 2023/04/16 17:15:04
Table 'NLHBlue101' 6-max Seat #3 is the button
Seat 1: Hero ($5.88 in chips)
Seat 2: f197e701 ($4.49 in chips)
Seat 3: 50d810ea ($3.37 in chips)
Seat 4: 718587fa ($5 in chips)
Seat 6: 85565f6f ($4.95 in chips)
718587fa: posts small blind $0.02
85565f6f: posts big blind $0.05
*** HOLE CARDS ***
Dealt to Hero [4d Jh]
Dealt to f197e701 
Dealt to 50d810ea 
Dealt to 718587fa 
Dealt to 85565f6f 
Hero: folds
f197e701: folds
50d810ea: calls $0.05
718587fa: calls $0.03
85565f6f: checks
*** FLOP *** [Kh 4h 9h]
718587fa: checks
85565f6f: bets $0.08
50d810ea: raises $0.11 to $0.19
718587fa: folds
85565f6f: calls $0.11
*** TURN *** [Kh 4h 9h] [2s]
85565f6f: checks
50d810ea: bets $0.18
85565f6f: calls $0.18
*** RIVER *** [Kh 4h 9h 2s] [6d]
85565f6f: checks
50d810ea: checks
85565f6f: shows [3h Th] (King High Flush)
50d810ea: shows [8h 9s] (Pair of Nines)
*** SHOWDOWN ***
85565f6f collected $0.85 from pot
*** SUMMARY ***
Total pot $0.89 | Rake $0.04 | Jackpot $0 | Bingo $0 | Fortune $0
Board [Kh 4h 9h 2s 6d]
Seat 1: Hero folded before Flop (didn't bet)
Seat 2: f197e701 folded before Flop (didn't bet)
Seat 3: 50d810ea (button) showed [8h 9s] and lost with Pair of Nines
Seat 4: 718587fa (small blind) folded on the Flop
Seat 6: 85565f6f (big blind) showed [3h Th] and won ($0.85) with King High Flush


Poker Hand #HD1205474169: Hold'em No Limit  ($0.02/$0.05) - 2023/04/16 17:14:14
Table 'NLHBlue101' 6-max Seat #2 is the button
Seat 1: Hero ($5 in chips)
Seat 2: f197e701 ($4.49 in chips)
Seat 3: 50d810ea ($3.39 in chips)
Seat 4: 718587fa ($5 in chips)
Seat 5: c0670d7b ($0.95 in chips)
Seat 6: 85565f6f ($4.95 in chips)
50d810ea: posts small blind $0.02
718587fa: posts big blind $0.05
*** HOLE CARDS ***
Dealt to Hero [9d 9c]
Dealt to f197e701 
Dealt to 50d810ea 
Dealt to 718587fa 
Dealt to c0670d7b 
Dealt to 85565f6f 
c0670d7b: raises $0.05 to $0.1
85565f6f: folds
Hero: raises $0.22 to $0.32
f197e701: folds
50d810ea: folds
718587fa: folds
c0670d7b: raises $0.63 to $0.95 and is all-in
Hero: calls $0.63
c0670d7b: shows [Ac Ad]
Hero: shows [9d 9c]
*** FLOP *** [4h 2h 5c]
*** TURN *** [4h 2h 5c] [8c]
*** RIVER *** [4h 2h 5c 8c] [9s]
*** SHOWDOWN ***
Hero collected $1.83 from pot
*** SUMMARY ***
Total pot $1.97 | Rake $0.09 | Jackpot $0.05 | Bingo $0 | Fortune $0
Board [4h 2h 5c 8c 9s]
Seat 1: Hero showed [9d 9c] and won ($1.83) with Three Nines
Seat 2: f197e701 (button) folded before Flop (didn't bet)
Seat 3: 50d810ea (small blind) folded before Flop
Seat 4: 718587fa (big blind) folded before Flop
Seat 5: c0670d7b showed [Ac Ad] and lost with Pair of Aces
Seat 6: 85565f6f folded before Flop (didn't bet)


Poker Hand #HD1205474122: Hold'em No Limit  ($0.02/$0.05) - 2023/04/16 17:13:48
Table 'NLHBlue101' 6-max Seat #1 is the button
Seat 1: Hero ($5 in chips)
Seat 2: f197e701 ($4.35 in chips)
Seat 3: 50d810ea ($3.44 in chips)
Seat 4: 718587fa ($5 in chips)
Seat 5: c0670d7b ($1 in chips)
Seat 6: 85565f6f ($5 in chips)
f197e701: posts small blind $0.02
50d810ea: posts big blind $0.05
c0670d7b: posts big blind $0.05
85565f6f: posts big blind $0.05
*** HOLE CARDS ***
Dealt to Hero [7h Ks]
Dealt to f197e701 
Dealt to 50d810ea 
Dealt to 718587fa 
Dealt to c0670d7b 
Dealt to 85565f6f 
718587fa: folds
c0670d7b: checks
85565f6f: checks
Hero: folds
f197e701: raises $0.15 to $0.2
50d810ea: folds
c0670d7b: folds
85565f6f: folds
Uncalled bet ($0.15) returned to f197e701
*** SHOWDOWN ***
f197e701 collected $0.19 from pot
*** SUMMARY ***
Total pot $0.2 | Rake $0.01 | Jackpot $0 | Bingo $0 | Fortune $0
Seat 1: Hero (button) folded before Flop (didn't bet)
Seat 2: f197e701 (small blind) collected ($0.19)
Seat 3: 50d810ea (big blind) folded before Flop
Seat 4: 718587fa folded before Flop (didn't bet)
Seat 5: c0670d7b folded before Flop
Seat 6: 85565f6f folded before Flop


Poker Hand #HD1205474040: Hold'em No Limit  ($0.02/$0.05) - 2023/04/16 17:12:56
Table 'NLHBlue101' 6-max Seat #4 is the button
Seat 1: Hero ($5 in chips)
Seat 2: f197e701 ($5 in chips)
Seat 3: 50d810ea ($1.5 in chips)
Seat 4: 718587fa ($5.29 in chips)
Hero: posts small blind $0.02
f197e701: posts big blind $0.05
50d810ea: posts big blind $0.05
*** HOLE CARDS ***
Dealt to Hero [7s Jd]
Dealt to f197e701 
Dealt to 50d810ea 
Dealt to 718587fa 
50d810ea: raises $0.15 to $0.2
718587fa: raises $0.45 to $0.65
Hero: folds
f197e701: calls $0.6
50d810ea: raises $0.85 to $1.5 and is all-in
718587fa: raises $3.79 to $5.29 and is all-in
f197e701: folds
Uncalled bet ($3.79) returned to 718587fa
718587fa: shows [Ah Kd]
50d810ea: shows [5d 5c]
*** FIRST FLOP *** [Tc 2h 9d]
*** FIRST TURN *** [Tc 2h 9d] [6d]
*** FIRST RIVER *** [Tc 2h 9d 6d] [Js]
*** SECOND FLOP *** [Qc 6h 6c]
*** SECOND TURN *** [Qc 6h 6c] [7h]
*** SECOND RIVER *** [Qc 6h 6c 7h] [8c]
*** FIRST SHOWDOWN ***
50d810ea collected $1.72 from pot
*** SECOND SHOWDOWN ***
50d810ea collected $1.72 from pot
*** SUMMARY ***
Total pot $3.67 | Rake $0.18 | Jackpot $0.05 | Bingo $0 | Fortune $0
Hand was run two times
FIRST Board [Tc 2h 9d 6d Js]
SECOND Board [Qc 6h 6c 7h 8c]
Seat 1: Hero (small blind) folded before Flop
Seat 2: f197e701 (big blind) folded before Flop
Seat 3: 50d810ea showed [5d 5c] and won ($1.72) with Pair of Fives, and won ($1.72) with Pair of Sixes and Pair of Fives
Seat 4: 718587fa (button) showed [Ah Kd] and lost with Ace-High, and lost with Pair of Sixes


Poker Hand #HD1205473958: Hold'em No Limit  ($0.02/$0.05) - 2023/04/16 17:12:15
Table 'NLHBlue101' 6-max Seat #1 is the button
Seat 1: Hero ($5 in chips)
Seat 4: 718587fa ($5.05 in chips)
Hero: posts small blind $0.02
718587fa: posts big blind $0.05
*** HOLE CARDS ***
Dealt to Hero [7d 8d]
Dealt to 718587fa 
Hero: raises $0.09 to $0.14
718587fa: calls $0.09
*** FLOP *** [Tc 2h 2s]
718587fa: checks
Hero: checks
*** TURN *** [Tc 2h 2s] [Qs]
718587fa: checks
Hero: bets $0.12
718587fa: calls $0.12
*** RIVER *** [Tc 2h 2s Qs] [8s]
718587fa: checks
Hero: checks
Hero: shows [7d 8d] (Pair of Eights and Pair of Twos)
718587fa: shows [Qd 7c] (Pair of Queens and Pair of Twos)
*** SHOWDOWN ***
718587fa collected $0.5 from pot
*** SUMMARY ***
Total pot $0.52 | Rake $0.02 | Jackpot $0 | Bingo $0 | Fortune $0
Board [Tc 2h 2s Qs 8s]
Seat 1: Hero (small blind) showed [7d 8d] and lost with Pair of Eights and Pair of Twos
Seat 4: 718587fa (big blind) showed [Qd 7c] and won ($0.5) with Pair of Queens and Pair of Twos


Poker Hand #HD1205473941: Hold'em No Limit  ($0.02/$0.05) - 2023/04/16 17:12:03
Table 'NLHBlue101' 6-max Seat #4 is the button
Seat 1: Hero ($5.05 in chips)
Seat 4: 718587fa ($5 in chips)
718587fa: posts small blind $0.02
Hero: posts big blind $0.05
*** HOLE CARDS ***
Dealt to Hero [6s 5c]
Dealt to 718587fa 
718587fa: raises $0.05 to $0.1
Hero: folds
Uncalled bet ($0.05) returned to 718587fa
*** SHOWDOWN ***
718587fa collected $0.1 from pot
*** SUMMARY ***
Total pot $0.1 | Rake $0 | Jackpot $0 | Bingo $0 | Fortune $0
Seat 1: Hero (big blind) folded before Flop
Seat 4: 718587fa (small blind) collected ($0.1)


Poker Hand #HD1205473925: Hold'em No Limit  ($0.02/$0.05) - 2023/04/16 17:11:55
Table 'NLHBlue101' 6-max Seat #1 is the button
Seat 1: Hero ($5 in chips)
Seat 4: 718587fa ($5 in chips)
Hero: posts small blind $0.02
718587fa: posts big blind $0.05
*** HOLE CARDS ***
Dealt to Hero [6d Td]
Dealt to 718587fa 
Hero: raises $0.09 to $0.14
718587fa: folds
Uncalled bet ($0.09) returned to Hero
*** SHOWDOWN ***
Hero collected $0.1 from pot
*** SUMMARY ***
Total pot $0.1 | Rake $0 | Jackpot $0 | Bingo $0 | Fortune $0
Seat 1: Hero (small blind) collected ($0.1)
Seat 4: 718587fa (big blind) folded before Flop


