Poker Hand #HD1164606903: Hold'em No Limit  ($0.02/$0.05) - 2023/03/17 20:10:59
Table 'NLHBlue63' 6-max Seat #6 is the button
Seat 1: 9a5dadcc ($5 in chips)
Seat 3: 4cd16500 ($2.3 in chips)
Seat 4: Hero ($6.97 in chips)
Seat 5: 3f253dbc ($8.44 in chips)
Seat 6: 6223dd07 ($5.86 in chips)
9a5dadcc: posts small blind $0.02
4cd16500: posts big blind $0.05
*** HOLE CARDS ***
Dealt to 9a5dadcc 
Dealt to 4cd16500 
Dealt to Hero [Ts Kh]
Dealt to 3f253dbc 
Dealt to 6223dd07 
Hero: raises $0.07 to $0.12
3f253dbc: folds
6223dd07: folds
9a5dadcc: folds
4cd16500: folds
Uncalled bet ($0.07) returned to Hero
*** SHOWDOWN ***
Hero collected $0.12 from pot
*** SUMMARY ***
Total pot $0.12 | Rake $0 | Jackpot $0 | Bingo $0 | Fortune $0
Seat 1: 9a5dadcc (small blind) folded before Flop
Seat 3: 4cd16500 (big blind) folded before Flop
Seat 4: Hero collected ($0.12)
Seat 5: 3f253dbc folded before Flop (didn't bet)
Seat 6: 6223dd07 (button) folded before Flop (didn't bet)


Poker Hand #HD1164606797: Hold'em No Limit  ($0.02/$0.05) - 2023/03/17 20:10:19
Table 'NLHBlue63' 6-max Seat #5 is the button
Seat 1: 9a5dadcc ($5.05 in chips)
Seat 3: 4cd16500 ($2.3 in chips)
Seat 4: Hero ($7.09 in chips)
Seat 5: 3f253dbc ($8.26 in chips)
Seat 6: 6223dd07 ($5.88 in chips)
6223dd07: posts small blind $0.02
9a5dadcc: posts big blind $0.05
*** HOLE CARDS ***
Dealt to 9a5dadcc 
Dealt to 4cd16500 
Dealt to Hero [As 7h]
Dealt to 3f253dbc 
Dealt to 6223dd07 
4cd16500: folds
Hero: raises $0.07 to $0.12
3f253dbc: calls $0.12
6223dd07: folds
9a5dadcc: folds
*** FLOP *** [5c Kd Qc]
Hero: checks
3f253dbc: checks
*** TURN *** [5c Kd Qc] [Jh]
Hero: checks
3f253dbc: checks
*** RIVER *** [5c Kd Qc Jh] [3s]
Hero: checks
3f253dbc: checks
Hero: shows [As 7h] (Ace-High)
3f253dbc: shows [Ah 9h] (Ace-High)
*** SHOWDOWN ***
3f253dbc collected $0.3 from pot
*** SUMMARY ***
Total pot $0.31 | Rake $0.01 | Jackpot $0 | Bingo $0 | Fortune $0
Board [5c Kd Qc Jh 3s]
Seat 1: 9a5dadcc (big blind) folded before Flop
Seat 3: 4cd16500 folded before Flop (didn't bet)
Seat 4: Hero showed [As 7h] and lost with Ace-High
Seat 5: 3f253dbc (button) showed [Ah 9h] and won ($0.3) with Ace-High
Seat 6: 6223dd07 (small blind) folded before Flop


Poker Hand #HD1164606729: Hold'em No Limit  ($0.02/$0.05) - 2023/03/17 20:09:54
Table 'NLHBlue63' 6-max Seat #4 is the button
Seat 1: 9a5dadcc ($5.05 in chips)
Seat 3: 4cd16500 ($2.3 in chips)
Seat 4: Hero ($7.02 in chips)
Seat 5: 3f253dbc ($8.28 in chips)
Seat 6: 6223dd07 ($5.93 in chips)
3f253dbc: posts small blind $0.02
6223dd07: posts big blind $0.05
*** HOLE CARDS ***
Dealt to 9a5dadcc 
Dealt to 4cd16500 
Dealt to Hero [Tc Ts]
Dealt to 3f253dbc 
Dealt to 6223dd07 
9a5dadcc: folds
4cd16500: folds
Hero: raises $0.07 to $0.12
3f253dbc: folds
6223dd07: folds
Uncalled bet ($0.07) returned to Hero
*** SHOWDOWN ***
Hero collected $0.12 from pot
*** SUMMARY ***
Total pot $0.12 | Rake $0 | Jackpot $0 | Bingo $0 | Fortune $0
Seat 1: 9a5dadcc folded before Flop (didn't bet)
Seat 3: 4cd16500 folded before Flop (didn't bet)
Seat 4: Hero (button) collected ($0.12)
Seat 5: 3f253dbc (small blind) folded before Flop
Seat 6: 6223dd07 (big blind) folded before Flop


Poker Hand #HD1164606702: Hold'em No Limit  ($0.02/$0.05) - 2023/03/17 20:09:42
Table 'NLHBlue63' 6-max Seat #3 is the button
Seat 1: 9a5dadcc ($5.05 in chips)
Seat 3: 4cd16500 ($2.3 in chips)
Seat 4: Hero ($7.04 in chips)
Seat 5: 3f253dbc ($8.33 in chips)
Seat 6: 6223dd07 ($5.86 in chips)
Hero: posts small blind $0.02
3f253dbc: posts big blind $0.05
*** HOLE CARDS ***
Dealt to 9a5dadcc 
Dealt to 4cd16500 
Dealt to Hero [3s 4c]
Dealt to 3f253dbc 
Dealt to 6223dd07 
6223dd07: raises $0.08 to $0.13
9a5dadcc: folds
4cd16500: folds
Hero: folds
3f253dbc: folds
Uncalled bet ($0.08) returned to 6223dd07
*** SHOWDOWN ***
6223dd07 collected $0.12 from pot
*** SUMMARY ***
Total pot $0.12 | Rake $0 | Jackpot $0 | Bingo $0 | Fortune $0
Seat 1: 9a5dadcc folded before Flop (didn't bet)
Seat 3: 4cd16500 (button) folded before Flop (didn't bet)
Seat 4: Hero (small blind) folded before Flop
Seat 5: 3f253dbc (big blind) folded before Flop
Seat 6: 6223dd07 collected ($0.12)


Poker Hand #HD1164606673: Hold'em No Limit  ($0.02/$0.05) - 2023/03/17 20:09:28
Table 'NLHBlue63' 6-max Seat #1 is the button
Seat 1: 9a5dadcc ($5.05 in chips)
Seat 2: 14944505 ($5 in chips)
Seat 3: 4cd16500 ($2.28 in chips)
Seat 4: Hero ($7.04 in chips)
Seat 5: 3f253dbc ($8.33 in chips)
Seat 6: 6223dd07 ($5.86 in chips)
14944505: posts small blind $0.02
4cd16500: posts big blind $0.05
*** HOLE CARDS ***
Dealt to 9a5dadcc 
Dealt to 14944505 
Dealt to 4cd16500 
Dealt to Hero [Th 4h]
Dealt to 3f253dbc 
Dealt to 6223dd07 
Hero: folds
3f253dbc: folds
6223dd07: folds
9a5dadcc: folds
14944505: folds
Uncalled bet ($0.03) returned to 4cd16500
*** SHOWDOWN ***
4cd16500 collected $0.04 from pot
*** SUMMARY ***
Total pot $0.04 | Rake $0 | Jackpot $0 | Bingo $0 | Fortune $0
Seat 1: 9a5dadcc (button) folded before Flop (didn't bet)
Seat 2: 14944505 (small blind) folded before Flop
Seat 3: 4cd16500 (big blind) collected ($0.04)
Seat 4: Hero folded before Flop (didn't bet)
Seat 5: 3f253dbc folded before Flop (didn't bet)
Seat 6: 6223dd07 folded before Flop (didn't bet)


Poker Hand #HD1164606627: Hold'em No Limit  ($0.02/$0.05) - 2023/03/17 20:09:04
Table 'NLHBlue63' 6-max Seat #6 is the button
Seat 1: 9a5dadcc ($5 in chips)
Seat 2: 14944505 ($5 in chips)
Seat 3: 4cd16500 ($2.28 in chips)
Seat 4: Hero ($7.04 in chips)
Seat 5: 3f253dbc ($8.33 in chips)
Seat 6: 6223dd07 ($5.86 in chips)
9a5dadcc: posts small blind $0.02
14944505: posts big blind $0.05
*** HOLE CARDS ***
Dealt to 9a5dadcc 
Dealt to 14944505 
Dealt to 4cd16500 
Dealt to Hero [5s Tc]
Dealt to 3f253dbc 
Dealt to 6223dd07 
4cd16500: folds
Hero: folds
3f253dbc: folds
6223dd07: folds
9a5dadcc: raises $0.1 to $0.15
14944505: folds
Uncalled bet ($0.1) returned to 9a5dadcc
*** SHOWDOWN ***
9a5dadcc collected $0.1 from pot
*** SUMMARY ***
Total pot $0.1 | Rake $0 | Jackpot $0 | Bingo $0 | Fortune $0
Seat 1: 9a5dadcc (small blind) collected ($0.1)
Seat 2: 14944505 (big blind) folded before Flop
Seat 3: 4cd16500 folded before Flop (didn't bet)
Seat 4: Hero folded before Flop (didn't bet)
Seat 5: 3f253dbc folded before Flop (didn't bet)
Seat 6: 6223dd07 (button) folded before Flop (didn't bet)


Poker Hand #HD1164606594: Hold'em No Limit  ($0.02/$0.05) - 2023/03/17 20:08:50
Table 'NLHBlue63' 6-max Seat #5 is the button
Seat 1: 9a5dadcc ($5 in chips)
Seat 3: 4cd16500 ($2.21 in chips)
Seat 4: Hero ($7.04 in chips)
Seat 5: 3f253dbc ($8.33 in chips)
Seat 6: 6223dd07 ($5.88 in chips)
6223dd07: posts small blind $0.02
9a5dadcc: posts big blind $0.05
*** HOLE CARDS ***
Dealt to 9a5dadcc 
Dealt to 4cd16500 
Dealt to Hero [Ac 7d]
Dealt to 3f253dbc 
Dealt to 6223dd07 
4cd16500: raises $0.1 to $0.15
Hero: folds
3f253dbc: folds
6223dd07: folds
9a5dadcc: folds
Uncalled bet ($0.1) returned to 4cd16500
*** SHOWDOWN ***
4cd16500 collected $0.12 from pot
*** SUMMARY ***
Total pot $0.12 | Rake $0 | Jackpot $0 | Bingo $0 | Fortune $0
Seat 1: 9a5dadcc (big blind) folded before Flop
Seat 3: 4cd16500 collected ($0.12)
Seat 4: Hero folded before Flop (didn't bet)
Seat 5: 3f253dbc (button) folded before Flop (didn't bet)
Seat 6: 6223dd07 (small blind) folded before Flop


Poker Hand #HD1164606570: Hold'em No Limit  ($0.02/$0.05) - 2023/03/17 20:08:40
Table 'NLHBlue63' 6-max Seat #4 is the button
Seat 3: 4cd16500 ($2.14 in chips)
Seat 4: Hero ($7.04 in chips)
Seat 5: 3f253dbc ($8.35 in chips)
Seat 6: 6223dd07 ($5.93 in chips)
3f253dbc: posts small blind $0.02
6223dd07: posts big blind $0.05
*** HOLE CARDS ***
Dealt to 4cd16500 
Dealt to Hero [3h 2s]
Dealt to 3f253dbc 
Dealt to 6223dd07 
4cd16500: raises $0.1 to $0.15
Hero: folds
3f253dbc: folds
6223dd07: folds
Uncalled bet ($0.1) returned to 4cd16500
*** SHOWDOWN ***
4cd16500 collected $0.12 from pot
*** SUMMARY ***
Total pot $0.12 | Rake $0 | Jackpot $0 | Bingo $0 | Fortune $0
Seat 3: 4cd16500 collected ($0.12)
Seat 4: Hero (button) folded before Flop (didn't bet)
Seat 5: 3f253dbc (small blind) folded before Flop
Seat 6: 6223dd07 (big blind) folded before Flop


Poker Hand #HD1164606540: Hold'em No Limit  ($0.02/$0.05) - 2023/03/17 20:08:28
Table 'NLHBlue63' 6-max Seat #3 is the button
Seat 3: 4cd16500 ($2.14 in chips)
Seat 4: Hero ($7.06 in chips)
Seat 5: 3f253dbc ($8.33 in chips)
Seat 6: 6223dd07 ($5.93 in chips)
Hero: posts small blind $0.02
3f253dbc: posts big blind $0.05
*** HOLE CARDS ***
Dealt to 4cd16500 
Dealt to Hero [4s 3c]
Dealt to 3f253dbc 
Dealt to 6223dd07 
6223dd07: folds
4cd16500: folds
Hero: folds
Uncalled bet ($0.03) returned to 3f253dbc
*** SHOWDOWN ***
3f253dbc collected $0.04 from pot
*** SUMMARY ***
Total pot $0.04 | Rake $0 | Jackpot $0 | Bingo $0 | Fortune $0
Seat 3: 4cd16500 (button) folded before Flop (didn't bet)
Seat 4: Hero (small blind) folded before Flop
Seat 5: 3f253dbc (big blind) collected ($0.04)
Seat 6: 6223dd07 folded before Flop (didn't bet)


Poker Hand #HD1164606396: Hold'em No Limit  ($0.02/$0.05) - 2023/03/17 20:07:26
Table 'NLHBlue63' 6-max Seat #6 is the button
Seat 2: 5d1b96e6 ($5 in chips)
Seat 3: 4cd16500 ($2.73 in chips)
Seat 4: Hero ($7.06 in chips)
Seat 5: 3f253dbc ($8.33 in chips)
Seat 6: 6223dd07 ($5.38 in chips)
5d1b96e6: posts small blind $0.02
4cd16500: posts big blind $0.05
*** HOLE CARDS ***
Dealt to 5d1b96e6 
Dealt to 4cd16500 
Dealt to Hero [4s 6d]
Dealt to 3f253dbc 
Dealt to 6223dd07 
Hero: folds
3f253dbc: folds
6223dd07: raises $0.08 to $0.13
5d1b96e6: folds
4cd16500: calls $0.08
*** FLOP *** [Kh Jd 7c]
4cd16500: checks
6223dd07: bets $0.1
4cd16500: calls $0.1
*** TURN *** [Kh Jd 7c] [Kc]
4cd16500: checks
6223dd07: checks
*** RIVER *** [Kh Jd 7c Kc] [2c]
4cd16500: bets $0.36
6223dd07: calls $0.36
4cd16500: shows [7d 4d] (Pair of Kings and Pair of Sevens)
6223dd07: shows [Ac Jc] (Ace High Flush)
*** SHOWDOWN ***
6223dd07 collected $1.14 from pot
*** SUMMARY ***
Total pot $1.2 | Rake $0.06 | Jackpot $0 | Bingo $0 | Fortune $0
Board [Kh Jd 7c Kc 2c]
Seat 2: 5d1b96e6 (small blind) folded before Flop
Seat 3: 4cd16500 (big blind) showed [7d 4d] and lost with Pair of Kings and Pair of Sevens
Seat 4: Hero folded before Flop (didn't bet)
Seat 5: 3f253dbc folded before Flop (didn't bet)
Seat 6: 6223dd07 (button) showed [Ac Jc] and won ($1.14) with Ace High Flush


Poker Hand #HD1164606248: Hold'em No Limit  ($0.02/$0.05) - 2023/03/17 20:06:31
Table 'NLHBlue63' 6-max Seat #5 is the button
Seat 2: 5d1b96e6 ($5.34 in chips)
Seat 3: 4cd16500 ($2.73 in chips)
Seat 4: Hero ($7.06 in chips)
Seat 5: 3f253dbc ($7.96 in chips)
Seat 6: 6223dd07 ($5.4 in chips)
6223dd07: posts small blind $0.02
5d1b96e6: posts big blind $0.05
*** HOLE CARDS ***
Dealt to 5d1b96e6 
Dealt to 4cd16500 
Dealt to Hero [3d 6c]
Dealt to 3f253dbc 
Dealt to 6223dd07 
4cd16500: folds
Hero: folds
3f253dbc: raises $0.1 to $0.15
6223dd07: folds
5d1b96e6: calls $0.1
*** FLOP *** [Jd 9h 9d]
5d1b96e6: checks
3f253dbc: checks
*** TURN *** [Jd 9h 9d] [Jh]
5d1b96e6: checks
3f253dbc: checks
*** RIVER *** [Jd 9h 9d Jh] [4s]
5d1b96e6: bets $0.24
3f253dbc: calls $0.24
5d1b96e6: shows [7d 7h] (Pair of Jacks and Pair of Nines)
3f253dbc: shows [4c 4h] (Fours Full over Jacks)
*** SHOWDOWN ***
3f253dbc collected $0.76 from pot
*** SUMMARY ***
Total pot $0.8 | Rake $0.04 | Jackpot $0 | Bingo $0 | Fortune $0
Board [Jd 9h 9d Jh 4s]
Seat 2: 5d1b96e6 (big blind) showed [7d 7h] and lost with Pair of Jacks and Pair of Nines
Seat 3: 4cd16500 folded before Flop (didn't bet)
Seat 4: Hero folded before Flop (didn't bet)
Seat 5: 3f253dbc (button) showed [4c 4h] and won ($0.76) with Fours Full over Jacks
Seat 6: 6223dd07 (small blind) folded before Flop


Poker Hand #HD1164606160: Hold'em No Limit  ($0.02/$0.05) - 2023/03/17 20:05:49
Table 'NLHBlue63' 6-max Seat #4 is the button
Seat 1: 9d832308 ($7.9 in chips)
Seat 2: 5d1b96e6 ($5.34 in chips)
Seat 3: 4cd16500 ($2.66 in chips)
Seat 4: Hero ($7.06 in chips)
Seat 5: 3f253dbc ($7.98 in chips)
Seat 6: 6223dd07 ($5.45 in chips)
3f253dbc: posts small blind $0.02
6223dd07: posts big blind $0.05
*** HOLE CARDS ***
Dealt to 9d832308 
Dealt to 5d1b96e6 
Dealt to 4cd16500 
Dealt to Hero [Qh 4h]
Dealt to 3f253dbc 
Dealt to 6223dd07 
9d832308: folds
5d1b96e6: folds
4cd16500: raises $0.1 to $0.15
Hero: folds
3f253dbc: folds
6223dd07: folds
Uncalled bet ($0.1) returned to 4cd16500
*** SHOWDOWN ***
4cd16500 collected $0.12 from pot
*** SUMMARY ***
Total pot $0.12 | Rake $0 | Jackpot $0 | Bingo $0 | Fortune $0
Seat 1: 9d832308 folded before Flop (didn't bet)
Seat 2: 5d1b96e6 folded before Flop (didn't bet)
Seat 3: 4cd16500 collected ($0.12)
Seat 4: Hero (button) folded before Flop (didn't bet)
Seat 5: 3f253dbc (small blind) folded before Flop
Seat 6: 6223dd07 (big blind) folded before Flop


Poker Hand #HD1164606103: Hold'em No Limit  ($0.02/$0.05) - 2023/03/17 20:05:26
Table 'NLHBlue63' 6-max Seat #3 is the button
Seat 1: 9d832308 ($7.9 in chips)
Seat 2: 5d1b96e6 ($5.27 in chips)
Seat 3: 4cd16500 ($2.66 in chips)
Seat 4: Hero ($7.08 in chips)
Seat 5: 3f253dbc ($8.03 in chips)
Seat 6: 6223dd07 ($5.45 in chips)
Hero: posts small blind $0.02
3f253dbc: posts big blind $0.05
*** HOLE CARDS ***
Dealt to 9d832308 
Dealt to 5d1b96e6 
Dealt to 4cd16500 
Dealt to Hero [2s 3c]
Dealt to 3f253dbc 
Dealt to 6223dd07 
6223dd07: folds
9d832308: folds
5d1b96e6: raises $0.07 to $0.12
4cd16500: folds
Hero: folds
3f253dbc: folds
Uncalled bet ($0.07) returned to 5d1b96e6
*** SHOWDOWN ***
5d1b96e6 collected $0.12 from pot
*** SUMMARY ***
Total pot $0.12 | Rake $0 | Jackpot $0 | Bingo $0 | Fortune $0
Seat 1: 9d832308 folded before Flop (didn't bet)
Seat 2: 5d1b96e6 collected ($0.12)
Seat 3: 4cd16500 (button) folded before Flop (didn't bet)
Seat 4: Hero (small blind) folded before Flop
Seat 5: 3f253dbc (big blind) folded before Flop
Seat 6: 6223dd07 folded before Flop (didn't bet)


Poker Hand #HD1164606000: Hold'em No Limit  ($0.02/$0.05) - 2023/03/17 20:04:48
Table 'NLHBlue63' 6-max Seat #2 is the button
Seat 1: 9d832308 ($7.9 in chips)
Seat 2: 5d1b96e6 ($5.27 in chips)
Seat 3: 4cd16500 ($2.61 in chips)
Seat 4: Hero ($7.13 in chips)
Seat 5: 3f253dbc ($8.03 in chips)
Seat 6: 6223dd07 ($5.45 in chips)
4cd16500: posts small blind $0.02
Hero: posts big blind $0.05
*** HOLE CARDS ***
Dealt to 9d832308 
Dealt to 5d1b96e6 
Dealt to 4cd16500 
Dealt to Hero [6c Js]
Dealt to 3f253dbc 
Dealt to 6223dd07 
3f253dbc: folds
6223dd07: folds
9d832308: folds
5d1b96e6: folds
4cd16500: raises $0.1 to $0.15
Hero: folds
Uncalled bet ($0.1) returned to 4cd16500
*** SHOWDOWN ***
4cd16500 collected $0.1 from pot
*** SUMMARY ***
Total pot $0.1 | Rake $0 | Jackpot $0 | Bingo $0 | Fortune $0
Seat 1: 9d832308 folded before Flop (didn't bet)
Seat 2: 5d1b96e6 (button) folded before Flop (didn't bet)
Seat 3: 4cd16500 (small blind) collected ($0.1)
Seat 4: Hero (big blind) folded before Flop
Seat 5: 3f253dbc folded before Flop (didn't bet)
Seat 6: 6223dd07 folded before Flop (didn't bet)


Poker Hand #HD1164605963: Hold'em No Limit  ($0.02/$0.05) - 2023/03/17 20:04:34
Table 'NLHBlue63' 6-max Seat #1 is the button
Seat 1: 9d832308 ($7.9 in chips)
Seat 2: 5d1b96e6 ($5.29 in chips)
Seat 3: 4cd16500 ($2.66 in chips)
Seat 4: Hero ($7.13 in chips)
Seat 5: 3f253dbc ($7.96 in chips)
Seat 6: 6223dd07 ($5.45 in chips)
5d1b96e6: posts small blind $0.02
4cd16500: posts big blind $0.05
*** HOLE CARDS ***
Dealt to 9d832308 
Dealt to 5d1b96e6 
Dealt to 4cd16500 
Dealt to Hero [7c Kc]
Dealt to 3f253dbc 
Dealt to 6223dd07 
Hero: folds
3f253dbc: raises $0.1 to $0.15
6223dd07: folds
9d832308: folds
5d1b96e6: folds
4cd16500: folds
Uncalled bet ($0.1) returned to 3f253dbc
*** SHOWDOWN ***
3f253dbc collected $0.12 from pot
*** SUMMARY ***
Total pot $0.12 | Rake $0 | Jackpot $0 | Bingo $0 | Fortune $0
Seat 1: 9d832308 (button) folded before Flop (didn't bet)
Seat 2: 5d1b96e6 (small blind) folded before Flop
Seat 3: 4cd16500 (big blind) folded before Flop
Seat 4: Hero folded before Flop (didn't bet)
Seat 5: 3f253dbc collected ($0.12)
Seat 6: 6223dd07 folded before Flop (didn't bet)


Poker Hand #HD1164605877: Hold'em No Limit  ($0.02/$0.05) - 2023/03/17 20:03:56
Table 'NLHBlue63' 6-max Seat #6 is the button
Seat 1: 9d832308 ($8 in chips)
Seat 2: 5d1b96e6 ($5.2 in chips)
Seat 3: 4cd16500 ($2.66 in chips)
Seat 4: Hero ($7.13 in chips)
Seat 5: 3f253dbc ($7.96 in chips)
Seat 6: 6223dd07 ($5.45 in chips)
9d832308: posts small blind $0.02
5d1b96e6: posts big blind $0.05
*** HOLE CARDS ***
Dealt to 9d832308 
Dealt to 5d1b96e6 
Dealt to 4cd16500 
Dealt to Hero [6h 3s]
Dealt to 3f253dbc 
Dealt to 6223dd07 
4cd16500: folds
Hero: folds
3f253dbc: folds
6223dd07: folds
9d832308: raises $0.05 to $0.1
5d1b96e6: calls $0.05
*** FLOP *** [7d Kc 5c]
9d832308: checks
5d1b96e6: bets $0.07
9d832308: folds
Uncalled bet ($0.07) returned to 5d1b96e6
*** SHOWDOWN ***
5d1b96e6 collected $0.19 from pot
*** SUMMARY ***
Total pot $0.2 | Rake $0.01 | Jackpot $0 | Bingo $0 | Fortune $0
Board [7d Kc 5c]
Seat 1: 9d832308 (small blind) folded on the Flop
Seat 2: 5d1b96e6 (big blind) won ($0.19)
Seat 3: 4cd16500 folded before Flop (didn't bet)
Seat 4: Hero folded before Flop (didn't bet)
Seat 5: 3f253dbc folded before Flop (didn't bet)
Seat 6: 6223dd07 (button) folded before Flop (didn't bet)


Poker Hand #HD1164605781: Hold'em No Limit  ($0.02/$0.05) - 2023/03/17 20:03:17
Table 'NLHBlue63' 6-max Seat #5 is the button
Seat 1: 9d832308 ($8.15 in chips)
Seat 2: 5d1b96e6 ($5.2 in chips)
Seat 3: 4cd16500 ($2.66 in chips)
Seat 4: Hero ($7.13 in chips)
Seat 5: 3f253dbc ($7.96 in chips)
Seat 6: 6223dd07 ($5.31 in chips)
6223dd07: posts small blind $0.02
9d832308: posts big blind $0.05
*** HOLE CARDS ***
Dealt to 9d832308 
Dealt to 5d1b96e6 
Dealt to 4cd16500 
Dealt to Hero [7d Qc]
Dealt to 3f253dbc 
Dealt to 6223dd07 
5d1b96e6: folds
4cd16500: folds
Hero: folds
3f253dbc: folds
6223dd07: raises $0.1 to $0.15
9d832308: calls $0.1
*** FLOP *** [Jc 5c 4s]
6223dd07: bets $0.18
9d832308: folds
Uncalled bet ($0.18) returned to 6223dd07
*** SHOWDOWN ***
6223dd07 collected $0.29 from pot
*** SUMMARY ***
Total pot $0.3 | Rake $0.01 | Jackpot $0 | Bingo $0 | Fortune $0
Board [Jc 5c 4s]
Seat 1: 9d832308 (big blind) folded on the Flop
Seat 2: 5d1b96e6 folded before Flop (didn't bet)
Seat 3: 4cd16500 folded before Flop (didn't bet)
Seat 4: Hero folded before Flop (didn't bet)
Seat 5: 3f253dbc (button) folded before Flop (didn't bet)
Seat 6: 6223dd07 (small blind) won ($0.29)


Poker Hand #HD1164605718: Hold'em No Limit  ($0.02/$0.05) - 2023/03/17 20:02:53
Table 'NLHBlue63' 6-max Seat #4 is the button
Seat 1: 9d832308 ($8.15 in chips)
Seat 2: 5d1b96e6 ($5.2 in chips)
Seat 3: 4cd16500 ($2.66 in chips)
Seat 4: Hero ($7.25 in chips)
Seat 5: 3f253dbc ($7.98 in chips)
Seat 6: 6223dd07 ($5.18 in chips)
3f253dbc: posts small blind $0.02
6223dd07: posts big blind $0.05
*** HOLE CARDS ***
Dealt to 9d832308 
Dealt to 5d1b96e6 
Dealt to 4cd16500 
Dealt to Hero [Qh Jd]
Dealt to 3f253dbc 
Dealt to 6223dd07 
9d832308: folds
5d1b96e6: folds
4cd16500: folds
Hero: raises $0.07 to $0.12
3f253dbc: folds
6223dd07: raises $0.43 to $0.55
Hero: folds
Uncalled bet ($0.43) returned to 6223dd07
*** SHOWDOWN ***
6223dd07 collected $0.25 from pot
*** SUMMARY ***
Total pot $0.26 | Rake $0.01 | Jackpot $0 | Bingo $0 | Fortune $0
Seat 1: 9d832308 folded before Flop (didn't bet)
Seat 2: 5d1b96e6 folded before Flop (didn't bet)
Seat 3: 4cd16500 folded before Flop (didn't bet)
Seat 4: Hero (button) folded before Flop
Seat 5: 3f253dbc (small blind) folded before Flop
Seat 6: 6223dd07 (big blind) collected ($0.25)


Poker Hand #HD1164605666: Hold'em No Limit  ($0.02/$0.05) - 2023/03/17 20:02:32
Table 'NLHBlue63' 6-max Seat #3 is the button
Seat 1: 9d832308 ($8.08 in chips)
Seat 2: 5d1b96e6 ($5.2 in chips)
Seat 3: 4cd16500 ($2.66 in chips)
Seat 4: Hero ($7.27 in chips)
Seat 5: 3f253dbc ($8.03 in chips)
Seat 6: 6223dd07 ($5.18 in chips)
Hero: posts small blind $0.02
3f253dbc: posts big blind $0.05
*** HOLE CARDS ***
Dealt to 9d832308 
Dealt to 5d1b96e6 
Dealt to 4cd16500 
Dealt to Hero [6c 8s]
Dealt to 3f253dbc 
Dealt to 6223dd07 
6223dd07: folds
9d832308: raises $0.05 to $0.1
5d1b96e6: folds
4cd16500: folds
Hero: folds
3f253dbc: folds
Uncalled bet ($0.05) returned to 9d832308
*** SHOWDOWN ***
9d832308 collected $0.12 from pot
*** SUMMARY ***
Total pot $0.12 | Rake $0 | Jackpot $0 | Bingo $0 | Fortune $0
Seat 1: 9d832308 collected ($0.12)
Seat 2: 5d1b96e6 folded before Flop (didn't bet)
Seat 3: 4cd16500 (button) folded before Flop (didn't bet)
Seat 4: Hero (small blind) folded before Flop
Seat 5: 3f253dbc (big blind) folded before Flop
Seat 6: 6223dd07 folded before Flop (didn't bet)


Poker Hand #HD1164535510: Hold'em No Limit  ($0.02/$0.05) - 2023/03/17 20:01:31
Table 'NLHBlue63' 6-max Seat #2 is the button
Seat 1: 9d832308 ($7.82 in chips)
Seat 2: 5d1b96e6 ($5.2 in chips)
Seat 3: 4cd16500 ($2.68 in chips)
Seat 4: Hero ($7.4 in chips)
Seat 5: 3f253dbc ($8.03 in chips)
Seat 6: 6223dd07 ($5.31 in chips)
4cd16500: posts small blind $0.02
Hero: posts big blind $0.05
*** HOLE CARDS ***
Dealt to 9d832308 
Dealt to 5d1b96e6 
Dealt to 4cd16500 
Dealt to Hero [Ah Js]
Dealt to 3f253dbc 
Dealt to 6223dd07 
3f253dbc: folds
6223dd07: raises $0.08 to $0.13
9d832308: calls $0.13
5d1b96e6: folds
4cd16500: folds
Hero: calls $0.08
*** FLOP *** [5d 6s 7c]
Hero: checks
6223dd07: checks
9d832308: checks
*** TURN *** [5d 6s 7c] [5c]
Hero: checks
6223dd07: checks
9d832308: bets $0.21
Hero: folds
6223dd07: folds
Uncalled bet ($0.21) returned to 9d832308
*** SHOWDOWN ***
9d832308 collected $0.39 from pot
*** SUMMARY ***
Total pot $0.41 | Rake $0.02 | Jackpot $0 | Bingo $0 | Fortune $0
Board [5d 6s 7c 5c]
Seat 1: 9d832308 won ($0.39)
Seat 2: 5d1b96e6 (button) folded before Flop (didn't bet)
Seat 3: 4cd16500 (small blind) folded before Flop
Seat 4: Hero (big blind) folded on the Turn
Seat 5: 3f253dbc folded before Flop (didn't bet)
Seat 6: 6223dd07 folded on the Turn


Poker Hand #HD1164535450: Hold'em No Limit  ($0.02/$0.05) - 2023/03/17 20:01:09
Table 'NLHBlue63' 6-max Seat #1 is the button
Seat 1: 9d832308 ($7.75 in chips)
Seat 2: 5d1b96e6 ($5.22 in chips)
Seat 3: 4cd16500 ($2.73 in chips)
Seat 4: Hero ($7.4 in chips)
Seat 5: 3f253dbc ($8.03 in chips)
Seat 6: 6223dd07 ($5.31 in chips)
5d1b96e6: posts small blind $0.02
4cd16500: posts big blind $0.05
*** HOLE CARDS ***
Dealt to 9d832308 
Dealt to 5d1b96e6 
Dealt to 4cd16500 
Dealt to Hero [2s 3d]
Dealt to 3f253dbc 
Dealt to 6223dd07 
Hero: folds
3f253dbc: folds
6223dd07: folds
9d832308: raises $0.05 to $0.1
5d1b96e6: folds
4cd16500: folds
Uncalled bet ($0.05) returned to 9d832308
*** SHOWDOWN ***
9d832308 collected $0.12 from pot
*** SUMMARY ***
Total pot $0.12 | Rake $0 | Jackpot $0 | Bingo $0 | Fortune $0
Seat 1: 9d832308 (button) collected ($0.12)
Seat 2: 5d1b96e6 (small blind) folded before Flop
Seat 3: 4cd16500 (big blind) folded before Flop
Seat 4: Hero folded before Flop (didn't bet)
Seat 5: 3f253dbc folded before Flop (didn't bet)
Seat 6: 6223dd07 folded before Flop (didn't bet)


Poker Hand #HD1164535278: Hold'em No Limit  ($0.02/$0.05) - 2023/03/17 19:59:59
Table 'NLHBlue63' 6-max Seat #6 is the button
Seat 1: 9d832308 ($7.59 in chips)
Seat 2: 5d1b96e6 ($5.27 in chips)
Seat 3: 4cd16500 ($2.73 in chips)
Seat 4: Hero ($7.52 in chips)
Seat 5: 3f253dbc ($8.03 in chips)
Seat 6: 6223dd07 ($5.31 in chips)
9d832308: posts small blind $0.02
5d1b96e6: posts big blind $0.05
*** HOLE CARDS ***
Dealt to 9d832308 
Dealt to 5d1b96e6 
Dealt to 4cd16500 
Dealt to Hero [Kc Jc]
Dealt to 3f253dbc 
Dealt to 6223dd07 
4cd16500: folds
Hero: raises $0.07 to $0.12
3f253dbc: folds
6223dd07: folds
9d832308: calls $0.1
5d1b96e6: folds
*** FLOP *** [3h 4h 8h]
9d832308: checks
Hero: checks
*** TURN *** [3h 4h 8h] [7s]
9d832308: checks
Hero: checks
*** RIVER *** [3h 4h 8h 7s] [Qh]
9d832308: bets $0.35
Hero: folds
Uncalled bet ($0.35) returned to 9d832308
*** SHOWDOWN ***
9d832308 collected $0.28 from pot
*** SUMMARY ***
Total pot $0.29 | Rake $0.01 | Jackpot $0 | Bingo $0 | Fortune $0
Board [3h 4h 8h 7s Qh]
Seat 1: 9d832308 (small blind) won ($0.28)
Seat 2: 5d1b96e6 (big blind) folded before Flop
Seat 3: 4cd16500 folded before Flop (didn't bet)
Seat 4: Hero folded on the River
Seat 5: 3f253dbc folded before Flop (didn't bet)
Seat 6: 6223dd07 (button) folded before Flop (didn't bet)


Poker Hand #HD1164535164: Hold'em No Limit  ($0.02/$0.05) - 2023/03/17 19:59:14
Table 'NLHBlue63' 6-max Seat #5 is the button
Seat 1: 9d832308 ($7.79 in chips)
Seat 2: 5d1b96e6 ($5.07 in chips)
Seat 3: 4cd16500 ($2.73 in chips)
Seat 4: Hero ($7.52 in chips)
Seat 5: 3f253dbc ($8.03 in chips)
Seat 6: 6223dd07 ($5.33 in chips)
6223dd07: posts small blind $0.02
9d832308: posts big blind $0.05
*** HOLE CARDS ***
Dealt to 9d832308 
Dealt to 5d1b96e6 
Dealt to 4cd16500 
Dealt to Hero [5c Kd]
Dealt to 3f253dbc 
Dealt to 6223dd07 
5d1b96e6: raises $0.05 to $0.1
4cd16500: folds
Hero: folds
3f253dbc: folds
6223dd07: folds
9d832308: calls $0.05
*** FLOP *** [2c 6d Th]
9d832308: checks
5d1b96e6: bets $0.1
9d832308: calls $0.1
*** TURN *** [2c 6d Th] [Js]
9d832308: checks
5d1b96e6: bets $0.42
9d832308: folds
Uncalled bet ($0.42) returned to 5d1b96e6
*** SHOWDOWN ***
5d1b96e6 collected $0.4 from pot
*** SUMMARY ***
Total pot $0.42 | Rake $0.02 | Jackpot $0 | Bingo $0 | Fortune $0
Board [2c 6d Th Js]
Seat 1: 9d832308 (big blind) folded on the Turn
Seat 2: 5d1b96e6 won ($0.4)
Seat 3: 4cd16500 folded before Flop (didn't bet)
Seat 4: Hero folded before Flop (didn't bet)
Seat 5: 3f253dbc (button) folded before Flop (didn't bet)
Seat 6: 6223dd07 (small blind) folded before Flop


Poker Hand #HD1164535127: Hold'em No Limit  ($0.02/$0.05) - 2023/03/17 19:59:00
Table 'NLHBlue63' 6-max Seat #4 is the button
Seat 1: 9d832308 ($7.79 in chips)
Seat 2: 5d1b96e6 ($5.07 in chips)
Seat 3: 4cd16500 ($2.66 in chips)
Seat 4: Hero ($7.52 in chips)
Seat 5: 3f253dbc ($8.05 in chips)
Seat 6: 6223dd07 ($5.38 in chips)
3f253dbc: posts small blind $0.02
6223dd07: posts big blind $0.05
*** HOLE CARDS ***
Dealt to 9d832308 
Dealt to 5d1b96e6 
Dealt to 4cd16500 
Dealt to Hero [Th Qd]
Dealt to 3f253dbc 
Dealt to 6223dd07 
9d832308: folds
5d1b96e6: folds
4cd16500: raises $0.1 to $0.15
Hero: folds
3f253dbc: folds
6223dd07: folds
Uncalled bet ($0.1) returned to 4cd16500
*** SHOWDOWN ***
4cd16500 collected $0.12 from pot
*** SUMMARY ***
Total pot $0.12 | Rake $0 | Jackpot $0 | Bingo $0 | Fortune $0
Seat 1: 9d832308 folded before Flop (didn't bet)
Seat 2: 5d1b96e6 folded before Flop (didn't bet)
Seat 3: 4cd16500 collected ($0.12)
Seat 4: Hero (button) folded before Flop (didn't bet)
Seat 5: 3f253dbc (small blind) folded before Flop
Seat 6: 6223dd07 (big blind) folded before Flop


Poker Hand #HD1164535002: Hold'em No Limit  ($0.02/$0.05) - 2023/03/17 19:58:13
Table 'NLHBlue63' 6-max Seat #3 is the button
Seat 1: 9d832308 ($7.79 in chips)
Seat 2: 5d1b96e6 ($5.07 in chips)
Seat 3: 4cd16500 ($2.66 in chips)
Seat 4: Hero ($7.54 in chips)
Seat 5: 3f253dbc ($7.94 in chips)
Seat 6: 6223dd07 ($5.48 in chips)
Hero: posts small blind $0.02
3f253dbc: posts big blind $0.05
*** HOLE CARDS ***
Dealt to 9d832308 
Dealt to 5d1b96e6 
Dealt to 4cd16500 
Dealt to Hero [Kd 5h]
Dealt to 3f253dbc 
Dealt to 6223dd07 
6223dd07: raises $0.05 to $0.1
9d832308: folds
5d1b96e6: folds
4cd16500: folds
Hero: folds
3f253dbc: calls $0.05
*** FLOP *** [4s 8s 7h]
3f253dbc: checks
6223dd07: checks
*** TURN *** [4s 8s 7h] [2h]
3f253dbc: bets $0.05
6223dd07: folds
Uncalled bet ($0.05) returned to 3f253dbc
*** SHOWDOWN ***
3f253dbc collected $0.21 from pot
*** SUMMARY ***
Total pot $0.22 | Rake $0.01 | Jackpot $0 | Bingo $0 | Fortune $0
Board [4s 8s 7h 2h]
Seat 1: 9d832308 folded before Flop (didn't bet)
Seat 2: 5d1b96e6 folded before Flop (didn't bet)
Seat 3: 4cd16500 (button) folded before Flop (didn't bet)
Seat 4: Hero (small blind) folded before Flop
Seat 5: 3f253dbc (big blind) won ($0.21)
Seat 6: 6223dd07 folded on the Turn


Poker Hand #HD1164534949: Hold'em No Limit  ($0.02/$0.05) - 2023/03/17 19:57:49
Table 'NLHBlue63' 6-max Seat #2 is the button
Seat 1: 9d832308 ($7.79 in chips)
Seat 2: 5d1b96e6 ($5.07 in chips)
Seat 3: 4cd16500 ($2.68 in chips)
Seat 4: Hero ($7.52 in chips)
Seat 5: 3f253dbc ($7.94 in chips)
Seat 6: 6223dd07 ($5.48 in chips)
4cd16500: posts small blind $0.02
Hero: posts big blind $0.05
*** HOLE CARDS ***
Dealt to 9d832308 
Dealt to 5d1b96e6 
Dealt to 4cd16500 
Dealt to Hero [7s 2d]
Dealt to 3f253dbc 
Dealt to 6223dd07 
3f253dbc: folds
6223dd07: folds
9d832308: folds
5d1b96e6: folds
4cd16500: folds
Uncalled bet ($0.03) returned to Hero
*** SHOWDOWN ***
Hero collected $0.04 from pot
*** SUMMARY ***
Total pot $0.04 | Rake $0 | Jackpot $0 | Bingo $0 | Fortune $0
Seat 1: 9d832308 folded before Flop (didn't bet)
Seat 2: 5d1b96e6 (button) folded before Flop (didn't bet)
Seat 3: 4cd16500 (small blind) folded before Flop
Seat 4: Hero (big blind) collected ($0.04)
Seat 5: 3f253dbc folded before Flop (didn't bet)
Seat 6: 6223dd07 folded before Flop (didn't bet)


Poker Hand #HD1164534882: Hold'em No Limit  ($0.02/$0.05) - 2023/03/17 19:57:23
Table 'NLHBlue63' 6-max Seat #1 is the button
Seat 1: 9d832308 ($7.79 in chips)
Seat 2: 5d1b96e6 ($5.09 in chips)
Seat 3: 4cd16500 ($2.73 in chips)
Seat 4: Hero ($7.45 in chips)
Seat 5: 3f253dbc ($7.94 in chips)
Seat 6: 6223dd07 ($5.48 in chips)
5d1b96e6: posts small blind $0.02
4cd16500: posts big blind $0.05
*** HOLE CARDS ***
Dealt to 9d832308 
Dealt to 5d1b96e6 
Dealt to 4cd16500 
Dealt to Hero [Kh Ac]
Dealt to 3f253dbc 
Dealt to 6223dd07 
Hero: raises $0.07 to $0.12
3f253dbc: folds
6223dd07: folds
9d832308: folds
5d1b96e6: folds
4cd16500: folds
Uncalled bet ($0.07) returned to Hero
*** SHOWDOWN ***
Hero collected $0.12 from pot
*** SUMMARY ***
Total pot $0.12 | Rake $0 | Jackpot $0 | Bingo $0 | Fortune $0
Seat 1: 9d832308 (button) folded before Flop (didn't bet)
Seat 2: 5d1b96e6 (small blind) folded before Flop
Seat 3: 4cd16500 (big blind) folded before Flop
Seat 4: Hero collected ($0.12)
Seat 5: 3f253dbc folded before Flop (didn't bet)
Seat 6: 6223dd07 folded before Flop (didn't bet)


Poker Hand #HD1164534626: Hold'em No Limit  ($0.02/$0.05) - 2023/03/17 19:55:41
Table 'NLHBlue63' 6-max Seat #6 is the button
Seat 1: 9d832308 ($10.43 in chips)
Seat 2: 5d1b96e6 ($5.14 in chips)
Seat 3: 4cd16500 ($2.73 in chips)
Seat 4: Hero ($5.07 in chips)
Seat 5: 3f253dbc ($7.94 in chips)
Seat 6: 6223dd07 ($5.48 in chips)
9d832308: posts small blind $0.02
5d1b96e6: posts big blind $0.05
*** HOLE CARDS ***
Dealt to 9d832308 
Dealt to 5d1b96e6 
Dealt to 4cd16500 
Dealt to Hero [9h 9s]
Dealt to 3f253dbc 
Dealt to 6223dd07 
4cd16500: folds
Hero: raises $0.07 to $0.12
3f253dbc: folds
6223dd07: folds
9d832308: raises $0.22 to $0.34
5d1b96e6: folds
Hero: calls $0.22
*** FLOP *** [Qh 8s Td]
9d832308: bets $0.25
Hero: calls $0.25
*** TURN *** [Qh 8s Td] [Tc]
9d832308: checks
Hero: bets $0.05
9d832308: calls $0.05
*** RIVER *** [Qh 8s Td Tc] [9d]
9d832308: checks
Hero: bets $2
9d832308: calls $2
Hero: shows [9h 9s] (Nines Full over Tens)
9d832308: shows [Ac Jd] (Queens-High Straight)
*** SHOWDOWN ***
Hero collected $5.02 from pot
*** SUMMARY ***
Total pot $5.33 | Rake $0.26 | Jackpot $0.05 | Bingo $0 | Fortune $0
Board [Qh 8s Td Tc 9d]
Seat 1: 9d832308 (small blind) showed [Ac Jd] and lost with Queens-High Straight
Seat 2: 5d1b96e6 (big blind) folded before Flop
Seat 3: 4cd16500 folded before Flop (didn't bet)
Seat 4: Hero showed [9h 9s] and won ($5.02) with Nines Full over Tens
Seat 5: 3f253dbc folded before Flop (didn't bet)
Seat 6: 6223dd07 (button) folded before Flop (didn't bet)


Poker Hand #HD1164534588: Hold'em No Limit  ($0.02/$0.05) - 2023/03/17 19:55:27
Table 'NLHBlue63' 6-max Seat #5 is the button
Seat 1: 9d832308 ($10.41 in chips)
Seat 2: 5d1b96e6 ($5.14 in chips)
Seat 3: 4cd16500 ($2.73 in chips)
Seat 4: Hero ($5.07 in chips)
Seat 5: 3f253dbc ($7.94 in chips)
Seat 6: 6223dd07 ($5.5 in chips)
6223dd07: posts small blind $0.02
9d832308: posts big blind $0.05
*** HOLE CARDS ***
Dealt to 9d832308 
Dealt to 5d1b96e6 
Dealt to 4cd16500 
Dealt to Hero [2d 6s]
Dealt to 3f253dbc 
Dealt to 6223dd07 
5d1b96e6: folds
4cd16500: folds
Hero: folds
3f253dbc: folds
6223dd07: folds
Uncalled bet ($0.03) returned to 9d832308
*** SHOWDOWN ***
9d832308 collected $0.04 from pot
*** SUMMARY ***
Total pot $0.04 | Rake $0 | Jackpot $0 | Bingo $0 | Fortune $0
Seat 1: 9d832308 (big blind) collected ($0.04)
Seat 2: 5d1b96e6 folded before Flop (didn't bet)
Seat 3: 4cd16500 folded before Flop (didn't bet)
Seat 4: Hero folded before Flop (didn't bet)
Seat 5: 3f253dbc (button) folded before Flop (didn't bet)
Seat 6: 6223dd07 (small blind) folded before Flop


Poker Hand #HD1164534536: Hold'em No Limit  ($0.02/$0.05) - 2023/03/17 19:55:10
Table 'NLHBlue63' 6-max Seat #4 is the button
Seat 1: 9d832308 ($10.41 in chips)
Seat 2: 5d1b96e6 ($5.14 in chips)
Seat 3: 4cd16500 ($2.73 in chips)
Seat 4: Hero ($5 in chips)
Seat 5: 3f253dbc ($7.96 in chips)
Seat 6: 6223dd07 ($5.55 in chips)
3f253dbc: posts small blind $0.02
6223dd07: posts big blind $0.05
*** HOLE CARDS ***
Dealt to 9d832308 
Dealt to 5d1b96e6 
Dealt to 4cd16500 
Dealt to Hero [Ah 2c]
Dealt to 3f253dbc 
Dealt to 6223dd07 
9d832308: folds
5d1b96e6: folds
4cd16500: folds
Hero: raises $0.07 to $0.12
3f253dbc: folds
6223dd07: folds
Uncalled bet ($0.07) returned to Hero
*** SHOWDOWN ***
Hero collected $0.12 from pot
*** SUMMARY ***
Total pot $0.12 | Rake $0 | Jackpot $0 | Bingo $0 | Fortune $0
Seat 1: 9d832308 folded before Flop (didn't bet)
Seat 2: 5d1b96e6 folded before Flop (didn't bet)
Seat 3: 4cd16500 folded before Flop (didn't bet)
Seat 4: Hero (button) collected ($0.12)
Seat 5: 3f253dbc (small blind) folded before Flop
Seat 6: 6223dd07 (big blind) folded before Flop


Poker Hand #HD1164534509: Hold'em No Limit  ($0.02/$0.05) - 2023/03/17 19:55:00
Table 'NLHBlue63' 6-max Seat #3 is the button
Seat 1: 9d832308 ($10.41 in chips)
Seat 2: 5d1b96e6 ($5.14 in chips)
Seat 3: 4cd16500 ($2.73 in chips)
Seat 4: Hero ($5.02 in chips)
Seat 5: 3f253dbc ($7.94 in chips)
Seat 6: 6223dd07 ($5.55 in chips)
Hero: posts small blind $0.02
3f253dbc: posts big blind $0.05
*** HOLE CARDS ***
Dealt to 9d832308 
Dealt to 5d1b96e6 
Dealt to 4cd16500 
Dealt to Hero [Qh 5s]
Dealt to 3f253dbc 
Dealt to 6223dd07 
6223dd07: folds
9d832308: folds
5d1b96e6: folds
4cd16500: folds
Hero: folds
Uncalled bet ($0.03) returned to 3f253dbc
*** SHOWDOWN ***
3f253dbc collected $0.04 from pot
*** SUMMARY ***
Total pot $0.04 | Rake $0 | Jackpot $0 | Bingo $0 | Fortune $0
Seat 1: 9d832308 folded before Flop (didn't bet)
Seat 2: 5d1b96e6 folded before Flop (didn't bet)
Seat 3: 4cd16500 (button) folded before Flop (didn't bet)
Seat 4: Hero (small blind) folded before Flop
Seat 5: 3f253dbc (big blind) collected ($0.04)
Seat 6: 6223dd07 folded before Flop (didn't bet)


Poker Hand #HD1164534454: Hold'em No Limit  ($0.02/$0.05) - 2023/03/17 19:54:38
Table 'NLHBlue63' 6-max Seat #2 is the button
Seat 1: 9d832308 ($10.34 in chips)
Seat 2: 5d1b96e6 ($5.14 in chips)
Seat 3: 4cd16500 ($2.75 in chips)
Seat 4: Hero ($5.07 in chips)
Seat 5: 3f253dbc ($7.94 in chips)
Seat 6: 6223dd07 ($5.55 in chips)
4cd16500: posts small blind $0.02
Hero: posts big blind $0.05
*** HOLE CARDS ***
Dealt to 9d832308 
Dealt to 5d1b96e6 
Dealt to 4cd16500 
Dealt to Hero [Kc 5s]
Dealt to 3f253dbc 
Dealt to 6223dd07 
3f253dbc: folds
6223dd07: folds
9d832308: raises $0.05 to $0.1
5d1b96e6: folds
4cd16500: folds
Hero: folds
Uncalled bet ($0.05) returned to 9d832308
*** SHOWDOWN ***
9d832308 collected $0.12 from pot
*** SUMMARY ***
Total pot $0.12 | Rake $0 | Jackpot $0 | Bingo $0 | Fortune $0
Seat 1: 9d832308 collected ($0.12)
Seat 2: 5d1b96e6 (button) folded before Flop (didn't bet)
Seat 3: 4cd16500 (small blind) folded before Flop
Seat 4: Hero (big blind) folded before Flop
Seat 5: 3f253dbc folded before Flop (didn't bet)
Seat 6: 6223dd07 folded before Flop (didn't bet)


Poker Hand #HD1164534374: Hold'em No Limit  ($0.02/$0.05) - 2023/03/17 19:54:04
Table 'NLHBlue63' 6-max Seat #1 is the button
Seat 1: 9d832308 ($10.34 in chips)
Seat 2: 5d1b96e6 ($5.09 in chips)
Seat 3: 4cd16500 ($2.8 in chips)
Seat 4: Hero ($5.07 in chips)
Seat 5: 3f253dbc ($7.94 in chips)
Seat 6: 6223dd07 ($5.55 in chips)
5d1b96e6: posts small blind $0.02
4cd16500: posts big blind $0.05
*** HOLE CARDS ***
Dealt to 9d832308 
Dealt to 5d1b96e6 
Dealt to 4cd16500 
Dealt to Hero [7h 2d]
Dealt to 3f253dbc 
Dealt to 6223dd07 
Hero: folds
3f253dbc: folds
6223dd07: folds
9d832308: folds
5d1b96e6: raises $0.1 to $0.15
4cd16500: folds
Uncalled bet ($0.1) returned to 5d1b96e6
*** SHOWDOWN ***
5d1b96e6 collected $0.1 from pot
*** SUMMARY ***
Total pot $0.1 | Rake $0 | Jackpot $0 | Bingo $0 | Fortune $0
Seat 1: 9d832308 (button) folded before Flop (didn't bet)
Seat 2: 5d1b96e6 (small blind) collected ($0.1)
Seat 3: 4cd16500 (big blind) folded before Flop
Seat 4: Hero folded before Flop (didn't bet)
Seat 5: 3f253dbc folded before Flop (didn't bet)
Seat 6: 6223dd07 folded before Flop (didn't bet)


Poker Hand #HD1164534336: Hold'em No Limit  ($0.02/$0.05) - 2023/03/17 19:53:49
Table 'NLHBlue63' 6-max Seat #6 is the button
Seat 1: 9d832308 ($10.36 in chips)
Seat 2: 5d1b96e6 ($5.14 in chips)
Seat 3: 4cd16500 ($2.8 in chips)
Seat 4: Hero ($5 in chips)
Seat 5: 3f253dbc ($7.94 in chips)
Seat 6: 6223dd07 ($5.55 in chips)
9d832308: posts small blind $0.02
5d1b96e6: posts big blind $0.05
*** HOLE CARDS ***
Dealt to 9d832308 
Dealt to 5d1b96e6 
Dealt to 4cd16500 
Dealt to Hero [Jd Js]
Dealt to 3f253dbc 
Dealt to 6223dd07 
4cd16500: folds
Hero: raises $0.05 to $0.1
3f253dbc: folds
6223dd07: folds
9d832308: folds
5d1b96e6: folds
Uncalled bet ($0.05) returned to Hero
*** SHOWDOWN ***
Hero collected $0.12 from pot
*** SUMMARY ***
Total pot $0.12 | Rake $0 | Jackpot $0 | Bingo $0 | Fortune $0
Seat 1: 9d832308 (small blind) folded before Flop
Seat 2: 5d1b96e6 (big blind) folded before Flop
Seat 3: 4cd16500 folded before Flop (didn't bet)
Seat 4: Hero collected ($0.12)
Seat 5: 3f253dbc folded before Flop (didn't bet)
Seat 6: 6223dd07 (button) folded before Flop (didn't bet)


Poker Hand #HD1164534253: Hold'em No Limit  ($0.02/$0.05) - 2023/03/17 19:53:18
Table 'NLHBlue63' 6-max Seat #5 is the button
Seat 1: 9d832308 ($10.41 in chips)
Seat 2: 5d1b96e6 ($5.14 in chips)
Seat 3: 4cd16500 ($2.8 in chips)
Seat 4: Hero ($5 in chips)
Seat 5: 3f253dbc ($7.94 in chips)
Seat 6: 6223dd07 ($5.39 in chips)
6223dd07: posts small blind $0.02
9d832308: posts big blind $0.05
*** HOLE CARDS ***
Dealt to 9d832308 
Dealt to 5d1b96e6 
Dealt to 4cd16500 
Dealt to Hero [3s 3d]
Dealt to 3f253dbc 
Dealt to 6223dd07 
5d1b96e6: folds
4cd16500: folds
Hero: raises $0.07 to $0.12
3f253dbc: folds
6223dd07: raises $0.43 to $0.55
9d832308: folds
Hero: folds
Uncalled bet ($0.43) returned to 6223dd07
*** SHOWDOWN ***
6223dd07 collected $0.28 from pot
*** SUMMARY ***
Total pot $0.29 | Rake $0.01 | Jackpot $0 | Bingo $0 | Fortune $0
Seat 1: 9d832308 (big blind) folded before Flop
Seat 2: 5d1b96e6 folded before Flop (didn't bet)
Seat 3: 4cd16500 folded before Flop (didn't bet)
Seat 4: Hero folded before Flop
Seat 5: 3f253dbc (button) folded before Flop (didn't bet)
Seat 6: 6223dd07 (small blind) collected ($0.28)


Poker Hand #HD1164534156: Hold'em No Limit  ($0.02/$0.05) - 2023/03/17 19:52:39
Table 'NLHBlue63' 6-max Seat #4 is the button
Seat 1: 9d832308 ($10.41 in chips)
Seat 2: 5d1b96e6 ($5.24 in chips)
Seat 3: 4cd16500 ($2.8 in chips)
Seat 4: Hero ($5 in chips)
Seat 5: 3f253dbc ($7.8 in chips)
Seat 6: 6223dd07 ($5.44 in chips)
3f253dbc: posts small blind $0.02
6223dd07: posts big blind $0.05
*** HOLE CARDS ***
Dealt to 9d832308 
Dealt to 5d1b96e6 
Dealt to 4cd16500 
Dealt to Hero [6d Js]
Dealt to 3f253dbc 
Dealt to 6223dd07 
9d832308: folds
5d1b96e6: raises $0.05 to $0.1
4cd16500: folds
Hero: folds
3f253dbc: raises $0.3 to $0.4
6223dd07: folds
5d1b96e6: folds
Uncalled bet ($0.3) returned to 3f253dbc
*** SHOWDOWN ***
3f253dbc collected $0.24 from pot
*** SUMMARY ***
Total pot $0.25 | Rake $0.01 | Jackpot $0 | Bingo $0 | Fortune $0
Seat 1: 9d832308 folded before Flop (didn't bet)
Seat 2: 5d1b96e6 folded before Flop
Seat 3: 4cd16500 folded before Flop (didn't bet)
Seat 4: Hero (button) folded before Flop (didn't bet)
Seat 5: 3f253dbc (small blind) collected ($0.24)
Seat 6: 6223dd07 (big blind) folded before Flop


Poker Hand #HD1164534011: Hold'em No Limit  ($0.02/$0.05) - 2023/03/17 19:51:38
Table 'NLHBlue63' 6-max Seat #3 is the button
Seat 1: 9d832308 ($10.41 in chips)
Seat 2: 5d1b96e6 ($5.24 in chips)
Seat 3: 4cd16500 ($2.8 in chips)
Seat 4: Hero ($5.09 in chips)
Seat 5: 3f253dbc ($6.98 in chips)
Seat 6: 6223dd07 ($5.44 in chips)
Hero: posts small blind $0.02
3f253dbc: posts big blind $0.05
*** HOLE CARDS ***
Dealt to 9d832308 
Dealt to 5d1b96e6 
Dealt to 4cd16500 
Dealt to Hero [9c Ah]
Dealt to 3f253dbc 
Dealt to 6223dd07 
6223dd07: folds
9d832308: folds
5d1b96e6: folds
4cd16500: folds
Hero: raises $0.09 to $0.14
3f253dbc: calls $0.09
*** FLOP *** [Qd Ts Ac]
Hero: bets $0.1
3f253dbc: calls $0.1
*** TURN *** [Qd Ts Ac] [3d]
Hero: bets $0.24
3f253dbc: calls $0.24
*** RIVER *** [Qd Ts Ac 3d] [6d]
Hero: checks
3f253dbc: bets $0.48
Hero: calls $0.48
3f253dbc: shows [Ad Jc] (Pair of Aces)
Hero: shows [9c Ah] (Pair of Aces)
*** SHOWDOWN ***
3f253dbc collected $1.78 from pot
*** SUMMARY ***
Total pot $1.92 | Rake $0.09 | Jackpot $0.05 | Bingo $0 | Fortune $0
Board [Qd Ts Ac 3d 6d]
Seat 1: 9d832308 folded before Flop (didn't bet)
Seat 2: 5d1b96e6 folded before Flop (didn't bet)
Seat 3: 4cd16500 (button) folded before Flop (didn't bet)
Seat 4: Hero (small blind) showed [9c Ah] and lost with Pair of Aces
Seat 5: 3f253dbc (big blind) showed [Ad Jc] and won ($1.78) with Pair of Aces
Seat 6: 6223dd07 folded before Flop (didn't bet)


Poker Hand #HD1164533966: Hold'em No Limit  ($0.02/$0.05) - 2023/03/17 19:51:23
Table 'NLHBlue63' 6-max Seat #2 is the button
Seat 1: 9d832308 ($10.41 in chips)
Seat 2: 5d1b96e6 ($5.24 in chips)
Seat 3: 4cd16500 ($2.82 in chips)
Seat 4: Hero ($5.07 in chips)
Seat 5: 3f253dbc ($6.98 in chips)
Seat 6: 6223dd07 ($5.44 in chips)
4cd16500: posts small blind $0.02
Hero: posts big blind $0.05
*** HOLE CARDS ***
Dealt to 9d832308 
Dealt to 5d1b96e6 
Dealt to 4cd16500 
Dealt to Hero [Js Jh]
Dealt to 3f253dbc 
Dealt to 6223dd07 
3f253dbc: folds
6223dd07: folds
9d832308: folds
5d1b96e6: folds
4cd16500: folds
Uncalled bet ($0.03) returned to Hero
*** SHOWDOWN ***
Hero collected $0.04 from pot
*** SUMMARY ***
Total pot $0.04 | Rake $0 | Jackpot $0 | Bingo $0 | Fortune $0
Seat 1: 9d832308 folded before Flop (didn't bet)
Seat 2: 5d1b96e6 (button) folded before Flop (didn't bet)
Seat 3: 4cd16500 (small blind) folded before Flop
Seat 4: Hero (big blind) collected ($0.04)
Seat 5: 3f253dbc folded before Flop (didn't bet)
Seat 6: 6223dd07 folded before Flop (didn't bet)


Poker Hand #HD1164533888: Hold'em No Limit  ($0.02/$0.05) - 2023/03/17 19:50:56
Table 'NLHBlue63' 6-max Seat #1 is the button
Seat 1: 9d832308 ($10.41 in chips)
Seat 2: 5d1b96e6 ($5.26 in chips)
Seat 3: 4cd16500 ($2.87 in chips)
Seat 4: Hero ($5 in chips)
Seat 5: 3f253dbc ($6.98 in chips)
Seat 6: 6223dd07 ($5.44 in chips)
5d1b96e6: posts small blind $0.02
4cd16500: posts big blind $0.05
*** HOLE CARDS ***
Dealt to 9d832308 
Dealt to 5d1b96e6 
Dealt to 4cd16500 
Dealt to Hero [2d 2h]
Dealt to 3f253dbc 
Dealt to 6223dd07 
Hero: raises $0.07 to $0.12
3f253dbc: folds
6223dd07: folds
9d832308: folds
5d1b96e6: folds
4cd16500: folds
Uncalled bet ($0.07) returned to Hero
*** SHOWDOWN ***
Hero collected $0.12 from pot
*** SUMMARY ***
Total pot $0.12 | Rake $0 | Jackpot $0 | Bingo $0 | Fortune $0
Seat 1: 9d832308 (button) folded before Flop (didn't bet)
Seat 2: 5d1b96e6 (small blind) folded before Flop
Seat 3: 4cd16500 (big blind) folded before Flop
Seat 4: Hero collected ($0.12)
Seat 5: 3f253dbc folded before Flop (didn't bet)
Seat 6: 6223dd07 folded before Flop (didn't bet)


Poker Hand #HD1164533696: Hold'em No Limit  ($0.02/$0.05) - 2023/03/17 19:49:40
Table 'NLHBlue63' 6-max Seat #6 is the button
Seat 1: 9d832308 ($10.69 in chips)
Seat 2: 5d1b96e6 ($5 in chips)
Seat 3: 4cd16500 ($2.87 in chips)
Seat 4: Hero ($5 in chips)
Seat 5: 3f253dbc ($6.98 in chips)
Seat 6: 6223dd07 ($5.44 in chips)
9d832308: posts small blind $0.02
5d1b96e6: posts big blind $0.05
*** HOLE CARDS ***
Dealt to 9d832308 
Dealt to 5d1b96e6 
Dealt to 4cd16500 
Dealt to Hero [5c 7s]
Dealt to 3f253dbc 
Dealt to 6223dd07 
4cd16500: folds
Hero: folds
3f253dbc: folds
6223dd07: folds
9d832308: raises $0.05 to $0.1
5d1b96e6: calls $0.05
*** FLOP *** [2d 8h Jc]
9d832308: checks
5d1b96e6: checks
*** TURN *** [2d 8h Jc] [3d]
9d832308: checks
5d1b96e6: bets $0.18
9d832308: calls $0.18
*** RIVER *** [2d 8h Jc 3d] [7c]
9d832308: checks
5d1b96e6: bets $0.19
9d832308: folds
Uncalled bet ($0.19) returned to 5d1b96e6
*** SHOWDOWN ***
5d1b96e6 collected $0.54 from pot
*** SUMMARY ***
Total pot $0.56 | Rake $0.02 | Jackpot $0 | Bingo $0 | Fortune $0
Board [2d 8h Jc 3d 7c]
Seat 1: 9d832308 (small blind) folded on the River
Seat 2: 5d1b96e6 (big blind) won ($0.54)
Seat 3: 4cd16500 folded before Flop (didn't bet)
Seat 4: Hero folded before Flop (didn't bet)
Seat 5: 3f253dbc folded before Flop (didn't bet)
Seat 6: 6223dd07 (button) folded before Flop (didn't bet)


Poker Hand #HD1164533668: Hold'em No Limit  ($0.02/$0.05) - 2023/03/17 19:49:30
Table 'NLHBlue63' 6-max Seat #5 is the button
Seat 1: 9d832308 ($10.67 in chips)
Seat 3: 4cd16500 ($2.87 in chips)
Seat 4: Hero ($5 in chips)
Seat 5: 3f253dbc ($6.98 in chips)
Seat 6: 6223dd07 ($5.46 in chips)
6223dd07: posts small blind $0.02
9d832308: posts big blind $0.05
*** HOLE CARDS ***
Dealt to 9d832308 
Dealt to 4cd16500 
Dealt to Hero [Kd 9h]
Dealt to 3f253dbc 
Dealt to 6223dd07 
4cd16500: folds
Hero: folds
3f253dbc: folds
6223dd07: folds
Uncalled bet ($0.03) returned to 9d832308
*** SHOWDOWN ***
9d832308 collected $0.04 from pot
*** SUMMARY ***
Total pot $0.04 | Rake $0 | Jackpot $0 | Bingo $0 | Fortune $0
Seat 1: 9d832308 (big blind) collected ($0.04)
Seat 3: 4cd16500 folded before Flop (didn't bet)
Seat 4: Hero folded before Flop (didn't bet)
Seat 5: 3f253dbc (button) folded before Flop (didn't bet)
Seat 6: 6223dd07 (small blind) folded before Flop


Poker Hand #HD1164533561: Hold'em No Limit  ($0.02/$0.05) - 2023/03/17 19:48:45
Table 'NLHBlue63' 6-max Seat #4 is the button
Seat 1: 9d832308 ($10.48 in chips)
Seat 3: 4cd16500 ($2.87 in chips)
Seat 4: Hero ($5 in chips)
Seat 5: 3f253dbc ($7.08 in chips)
Seat 6: 6223dd07 ($5.56 in chips)
3f253dbc: posts small blind $0.02
6223dd07: posts big blind $0.05
*** HOLE CARDS ***
Dealt to 9d832308 
Dealt to 4cd16500 
Dealt to Hero [Ks 3c]
Dealt to 3f253dbc 
Dealt to 6223dd07 
9d832308: raises $0.05 to $0.1
4cd16500: folds
Hero: folds
3f253dbc: calls $0.08
6223dd07: calls $0.05
*** FLOP *** [As 9c Ad]
3f253dbc: checks
6223dd07: checks
9d832308: bets $0.1
3f253dbc: folds
6223dd07: folds
Uncalled bet ($0.1) returned to 9d832308
*** SHOWDOWN ***
9d832308 collected $0.29 from pot
*** SUMMARY ***
Total pot $0.3 | Rake $0.01 | Jackpot $0 | Bingo $0 | Fortune $0
Board [As 9c Ad]
Seat 1: 9d832308 won ($0.29)
Seat 3: 4cd16500 folded before Flop (didn't bet)
Seat 4: Hero (button) folded before Flop (didn't bet)
Seat 5: 3f253dbc (small blind) folded on the Flop
Seat 6: 6223dd07 (big blind) folded on the Flop


Poker Hand #HD1164533502: Hold'em No Limit  ($0.02/$0.05) - 2023/03/17 19:48:21
Table 'NLHBlue63' 6-max Seat #3 is the button
Seat 1: 9d832308 ($10.48 in chips)
Seat 3: 4cd16500 ($2.8 in chips)
Seat 4: Hero ($5.02 in chips)
Seat 5: 3f253dbc ($7.13 in chips)
Seat 6: 6223dd07 ($5.56 in chips)
Hero: posts small blind $0.02
3f253dbc: posts big blind $0.05
*** HOLE CARDS ***
Dealt to 9d832308 
Dealt to 4cd16500 
Dealt to Hero [9s Th]
Dealt to 3f253dbc 
Dealt to 6223dd07 
6223dd07: folds
9d832308: folds
4cd16500: raises $0.1 to $0.15
Hero: folds
3f253dbc: folds
Uncalled bet ($0.1) returned to 4cd16500
*** SHOWDOWN ***
4cd16500 collected $0.12 from pot
*** SUMMARY ***
Total pot $0.12 | Rake $0 | Jackpot $0 | Bingo $0 | Fortune $0
Seat 1: 9d832308 folded before Flop (didn't bet)
Seat 3: 4cd16500 (button) collected ($0.12)
Seat 4: Hero (small blind) folded before Flop
Seat 5: 3f253dbc (big blind) folded before Flop
Seat 6: 6223dd07 folded before Flop (didn't bet)


Poker Hand #HD1164533471: Hold'em No Limit  ($0.02/$0.05) - 2023/03/17 19:48:08
Table 'NLHBlue63' 6-max Seat #1 is the button
Seat 1: 9d832308 ($10.48 in chips)
Seat 3: 4cd16500 ($2.82 in chips)
Seat 4: Hero ($5 in chips)
Seat 5: 3f253dbc ($7.13 in chips)
Seat 6: 6223dd07 ($5.56 in chips)
4cd16500: posts small blind $0.02
Hero: posts big blind $0.05
*** HOLE CARDS ***
Dealt to 9d832308 
Dealt to 4cd16500 
Dealt to Hero [8c 3h]
Dealt to 3f253dbc 
Dealt to 6223dd07 
3f253dbc: folds
6223dd07: folds
9d832308: folds
4cd16500: folds
Uncalled bet ($0.03) returned to Hero
*** SHOWDOWN ***
Hero collected $0.04 from pot
*** SUMMARY ***
Total pot $0.04 | Rake $0 | Jackpot $0 | Bingo $0 | Fortune $0
Seat 1: 9d832308 (button) folded before Flop (didn't bet)
Seat 3: 4cd16500 (small blind) folded before Flop
Seat 4: Hero (big blind) collected ($0.04)
Seat 5: 3f253dbc folded before Flop (didn't bet)
Seat 6: 6223dd07 folded before Flop (didn't bet)


Poker Hand #HD1164533314: Hold'em No Limit  ($0.02/$0.05) - 2023/03/17 19:47:10
Table 'NLHBlue63' 6-max Seat #6 is the button
Seat 1: 9d832308 ($10.5 in chips)
Seat 3: 4cd16500 ($3 in chips)
Seat 4: Hero ($5 in chips)
Seat 5: 3f253dbc ($7.13 in chips)
Seat 6: 6223dd07 ($5.72 in chips)
9d832308: posts small blind $0.02
4cd16500: posts big blind $0.05
*** HOLE CARDS ***
Dealt to 9d832308 
Dealt to 4cd16500 
Dealt to Hero [8h 4c]
Dealt to 3f253dbc 
Dealt to 6223dd07 
Hero: folds
3f253dbc: folds
6223dd07: raises $0.1 to $0.15
9d832308: folds
4cd16500: raises $0.24 to $0.39
6223dd07: raises $0.31 to $0.7
4cd16500: raises $2.3 to $3 and is all-in
6223dd07: calls $2.3
4cd16500: shows [Ad Kd]
6223dd07: shows [Kh Ah]
*** FLOP *** [Js 2h Tc]
*** TURN *** [Js 2h Tc] [8d]
*** RIVER *** [Js 2h Tc 8d] [4s]
*** SHOWDOWN ***
6223dd07 collected $2.84 from pot
4cd16500 collected $2.82 from pot
*** SUMMARY ***
Total pot $6.02 | Rake $0.31 | Jackpot $0.05 | Bingo $0 | Fortune $0
Board [Js 2h Tc 8d 4s]
Seat 1: 9d832308 (small blind) folded before Flop
Seat 3: 4cd16500 (big blind) showed [Ad Kd] and won ($2.82) with Ace-High
Seat 4: Hero folded before Flop (didn't bet)
Seat 5: 3f253dbc folded before Flop (didn't bet)
Seat 6: 6223dd07 (button) showed [Kh Ah] and won ($2.84) with Ace-High


Poker Hand #HD1164533284: Hold'em No Limit  ($0.02/$0.05) - 2023/03/17 19:46:59
Table 'NLHBlue63' 6-max Seat #5 is the button
Seat 1: 9d832308 ($10.48 in chips)
Seat 3: 4cd16500 ($3 in chips)
Seat 4: Hero ($5 in chips)
Seat 5: 3f253dbc ($7.13 in chips)
Seat 6: 6223dd07 ($5.74 in chips)
6223dd07: posts small blind $0.02
9d832308: posts big blind $0.05
*** HOLE CARDS ***
Dealt to 9d832308 
Dealt to 4cd16500 
Dealt to Hero [Tc 3h]
Dealt to 3f253dbc 
Dealt to 6223dd07 
4cd16500: folds
Hero: folds
3f253dbc: folds
6223dd07: folds
Uncalled bet ($0.03) returned to 9d832308
*** SHOWDOWN ***
9d832308 collected $0.04 from pot
*** SUMMARY ***
Total pot $0.04 | Rake $0 | Jackpot $0 | Bingo $0 | Fortune $0
Seat 1: 9d832308 (big blind) collected ($0.04)
Seat 3: 4cd16500 folded before Flop (didn't bet)
Seat 4: Hero folded before Flop (didn't bet)
Seat 5: 3f253dbc (button) folded before Flop (didn't bet)
Seat 6: 6223dd07 (small blind) folded before Flop


Poker Hand #HD1164533211: Hold'em No Limit  ($0.02/$0.05) - 2023/03/17 19:46:28
Table 'NLHBlue63' 6-max Seat #4 is the button
Seat 1: 9d832308 ($10.48 in chips)
Seat 3: 4cd16500 ($3 in chips)
Seat 4: Hero ($5 in chips)
Seat 5: 3f253dbc ($7.08 in chips)
Seat 6: 6223dd07 ($5.79 in chips)
3f253dbc: posts small blind $0.02
6223dd07: posts big blind $0.05
*** HOLE CARDS ***
Dealt to 9d832308 
Dealt to 4cd16500 
Dealt to Hero [Ac 2h]
Dealt to 3f253dbc 
Dealt to 6223dd07 
9d832308: folds
4cd16500: folds
Hero: folds
3f253dbc: calls $0.03
6223dd07: checks
*** FLOP *** [Jh 7c 4d]
3f253dbc: checks
6223dd07: checks
*** TURN *** [Jh 7c 4d] [Th]
3f253dbc: bets $0.05
6223dd07: folds
Uncalled bet ($0.05) returned to 3f253dbc
*** SHOWDOWN ***
3f253dbc collected $0.1 from pot
*** SUMMARY ***
Total pot $0.1 | Rake $0 | Jackpot $0 | Bingo $0 | Fortune $0
Board [Jh 7c 4d Th]
Seat 1: 9d832308 folded before Flop (didn't bet)
Seat 3: 4cd16500 folded before Flop (didn't bet)
Seat 4: Hero (button) folded before Flop (didn't bet)
Seat 5: 3f253dbc (small blind) won ($0.1)
Seat 6: 6223dd07 (big blind) folded on the Turn


Poker Hand #HD1164532997: Hold'em No Limit  ($0.02/$0.05) - 2023/03/17 19:45:10
Table 'NLHBlue63' 6-max Seat #3 is the button
Seat 1: 9d832308 ($10.48 in chips)
Seat 3: 4cd16500 ($3 in chips)
Seat 4: Hero ($5 in chips)
Seat 5: 3f253dbc ($7.43 in chips)
Seat 6: 6223dd07 ($5.45 in chips)
Hero: posts small blind $0.02
3f253dbc: posts big blind $0.05
*** HOLE CARDS ***
Dealt to 9d832308 
Dealt to 4cd16500 
Dealt to Hero [Kh 2d]
Dealt to 3f253dbc 
Dealt to 6223dd07 
6223dd07: raises $0.05 to $0.1
9d832308: folds
4cd16500: folds
Hero: folds
3f253dbc: calls $0.05
*** FLOP *** [7d Qc 5d]
3f253dbc: bets $0.1
6223dd07: calls $0.1
*** TURN *** [7d Qc 5d] [4c]
3f253dbc: bets $0.15
6223dd07: calls $0.15
*** RIVER *** [7d Qc 5d 4c] [Tc]
3f253dbc: checks
6223dd07: bets $0.75
3f253dbc: folds
Uncalled bet ($0.75) returned to 6223dd07
*** SHOWDOWN ***
6223dd07 collected $0.69 from pot
*** SUMMARY ***
Total pot $0.72 | Rake $0.03 | Jackpot $0 | Bingo $0 | Fortune $0
Board [7d Qc 5d 4c Tc]
Seat 1: 9d832308 folded before Flop (didn't bet)
Seat 3: 4cd16500 (button) folded before Flop (didn't bet)
Seat 4: Hero (small blind) folded before Flop
Seat 5: 3f253dbc (big blind) folded on the River
Seat 6: 6223dd07 won ($0.69)


Poker Hand #HD1164532939: Hold'em No Limit  ($0.02/$0.05) - 2023/03/17 19:44:50
Table 'NLHBlue63' 6-max Seat #1 is the button
Seat 1: 9d832308 ($10.48 in chips)
Seat 3: 4cd16500 ($3.02 in chips)
Seat 4: Hero ($5 in chips)
Seat 5: 3f253dbc ($7.43 in chips)
Seat 6: 6223dd07 ($5.38 in chips)
4cd16500: posts small blind $0.02
Hero: posts big blind $0.05
*** HOLE CARDS ***
Dealt to 9d832308 
Dealt to 4cd16500 
Dealt to Hero [7c 4c]
Dealt to 3f253dbc 
Dealt to 6223dd07 
3f253dbc: folds
6223dd07: raises $0.08 to $0.13
9d832308: folds
4cd16500: folds
Hero: folds
Uncalled bet ($0.08) returned to 6223dd07
*** SHOWDOWN ***
6223dd07 collected $0.12 from pot
*** SUMMARY ***
Total pot $0.12 | Rake $0 | Jackpot $0 | Bingo $0 | Fortune $0
Seat 1: 9d832308 (button) folded before Flop (didn't bet)
Seat 3: 4cd16500 (small blind) folded before Flop
Seat 4: Hero (big blind) folded before Flop
Seat 5: 3f253dbc folded before Flop (didn't bet)
Seat 6: 6223dd07 collected ($0.12)


