Poker Hand #HD1141826782: Hold'em No Limit  ($0.02/$0.05) - 2023/03/01 20:43:52
Table 'NLHBlue67' 6-max Seat #6 is the button
Seat 1: ae309201 ($6.15 in chips)
Seat 2: b8bc5c44 ($5.53 in chips)
Seat 3: Hero ($5.16 in chips)
Seat 4: 99ecd7c5 ($5.66 in chips)
Seat 5: 990bba90 ($5.56 in chips)
Seat 6: 5295bc83 ($13.32 in chips)
ae309201: posts small blind $0.02
b8bc5c44: posts big blind $0.05
*** HOLE CARDS ***
Dealt to ae309201 
Dealt to b8bc5c44 
Dealt to Hero [9c 8c]
Dealt to 99ecd7c5 
Dealt to 990bba90 
Dealt to 5295bc83 
Hero: raises $0.07 to $0.12
99ecd7c5: calls $0.12
990bba90: folds
5295bc83: folds
ae309201: folds
b8bc5c44: folds
*** FLOP *** [Qh 5d Qc]
Hero: bets $0.1
99ecd7c5: folds
Uncalled bet ($0.1) returned to Hero
*** SHOWDOWN ***
Hero collected $0.3 from pot
*** SUMMARY ***
Total pot $0.31 | Rake $0.01 | Jackpot $0 | Bingo $0 | Fortune $0
Board [Qh 5d Qc]
Seat 1: ae309201 (small blind) folded before Flop
Seat 2: b8bc5c44 (big blind) folded before Flop
Seat 3: Hero won ($0.3)
Seat 4: 99ecd7c5 folded on the Flop
Seat 5: 990bba90 folded before Flop (didn't bet)
Seat 6: 5295bc83 (button) folded before Flop (didn't bet)


Poker Hand #HD1141826734: Hold'em No Limit  ($0.02/$0.05) - 2023/03/01 20:43:33
Table 'NLHBlue67' 6-max Seat #5 is the button
Seat 1: ae309201 ($6.2 in chips)
Seat 2: b8bc5c44 ($5.53 in chips)
Seat 3: Hero ($5.16 in chips)
Seat 4: 99ecd7c5 ($5.59 in chips)
Seat 5: 990bba90 ($5.56 in chips)
Seat 6: 5295bc83 ($13.34 in chips)
5295bc83: posts small blind $0.02
ae309201: posts big blind $0.05
*** HOLE CARDS ***
Dealt to ae309201 
Dealt to b8bc5c44 
Dealt to Hero [Jd Ts]
Dealt to 99ecd7c5 
Dealt to 990bba90 
Dealt to 5295bc83 
b8bc5c44: folds
Hero: folds
99ecd7c5: raises $0.1 to $0.15
990bba90: folds
5295bc83: folds
ae309201: folds
Uncalled bet ($0.1) returned to 99ecd7c5
*** SHOWDOWN ***
99ecd7c5 collected $0.12 from pot
*** SUMMARY ***
Total pot $0.12 | Rake $0 | Jackpot $0 | Bingo $0 | Fortune $0
Seat 1: ae309201 (big blind) folded before Flop
Seat 2: b8bc5c44 folded before Flop (didn't bet)
Seat 3: Hero folded before Flop (didn't bet)
Seat 4: 99ecd7c5 collected ($0.12)
Seat 5: 990bba90 (button) folded before Flop (didn't bet)
Seat 6: 5295bc83 (small blind) folded before Flop


Poker Hand #HD1141826672: Hold'em No Limit  ($0.02/$0.05) - 2023/03/01 20:43:07
Table 'NLHBlue67' 6-max Seat #4 is the button
Seat 1: ae309201 ($6.25 in chips)
Seat 2: b8bc5c44 ($5.53 in chips)
Seat 3: Hero ($5.16 in chips)
Seat 4: 99ecd7c5 ($5.47 in chips)
Seat 5: 990bba90 ($5.58 in chips)
Seat 6: 5295bc83 ($13.39 in chips)
990bba90: posts small blind $0.02
5295bc83: posts big blind $0.05
*** HOLE CARDS ***
Dealt to ae309201 
Dealt to b8bc5c44 
Dealt to Hero [3c 2c]
Dealt to 99ecd7c5 
Dealt to 990bba90 
Dealt to 5295bc83 
ae309201: calls $0.05
b8bc5c44: folds
Hero: folds
99ecd7c5: raises $0.15 to $0.2
990bba90: folds
5295bc83: folds
ae309201: folds
Uncalled bet ($0.15) returned to 99ecd7c5
*** SHOWDOWN ***
99ecd7c5 collected $0.17 from pot
*** SUMMARY ***
Total pot $0.17 | Rake $0 | Jackpot $0 | Bingo $0 | Fortune $0
Seat 1: ae309201 folded before Flop
Seat 2: b8bc5c44 folded before Flop (didn't bet)
Seat 3: Hero folded before Flop (didn't bet)
Seat 4: 99ecd7c5 (button) collected ($0.17)
Seat 5: 990bba90 (small blind) folded before Flop
Seat 6: 5295bc83 (big blind) folded before Flop


Poker Hand #HD1141826511: Hold'em No Limit  ($0.02/$0.05) - 2023/03/01 20:42:05
Table 'NLHBlue67' 6-max Seat #3 is the button
Seat 1: ae309201 ($6.21 in chips)
Seat 2: b8bc5c44 ($5.5 in chips)
Seat 3: Hero ($5.16 in chips)
Seat 4: 99ecd7c5 ($5.49 in chips)
Seat 5: 990bba90 ($5.63 in chips)
Seat 6: 5295bc83 ($13.39 in chips)
99ecd7c5: posts small blind $0.02
990bba90: posts big blind $0.05
*** HOLE CARDS ***
Dealt to ae309201 
Dealt to b8bc5c44 
Dealt to Hero [5d Qs]
Dealt to 99ecd7c5 
Dealt to 990bba90 
Dealt to 5295bc83 
5295bc83: folds
ae309201: raises $0.05 to $0.1
b8bc5c44: calls $0.1
Hero: folds
99ecd7c5: folds
990bba90: folds
*** FLOP *** [8h 6c 8d]
ae309201: checks
b8bc5c44: checks
*** TURN *** [8h 6c 8d] [Th]
ae309201: checks
b8bc5c44: checks
*** RIVER *** [8h 6c 8d Th] [Ts]
ae309201: checks
b8bc5c44: checks
ae309201: shows [9s Js] (Pair of Tens and Pair of Eights)
b8bc5c44: shows [Jd 7d] (Pair of Tens and Pair of Eights)
*** SHOWDOWN ***
ae309201 collected $0.14 from pot
b8bc5c44 collected $0.13 from pot
*** SUMMARY ***
Total pot $0.27 | Rake $0 | Jackpot $0 | Bingo $0 | Fortune $0
Board [8h 6c 8d Th Ts]
Seat 1: ae309201 showed [9s Js] and won ($0.14) with Pair of Tens and Pair of Eights
Seat 2: b8bc5c44 showed [Jd 7d] and won ($0.13) with Pair of Tens and Pair of Eights
Seat 3: Hero (button) folded before Flop (didn't bet)
Seat 4: 99ecd7c5 (small blind) folded before Flop
Seat 5: 990bba90 (big blind) folded before Flop
Seat 6: 5295bc83 folded before Flop (didn't bet)


Poker Hand #HD1141826480: Hold'em No Limit  ($0.02/$0.05) - 2023/03/01 20:41:53
Table 'NLHBlue67' 6-max Seat #2 is the button
Seat 2: b8bc5c44 ($5.5 in chips)
Seat 3: Hero ($5.18 in chips)
Seat 4: 99ecd7c5 ($5.47 in chips)
Seat 5: 990bba90 ($5.63 in chips)
Seat 6: 5295bc83 ($13.39 in chips)
Hero: posts small blind $0.02
99ecd7c5: posts big blind $0.05
*** HOLE CARDS ***
Dealt to b8bc5c44 
Dealt to Hero [4c Js]
Dealt to 99ecd7c5 
Dealt to 990bba90 
Dealt to 5295bc83 
990bba90: folds
5295bc83: folds
b8bc5c44: folds
Hero: folds
Uncalled bet ($0.03) returned to 99ecd7c5
*** SHOWDOWN ***
99ecd7c5 collected $0.04 from pot
*** SUMMARY ***
Total pot $0.04 | Rake $0 | Jackpot $0 | Bingo $0 | Fortune $0
Seat 2: b8bc5c44 (button) folded before Flop (didn't bet)
Seat 3: Hero (small blind) folded before Flop
Seat 4: 99ecd7c5 (big blind) collected ($0.04)
Seat 5: 990bba90 folded before Flop (didn't bet)
Seat 6: 5295bc83 folded before Flop (didn't bet)


Poker Hand #HD1141826404: Hold'em No Limit  ($0.02/$0.05) - 2023/03/01 20:41:25
Table 'NLHBlue67' 6-max Seat #1 is the button
Seat 1: ae309201 ($6.21 in chips)
Seat 2: b8bc5c44 ($5.52 in chips)
Seat 3: Hero ($5.16 in chips)
Seat 4: 99ecd7c5 ($5.47 in chips)
Seat 5: 990bba90 ($5.63 in chips)
Seat 6: 5295bc83 ($13.39 in chips)
b8bc5c44: posts small blind $0.02
Hero: posts big blind $0.05
*** HOLE CARDS ***
Dealt to ae309201 
Dealt to b8bc5c44 
Dealt to Hero [4s 6h]
Dealt to 99ecd7c5 
Dealt to 990bba90 
Dealt to 5295bc83 
99ecd7c5: folds
990bba90: folds
5295bc83: folds
ae309201: folds
b8bc5c44: folds
Uncalled bet ($0.03) returned to Hero
*** SHOWDOWN ***
Hero collected $0.04 from pot
*** SUMMARY ***
Total pot $0.04 | Rake $0 | Jackpot $0 | Bingo $0 | Fortune $0
Seat 1: ae309201 (button) folded before Flop (didn't bet)
Seat 2: b8bc5c44 (small blind) folded before Flop
Seat 3: Hero (big blind) collected ($0.04)
Seat 4: 99ecd7c5 folded before Flop (didn't bet)
Seat 5: 990bba90 folded before Flop (didn't bet)
Seat 6: 5295bc83 folded before Flop (didn't bet)


Poker Hand #HD1141826255: Hold'em No Limit  ($0.02/$0.05) - 2023/03/01 20:40:21
Table 'NLHBlue67' 6-max Seat #6 is the button
Seat 1: ae309201 ($6.23 in chips)
Seat 2: b8bc5c44 ($5.57 in chips)
Seat 3: Hero ($5.16 in chips)
Seat 4: 99ecd7c5 ($6.14 in chips)
Seat 5: 990bba90 ($6.3 in chips)
Seat 6: 5295bc83 ($12.13 in chips)
ae309201: posts small blind $0.02
b8bc5c44: posts big blind $0.05
*** HOLE CARDS ***
Dealt to ae309201 
Dealt to b8bc5c44 
Dealt to Hero [9d 2d]
Dealt to 99ecd7c5 
Dealt to 990bba90 
Dealt to 5295bc83 
Hero: folds
99ecd7c5: raises $0.1 to $0.15
990bba90: calls $0.15
5295bc83: raises $0.52 to $0.67
ae309201: folds
b8bc5c44: folds
99ecd7c5: calls $0.52
990bba90: calls $0.52
*** FLOP *** [Tc 8d 9s]
99ecd7c5: checks
990bba90: checks
5295bc83: bets $11.46 and is all-in
99ecd7c5: folds
990bba90: folds
Uncalled bet ($11.46) returned to 5295bc83
*** SHOWDOWN ***
5295bc83 collected $1.93 from pot
*** SUMMARY ***
Total pot $2.08 | Rake $0.1 | Jackpot $0.05 | Bingo $0 | Fortune $0
Board [Tc 8d 9s]
Seat 1: ae309201 (small blind) folded before Flop
Seat 2: b8bc5c44 (big blind) folded before Flop
Seat 3: Hero folded before Flop (didn't bet)
Seat 4: 99ecd7c5 folded on the Flop
Seat 5: 990bba90 folded on the Flop
Seat 6: 5295bc83 (button) won ($1.93)


Poker Hand #HD1141826093: Hold'em No Limit  ($0.02/$0.05) - 2023/03/01 20:39:22
Table 'NLHBlue67' 6-max Seat #5 is the button
Seat 1: ae309201 ($6.28 in chips)
Seat 2: b8bc5c44 ($5.57 in chips)
Seat 3: Hero ($5 in chips)
Seat 4: 99ecd7c5 ($6.14 in chips)
Seat 5: 990bba90 ($6.3 in chips)
Seat 6: 5295bc83 ($12.25 in chips)
5295bc83: posts small blind $0.02
ae309201: posts big blind $0.05
*** HOLE CARDS ***
Dealt to ae309201 
Dealt to b8bc5c44 
Dealt to Hero [2h 2c]
Dealt to 99ecd7c5 
Dealt to 990bba90 
Dealt to 5295bc83 
b8bc5c44: folds
Hero: raises $0.07 to $0.12
99ecd7c5: folds
990bba90: folds
5295bc83: calls $0.1
ae309201: folds
*** FLOP *** [Kc 6c 5c]
5295bc83: checks
Hero: checks
*** TURN *** [Kc 6c 5c] [Qh]
5295bc83: checks
Hero: checks
*** RIVER *** [Kc 6c 5c Qh] [Qd]
5295bc83: checks
Hero: checks
5295bc83: shows [Tc Jd] (Pair of Queens)
Hero: shows [2h 2c] (Pair of Queens and Pair of Twos)
*** SHOWDOWN ***
Hero collected $0.28 from pot
*** SUMMARY ***
Total pot $0.29 | Rake $0.01 | Jackpot $0 | Bingo $0 | Fortune $0
Board [Kc 6c 5c Qh Qd]
Seat 1: ae309201 (big blind) folded before Flop
Seat 2: b8bc5c44 folded before Flop (didn't bet)
Seat 3: Hero showed [2h 2c] and won ($0.28) with Pair of Queens and Pair of Twos
Seat 4: 99ecd7c5 folded before Flop (didn't bet)
Seat 5: 990bba90 (button) folded before Flop (didn't bet)
Seat 6: 5295bc83 (small blind) showed [Tc Jd] and lost with Pair of Queens


Poker Hand #HD1141826057: Hold'em No Limit  ($0.02/$0.05) - 2023/03/01 20:39:08
Table 'NLHBlue67' 6-max Seat #4 is the button
Seat 1: ae309201 ($6.21 in chips)
Seat 2: b8bc5c44 ($5.57 in chips)
Seat 3: Hero ($5 in chips)
Seat 4: 99ecd7c5 ($6.14 in chips)
Seat 5: 990bba90 ($6.32 in chips)
Seat 6: 5295bc83 ($12.3 in chips)
990bba90: posts small blind $0.02
5295bc83: posts big blind $0.05
*** HOLE CARDS ***
Dealt to ae309201 
Dealt to b8bc5c44 
Dealt to Hero [5d 8c]
Dealt to 99ecd7c5 
Dealt to 990bba90 
Dealt to 5295bc83 
ae309201: raises $0.1 to $0.15
b8bc5c44: folds
Hero: folds
99ecd7c5: folds
990bba90: folds
5295bc83: folds
Uncalled bet ($0.1) returned to ae309201
*** SHOWDOWN ***
ae309201 collected $0.12 from pot
*** SUMMARY ***
Total pot $0.12 | Rake $0 | Jackpot $0 | Bingo $0 | Fortune $0
Seat 1: ae309201 collected ($0.12)
Seat 2: b8bc5c44 folded before Flop (didn't bet)
Seat 3: Hero folded before Flop (didn't bet)
Seat 4: 99ecd7c5 (button) folded before Flop (didn't bet)
Seat 5: 990bba90 (small blind) folded before Flop
Seat 6: 5295bc83 (big blind) folded before Flop


Poker Hand #HD1141825923: Hold'em No Limit  ($0.02/$0.05) - 2023/03/01 20:38:20
Table 'NLHBlue67' 6-max Seat #3 is the button
Seat 1: ae309201 ($6.21 in chips)
Seat 2: b8bc5c44 ($5.5 in chips)
Seat 3: Hero ($5 in chips)
Seat 4: 99ecd7c5 ($6.16 in chips)
Seat 5: 990bba90 ($6.37 in chips)
Seat 6: 5295bc83 ($12.3 in chips)
99ecd7c5: posts small blind $0.02
990bba90: posts big blind $0.05
*** HOLE CARDS ***
Dealt to ae309201 
Dealt to b8bc5c44 
Dealt to Hero [Jc 2s]
Dealt to 99ecd7c5 
Dealt to 990bba90 
Dealt to 5295bc83 
5295bc83: folds
ae309201: folds
b8bc5c44: calls $0.05
Hero: folds
99ecd7c5: folds
990bba90: checks
*** FLOP *** [5c As 5d]
990bba90: checks
b8bc5c44: checks
*** TURN *** [5c As 5d] [2d]
990bba90: checks
b8bc5c44: checks
*** RIVER *** [5c As 5d 2d] [Tc]
990bba90: checks
b8bc5c44: checks
990bba90: shows [3d 7d] (Pair of Fives)
b8bc5c44: shows [Qd Kd] (Pair of Fives)
*** SHOWDOWN ***
b8bc5c44 collected $0.12 from pot
*** SUMMARY ***
Total pot $0.12 | Rake $0 | Jackpot $0 | Bingo $0 | Fortune $0
Board [5c As 5d 2d Tc]
Seat 1: ae309201 folded before Flop (didn't bet)
Seat 2: b8bc5c44 showed [Qd Kd] and won ($0.12) with Pair of Fives
Seat 3: Hero (button) folded before Flop (didn't bet)
Seat 4: 99ecd7c5 (small blind) folded before Flop
Seat 5: 990bba90 (big blind) showed [3d 7d] and lost with Pair of Fives
Seat 6: 5295bc83 folded before Flop (didn't bet)


Poker Hand #HD1141825787: Hold'em No Limit  ($0.02/$0.05) - 2023/03/01 20:37:28
Table 'NLHBlue67' 6-max Seat #2 is the button
Seat 1: ae309201 ($6.59 in chips)
Seat 2: b8bc5c44 ($5.1 in chips)
Seat 3: Hero ($5 in chips)
Seat 4: 99ecd7c5 ($6.21 in chips)
Seat 5: 990bba90 ($6.37 in chips)
Seat 6: 5295bc83 ($12.3 in chips)
Hero: posts small blind $0.02
99ecd7c5: posts big blind $0.05
*** HOLE CARDS ***
Dealt to ae309201 
Dealt to b8bc5c44 
Dealt to Hero [Ks 4d]
Dealt to 99ecd7c5 
Dealt to 990bba90 
Dealt to 5295bc83 
990bba90: folds
5295bc83: folds
ae309201: raises $0.1 to $0.15
b8bc5c44: calls $0.15
Hero: folds
99ecd7c5: folds
*** FLOP *** [Kh 8s 5h]
ae309201: bets $0.23
b8bc5c44: raises $0.23 to $0.46
ae309201: folds
Uncalled bet ($0.23) returned to b8bc5c44
*** SHOWDOWN ***
b8bc5c44 collected $0.78 from pot
*** SUMMARY ***
Total pot $0.83 | Rake $0.05 | Jackpot $0 | Bingo $0 | Fortune $0
Board [Kh 8s 5h]
Seat 1: ae309201 folded on the Flop
Seat 2: b8bc5c44 (button) won ($0.78)
Seat 3: Hero (small blind) folded before Flop
Seat 4: 99ecd7c5 (big blind) folded before Flop
Seat 5: 990bba90 folded before Flop (didn't bet)
Seat 6: 5295bc83 folded before Flop (didn't bet)


Poker Hand #HD1141765545: Hold'em No Limit  ($0.02/$0.05) - 2023/03/01 20:35:56
Table 'NLHBlue67' 6-max Seat #1 is the button
Seat 1: ae309201 ($6.59 in chips)
Seat 2: b8bc5c44 ($5.12 in chips)
Seat 3: Hero ($5.07 in chips)
Seat 5: 990bba90 ($6.37 in chips)
Seat 6: 5295bc83 ($7.76 in chips)
b8bc5c44: posts small blind $0.02
Hero: posts big blind $0.05
*** HOLE CARDS ***
Dealt to ae309201 
Dealt to b8bc5c44 
Dealt to Hero [9c 9s]
Dealt to 990bba90 
Dealt to 5295bc83 
990bba90: folds
5295bc83: raises $0.08 to $0.13
ae309201: folds
b8bc5c44: folds
Hero: raises $0.31 to $0.44
5295bc83: raises $0.9 to $1.34
Hero: calls $0.9
*** FLOP *** [4c 5c 2h]
Hero: checks
5295bc83: bets $1.35
Hero: calls $1.35
*** TURN *** [4c 5c 2h] [Qc]
Hero: checks
5295bc83: bets $2.7
Hero: calls $2.38 and is all-in
Uncalled bet ($0.32) returned to 5295bc83
5295bc83: shows [Qs Qd] (Three Queens)
Hero: shows [9c 9s] (Pair of Nines)
*** RIVER *** [4c 5c 2h Qc] [9d]
*** SHOWDOWN ***
5295bc83 collected $9.61 from pot
*** SUMMARY ***
Total pot $10.16 | Rake $0.5 | Jackpot $0.05 | Bingo $0 | Fortune $0
Board [4c 5c 2h Qc 9d]
Seat 1: ae309201 (button) folded before Flop (didn't bet)
Seat 2: b8bc5c44 (small blind) folded before Flop
Seat 3: Hero (big blind) showed [9c 9s] and lost with Three Nines
Seat 5: 990bba90 folded before Flop (didn't bet)
Seat 6: 5295bc83 showed [Qs Qd] and won ($9.61) with Three Queens


Poker Hand #HD1141765494: Hold'em No Limit  ($0.02/$0.05) - 2023/03/01 20:35:38
Table 'NLHBlue67' 6-max Seat #6 is the button
Seat 1: ae309201 ($6.61 in chips)
Seat 2: b8bc5c44 ($5.17 in chips)
Seat 3: Hero ($5 in chips)
Seat 5: 990bba90 ($6.37 in chips)
Seat 6: 5295bc83 ($7.76 in chips)
ae309201: posts small blind $0.02
b8bc5c44: posts big blind $0.05
*** HOLE CARDS ***
Dealt to ae309201 
Dealt to b8bc5c44 
Dealt to Hero [Ad Th]
Dealt to 990bba90 
Dealt to 5295bc83 
Hero: raises $0.07 to $0.12
990bba90: folds
5295bc83: folds
ae309201: folds
b8bc5c44: folds
Uncalled bet ($0.07) returned to Hero
*** SHOWDOWN ***
Hero collected $0.12 from pot
*** SUMMARY ***
Total pot $0.12 | Rake $0 | Jackpot $0 | Bingo $0 | Fortune $0
Seat 1: ae309201 (small blind) folded before Flop
Seat 2: b8bc5c44 (big blind) folded before Flop
Seat 3: Hero collected ($0.12)
Seat 5: 990bba90 folded before Flop (didn't bet)
Seat 6: 5295bc83 (button) folded before Flop (didn't bet)


Poker Hand #HD1141765413: Hold'em No Limit  ($0.02/$0.05) - 2023/03/01 20:35:08
Table 'NLHBlue67' 6-max Seat #5 is the button
Seat 1: ae309201 ($6.66 in chips)
Seat 2: b8bc5c44 ($5.1 in chips)
Seat 3: Hero ($5 in chips)
Seat 5: 990bba90 ($6.37 in chips)
Seat 6: 5295bc83 ($7.78 in chips)
5295bc83: posts small blind $0.02
ae309201: posts big blind $0.05
*** HOLE CARDS ***
Dealt to ae309201 
Dealt to b8bc5c44 
Dealt to Hero [Ac 3d]
Dealt to 990bba90 
Dealt to 5295bc83 
b8bc5c44: calls $0.05
Hero: folds
990bba90: folds
5295bc83: folds
ae309201: checks
*** FLOP *** [8h Ts Tc]
ae309201: checks
b8bc5c44: bets $0.06
ae309201: folds
Uncalled bet ($0.06) returned to b8bc5c44
*** SHOWDOWN ***
b8bc5c44 collected $0.12 from pot
*** SUMMARY ***
Total pot $0.12 | Rake $0 | Jackpot $0 | Bingo $0 | Fortune $0
Board [8h Ts Tc]
Seat 1: ae309201 (big blind) folded on the Flop
Seat 2: b8bc5c44 won ($0.12)
Seat 3: Hero folded before Flop (didn't bet)
Seat 5: 990bba90 (button) folded before Flop (didn't bet)
Seat 6: 5295bc83 (small blind) folded before Flop


Poker Hand #HD1141765350: Hold'em No Limit  ($0.02/$0.05) - 2023/03/01 20:34:47
Table 'NLHBlue67' 6-max Seat #3 is the button
Seat 1: ae309201 ($6.66 in chips)
Seat 2: b8bc5c44 ($5.1 in chips)
Seat 3: Hero ($5 in chips)
Seat 5: 990bba90 ($6.32 in chips)
Seat 6: 5295bc83 ($7.83 in chips)
990bba90: posts small blind $0.02
5295bc83: posts big blind $0.05
*** HOLE CARDS ***
Dealt to ae309201 
Dealt to b8bc5c44 
Dealt to Hero [Kh 6s]
Dealt to 990bba90 
Dealt to 5295bc83 
ae309201: folds
b8bc5c44: folds
Hero: folds
990bba90: raises $0.1 to $0.15
5295bc83: folds
Uncalled bet ($0.1) returned to 990bba90
*** SHOWDOWN ***
990bba90 collected $0.1 from pot
*** SUMMARY ***
Total pot $0.1 | Rake $0 | Jackpot $0 | Bingo $0 | Fortune $0
Seat 1: ae309201 folded before Flop (didn't bet)
Seat 2: b8bc5c44 folded before Flop (didn't bet)
Seat 3: Hero (button) folded before Flop (didn't bet)
Seat 5: 990bba90 (small blind) collected ($0.1)
Seat 6: 5295bc83 (big blind) folded before Flop


Poker Hand #HD1141765293: Hold'em No Limit  ($0.02/$0.05) - 2023/03/01 20:34:23
Table 'NLHBlue67' 6-max Seat #2 is the button
Seat 1: ae309201 ($6.66 in chips)
Seat 2: b8bc5c44 ($5.1 in chips)
Seat 3: Hero ($5.02 in chips)
Seat 4: 99ecd7c5 ($6.26 in chips)
Seat 5: 990bba90 ($6.32 in chips)
Seat 6: 5295bc83 ($7.76 in chips)
Hero: posts small blind $0.02
99ecd7c5: posts big blind $0.05
*** HOLE CARDS ***
Dealt to ae309201 
Dealt to b8bc5c44 
Dealt to Hero [7h 5c]
Dealt to 99ecd7c5 
Dealt to 990bba90 
Dealt to 5295bc83 
990bba90: folds
5295bc83: raises $0.08 to $0.13
ae309201: folds
b8bc5c44: folds
Hero: folds
99ecd7c5: folds
Uncalled bet ($0.08) returned to 5295bc83
*** SHOWDOWN ***
5295bc83 collected $0.12 from pot
*** SUMMARY ***
Total pot $0.12 | Rake $0 | Jackpot $0 | Bingo $0 | Fortune $0
Seat 1: ae309201 folded before Flop (didn't bet)
Seat 2: b8bc5c44 (button) folded before Flop (didn't bet)
Seat 3: Hero (small blind) folded before Flop
Seat 4: 99ecd7c5 (big blind) folded before Flop
Seat 5: 990bba90 folded before Flop (didn't bet)
Seat 6: 5295bc83 collected ($0.12)


Poker Hand #HD1141765144: Hold'em No Limit  ($0.02/$0.05) - 2023/03/01 20:33:23
Table 'NLHBlue67' 6-max Seat #1 is the button
Seat 1: ae309201 ($6.79 in chips)
Seat 2: b8bc5c44 ($4.81 in chips)
Seat 3: Hero ($5.07 in chips)
Seat 4: 99ecd7c5 ($6.26 in chips)
Seat 5: 990bba90 ($6.32 in chips)
Seat 6: 5295bc83 ($7.89 in chips)
b8bc5c44: posts small blind $0.02
Hero: posts big blind $0.05
*** HOLE CARDS ***
Dealt to ae309201 
Dealt to b8bc5c44 
Dealt to Hero [2d 4d]
Dealt to 99ecd7c5 
Dealt to 990bba90 
Dealt to 5295bc83 
99ecd7c5: folds
990bba90: folds
5295bc83: raises $0.08 to $0.13
ae309201: calls $0.13
b8bc5c44: calls $0.11
Hero: folds
*** FLOP *** [2h 5s 8d]
b8bc5c44: checks
5295bc83: checks
ae309201: checks
*** TURN *** [2h 5s 8d] [2c]
b8bc5c44: checks
5295bc83: checks
ae309201: checks
*** RIVER *** [2h 5s 8d 2c] [2s]
b8bc5c44: checks
5295bc83: checks
ae309201: checks
b8bc5c44: shows [7c Ac] (Three Twos)
5295bc83: shows [Qh Jd] (Three Twos)
ae309201: shows [Js 9s] (Three Twos)
*** SHOWDOWN ***
b8bc5c44 collected $0.42 from pot
*** SUMMARY ***
Total pot $0.44 | Rake $0.02 | Jackpot $0 | Bingo $0 | Fortune $0
Board [2h 5s 8d 2c 2s]
Seat 1: ae309201 (button) showed [Js 9s] and lost with Three Twos
Seat 2: b8bc5c44 (small blind) showed [7c Ac] and won ($0.42) with Three Twos
Seat 3: Hero (big blind) folded before Flop
Seat 4: 99ecd7c5 folded before Flop (didn't bet)
Seat 5: 990bba90 folded before Flop (didn't bet)
Seat 6: 5295bc83 showed [Qh Jd] and lost with Three Twos


Poker Hand #HD1141764989: Hold'em No Limit  ($0.02/$0.05) - 2023/03/01 20:32:15
Table 'NLHBlue67' 6-max Seat #6 is the button
Seat 1: ae309201 ($6.01 in chips)
Seat 2: b8bc5c44 ($4.86 in chips)
Seat 3: Hero ($5.07 in chips)
Seat 4: 99ecd7c5 ($6.26 in chips)
Seat 5: 990bba90 ($6.32 in chips)
Seat 6: 5295bc83 ($8.75 in chips)
ae309201: posts small blind $0.02
b8bc5c44: posts big blind $0.05
*** HOLE CARDS ***
Dealt to ae309201 
Dealt to b8bc5c44 
Dealt to Hero [2c Tc]
Dealt to 99ecd7c5 
Dealt to 990bba90 
Dealt to 5295bc83 
Hero: folds
99ecd7c5: folds
990bba90: folds
5295bc83: raises $0.08 to $0.13
ae309201: calls $0.11
b8bc5c44: folds
*** FLOP *** [4c Qd 8h]
ae309201: checks
5295bc83: bets $0.21
ae309201: calls $0.21
*** TURN *** [4c Qd 8h] [5s]
ae309201: checks
5295bc83: bets $0.52
ae309201: calls $0.52
*** RIVER *** [4c Qd 8h 5s] [6s]
ae309201: checks
5295bc83: checks
ae309201: shows [7d 8d] (Eights-High Straight)
5295bc83: shows [9d 9c] (Pair of Nines)
*** SHOWDOWN ***
ae309201 collected $1.64 from pot
*** SUMMARY ***
Total pot $1.77 | Rake $0.08 | Jackpot $0.05 | Bingo $0 | Fortune $0
Board [4c Qd 8h 5s 6s]
Seat 1: ae309201 (small blind) showed [7d 8d] and won ($1.64) with Eights-High Straight
Seat 2: b8bc5c44 (big blind) folded before Flop
Seat 3: Hero folded before Flop (didn't bet)
Seat 4: 99ecd7c5 folded before Flop (didn't bet)
Seat 5: 990bba90 folded before Flop (didn't bet)
Seat 6: 5295bc83 (button) showed [9d 9c] and lost with Pair of Nines


Poker Hand #HD1141764902: Hold'em No Limit  ($0.02/$0.05) - 2023/03/01 20:31:40
Table 'NLHBlue67' 6-max Seat #5 is the button
Seat 1: ae309201 ($6.14 in chips)
Seat 2: b8bc5c44 ($4.86 in chips)
Seat 3: Hero ($5.07 in chips)
Seat 4: 99ecd7c5 ($6.26 in chips)
Seat 5: 990bba90 ($6.32 in chips)
Seat 6: 5295bc83 ($8.63 in chips)
5295bc83: posts small blind $0.02
ae309201: posts big blind $0.05
*** HOLE CARDS ***
Dealt to ae309201 
Dealt to b8bc5c44 
Dealt to Hero [5h Ts]
Dealt to 99ecd7c5 
Dealt to 990bba90 
Dealt to 5295bc83 
b8bc5c44: folds
Hero: folds
99ecd7c5: folds
990bba90: folds
5295bc83: raises $0.08 to $0.13
ae309201: calls $0.08
*** FLOP *** [5s Ad 4s]
5295bc83: bets $0.09
ae309201: folds
Uncalled bet ($0.09) returned to 5295bc83
*** SHOWDOWN ***
5295bc83 collected $0.25 from pot
*** SUMMARY ***
Total pot $0.26 | Rake $0.01 | Jackpot $0 | Bingo $0 | Fortune $0
Board [5s Ad 4s]
Seat 1: ae309201 (big blind) folded on the Flop
Seat 2: b8bc5c44 folded before Flop (didn't bet)
Seat 3: Hero folded before Flop (didn't bet)
Seat 4: 99ecd7c5 folded before Flop (didn't bet)
Seat 5: 990bba90 (button) folded before Flop (didn't bet)
Seat 6: 5295bc83 (small blind) won ($0.25)


Poker Hand #HD1141764855: Hold'em No Limit  ($0.02/$0.05) - 2023/03/01 20:31:20
Table 'NLHBlue67' 6-max Seat #4 is the button
Seat 1: ae309201 ($6.07 in chips)
Seat 2: b8bc5c44 ($4.86 in chips)
Seat 3: Hero ($5.07 in chips)
Seat 4: 99ecd7c5 ($6.26 in chips)
Seat 5: 990bba90 ($6.34 in chips)
Seat 6: 5295bc83 ($8.68 in chips)
990bba90: posts small blind $0.02
5295bc83: posts big blind $0.05
*** HOLE CARDS ***
Dealt to ae309201 
Dealt to b8bc5c44 
Dealt to Hero [8c Ts]
Dealt to 99ecd7c5 
Dealt to 990bba90 
Dealt to 5295bc83 
ae309201: raises $0.1 to $0.15
b8bc5c44: folds
Hero: folds
99ecd7c5: folds
990bba90: folds
5295bc83: folds
Uncalled bet ($0.1) returned to ae309201
*** SHOWDOWN ***
ae309201 collected $0.12 from pot
*** SUMMARY ***
Total pot $0.12 | Rake $0 | Jackpot $0 | Bingo $0 | Fortune $0
Seat 1: ae309201 collected ($0.12)
Seat 2: b8bc5c44 folded before Flop (didn't bet)
Seat 3: Hero folded before Flop (didn't bet)
Seat 4: 99ecd7c5 (button) folded before Flop (didn't bet)
Seat 5: 990bba90 (small blind) folded before Flop
Seat 6: 5295bc83 (big blind) folded before Flop


Poker Hand #HD1141764807: Hold'em No Limit  ($0.02/$0.05) - 2023/03/01 20:31:01
Table 'NLHBlue67' 6-max Seat #3 is the button
Seat 1: ae309201 ($6.07 in chips)
Seat 2: b8bc5c44 ($4.86 in chips)
Seat 3: Hero ($5 in chips)
Seat 4: 99ecd7c5 ($6.28 in chips)
Seat 5: 990bba90 ($6.39 in chips)
Seat 6: 5295bc83 ($8.68 in chips)
99ecd7c5: posts small blind $0.02
990bba90: posts big blind $0.05
*** HOLE CARDS ***
Dealt to ae309201 
Dealt to b8bc5c44 
Dealt to Hero [5d 5h]
Dealt to 99ecd7c5 
Dealt to 990bba90 
Dealt to 5295bc83 
5295bc83: folds
ae309201: folds
b8bc5c44: folds
Hero: raises $0.07 to $0.12
99ecd7c5: folds
990bba90: folds
Uncalled bet ($0.07) returned to Hero
*** SHOWDOWN ***
Hero collected $0.12 from pot
*** SUMMARY ***
Total pot $0.12 | Rake $0 | Jackpot $0 | Bingo $0 | Fortune $0
Seat 1: ae309201 folded before Flop (didn't bet)
Seat 2: b8bc5c44 folded before Flop (didn't bet)
Seat 3: Hero (button) collected ($0.12)
Seat 4: 99ecd7c5 (small blind) folded before Flop
Seat 5: 990bba90 (big blind) folded before Flop
Seat 6: 5295bc83 folded before Flop (didn't bet)


Poker Hand #HD1141764769: Hold'em No Limit  ($0.02/$0.05) - 2023/03/01 20:30:47
Table 'NLHBlue67' 6-max Seat #2 is the button
Seat 1: ae309201 ($6 in chips)
Seat 2: b8bc5c44 ($4.86 in chips)
Seat 3: Hero ($5.02 in chips)
Seat 4: 99ecd7c5 ($6.33 in chips)
Seat 5: 990bba90 ($6.39 in chips)
Seat 6: 5295bc83 ($8.68 in chips)
Hero: posts small blind $0.02
99ecd7c5: posts big blind $0.05
*** HOLE CARDS ***
Dealt to ae309201 
Dealt to b8bc5c44 
Dealt to Hero [Qc 7d]
Dealt to 99ecd7c5 
Dealt to 990bba90 
Dealt to 5295bc83 
990bba90: folds
5295bc83: folds
ae309201: raises $0.1 to $0.15
b8bc5c44: folds
Hero: folds
99ecd7c5: folds
Uncalled bet ($0.1) returned to ae309201
*** SHOWDOWN ***
ae309201 collected $0.12 from pot
*** SUMMARY ***
Total pot $0.12 | Rake $0 | Jackpot $0 | Bingo $0 | Fortune $0
Seat 1: ae309201 collected ($0.12)
Seat 2: b8bc5c44 (button) folded before Flop (didn't bet)
Seat 3: Hero (small blind) folded before Flop
Seat 4: 99ecd7c5 (big blind) folded before Flop
Seat 5: 990bba90 folded before Flop (didn't bet)
Seat 6: 5295bc83 folded before Flop (didn't bet)


Poker Hand #HD1141764749: Hold'em No Limit  ($0.02/$0.05) - 2023/03/01 20:30:39
Table 'NLHBlue67' 6-max Seat #1 is the button
Seat 1: ae309201 ($6 in chips)
Seat 2: b8bc5c44 ($4.88 in chips)
Seat 3: Hero ($5 in chips)
Seat 4: 99ecd7c5 ($6.33 in chips)
Seat 5: 990bba90 ($6.39 in chips)
Seat 6: 5295bc83 ($8.68 in chips)
b8bc5c44: posts small blind $0.02
Hero: posts big blind $0.05
*** HOLE CARDS ***
Dealt to ae309201 
Dealt to b8bc5c44 
Dealt to Hero [8s 7c]
Dealt to 99ecd7c5 
Dealt to 990bba90 
Dealt to 5295bc83 
99ecd7c5: folds
990bba90: folds
5295bc83: folds
ae309201: folds
b8bc5c44: folds
Uncalled bet ($0.03) returned to Hero
*** SHOWDOWN ***
Hero collected $0.04 from pot
*** SUMMARY ***
Total pot $0.04 | Rake $0 | Jackpot $0 | Bingo $0 | Fortune $0
Seat 1: ae309201 (button) folded before Flop (didn't bet)
Seat 2: b8bc5c44 (small blind) folded before Flop
Seat 3: Hero (big blind) collected ($0.04)
Seat 4: 99ecd7c5 folded before Flop (didn't bet)
Seat 5: 990bba90 folded before Flop (didn't bet)
Seat 6: 5295bc83 folded before Flop (didn't bet)


Poker Hand #HD1141764676: Hold'em No Limit  ($0.02/$0.05) - 2023/03/01 20:30:13
Table 'NLHBlue67' 6-max Seat #6 is the button
Seat 1: ae309201 ($6.02 in chips)
Seat 2: b8bc5c44 ($4.93 in chips)
Seat 3: Hero ($5 in chips)
Seat 4: 99ecd7c5 ($6.48 in chips)
Seat 5: 990bba90 ($6.18 in chips)
Seat 6: 5295bc83 ($8.68 in chips)
ae309201: posts small blind $0.02
b8bc5c44: posts big blind $0.05
*** HOLE CARDS ***
Dealt to ae309201 
Dealt to b8bc5c44 
Dealt to Hero [Ac 7d]
Dealt to 99ecd7c5 
Dealt to 990bba90 
Dealt to 5295bc83 
Hero: folds
99ecd7c5: raises $0.1 to $0.15
990bba90: raises $0.37 to $0.52
5295bc83: folds
ae309201: folds
b8bc5c44: folds
99ecd7c5: folds
Uncalled bet ($0.37) returned to 990bba90
*** SHOWDOWN ***
990bba90 collected $0.36 from pot
*** SUMMARY ***
Total pot $0.37 | Rake $0.01 | Jackpot $0 | Bingo $0 | Fortune $0
Seat 1: ae309201 (small blind) folded before Flop
Seat 2: b8bc5c44 (big blind) folded before Flop
Seat 3: Hero folded before Flop (didn't bet)
Seat 4: 99ecd7c5 folded before Flop
Seat 5: 990bba90 collected ($0.36)
Seat 6: 5295bc83 (button) folded before Flop (didn't bet)


Poker Hand #HD1141764557: Hold'em No Limit  ($0.02/$0.05) - 2023/03/01 20:29:24
Table 'NLHBlue67' 6-max Seat #5 is the button
Seat 1: ae309201 ($6.07 in chips)
Seat 2: b8bc5c44 ($4.93 in chips)
Seat 3: Hero ($5.15 in chips)
Seat 4: 99ecd7c5 ($5.97 in chips)
Seat 5: 990bba90 ($6.18 in chips)
Seat 6: 5295bc83 ($8.7 in chips)
5295bc83: posts small blind $0.02
ae309201: posts big blind $0.05
*** HOLE CARDS ***
Dealt to ae309201 
Dealt to b8bc5c44 
Dealt to Hero [Th Kh]
Dealt to 99ecd7c5 
Dealt to 990bba90 
Dealt to 5295bc83 
b8bc5c44: folds
Hero: raises $0.07 to $0.12
99ecd7c5: raises $0.37 to $0.49
990bba90: folds
5295bc83: folds
ae309201: folds
Hero: calls $0.37
*** FLOP *** [7c 5c 2d]
Hero: checks
99ecd7c5: checks
*** TURN *** [7c 5c 2d] [8h]
Hero: checks
99ecd7c5: checks
*** RIVER *** [7c 5c 2d 8h] [Ac]
Hero: checks
99ecd7c5: checks
Hero: shows [Th Kh] (Ace-High)
99ecd7c5: shows [As Qh] (Pair of Aces)
*** SHOWDOWN ***
99ecd7c5 collected $1 from pot
*** SUMMARY ***
Total pot $1.05 | Rake $0.05 | Jackpot $0 | Bingo $0 | Fortune $0
Board [7c 5c 2d 8h Ac]
Seat 1: ae309201 (big blind) folded before Flop
Seat 2: b8bc5c44 folded before Flop (didn't bet)
Seat 3: Hero showed [Th Kh] and lost with Ace-High
Seat 4: 99ecd7c5 showed [As Qh] and won ($1) with Pair of Aces
Seat 5: 990bba90 (button) folded before Flop (didn't bet)
Seat 6: 5295bc83 (small blind) folded before Flop


Poker Hand #HD1141764536: Hold'em No Limit  ($0.02/$0.05) - 2023/03/01 20:29:16
Table 'NLHBlue67' 6-max Seat #4 is the button
Seat 1: ae309201 ($6.07 in chips)
Seat 2: b8bc5c44 ($4.93 in chips)
Seat 3: Hero ($5.15 in chips)
Seat 4: 99ecd7c5 ($5.97 in chips)
Seat 5: 990bba90 ($6.2 in chips)
Seat 6: 5295bc83 ($8.68 in chips)
990bba90: posts small blind $0.02
5295bc83: posts big blind $0.05
*** HOLE CARDS ***
Dealt to ae309201 
Dealt to b8bc5c44 
Dealt to Hero [3s 2h]
Dealt to 99ecd7c5 
Dealt to 990bba90 
Dealt to 5295bc83 
ae309201: folds
b8bc5c44: folds
Hero: folds
99ecd7c5: folds
990bba90: folds
Uncalled bet ($0.03) returned to 5295bc83
*** SHOWDOWN ***
5295bc83 collected $0.04 from pot
*** SUMMARY ***
Total pot $0.04 | Rake $0 | Jackpot $0 | Bingo $0 | Fortune $0
Seat 1: ae309201 folded before Flop (didn't bet)
Seat 2: b8bc5c44 folded before Flop (didn't bet)
Seat 3: Hero folded before Flop (didn't bet)
Seat 4: 99ecd7c5 (button) folded before Flop (didn't bet)
Seat 5: 990bba90 (small blind) folded before Flop
Seat 6: 5295bc83 (big blind) collected ($0.04)


Poker Hand #HD1141764399: Hold'em No Limit  ($0.02/$0.05) - 2023/03/01 20:28:19
Table 'NLHBlue67' 6-max Seat #3 is the button
Seat 1: ae309201 ($6.2 in chips)
Seat 2: b8bc5c44 ($4.93 in chips)
Seat 3: Hero ($5.15 in chips)
Seat 4: 99ecd7c5 ($5.99 in chips)
Seat 5: 990bba90 ($5 in chips)
Seat 6: 5295bc83 ($9.9 in chips)
99ecd7c5: posts small blind $0.02
990bba90: posts big blind $0.05
*** HOLE CARDS ***
Dealt to ae309201 
Dealt to b8bc5c44 
Dealt to Hero [Tc 7d]
Dealt to 99ecd7c5 
Dealt to 990bba90 
Dealt to 5295bc83 
5295bc83: raises $0.08 to $0.13
ae309201: calls $0.13
b8bc5c44: folds
Hero: folds
99ecd7c5: folds
990bba90: calls $0.08
*** FLOP *** [4s 6c 8s]
990bba90: checks
5295bc83: bets $0.31
ae309201: folds
990bba90: calls $0.31
*** TURN *** [4s 6c 8s] [5d]
990bba90: checks
5295bc83: bets $0.78
990bba90: calls $0.78
*** RIVER *** [4s 6c 8s 5d] [3h]
990bba90: checks
5295bc83: checks
990bba90: shows [3c 2c] (Sixes-High Straight)
5295bc83: shows [9c 9h] (Pair of Nines)
*** SHOWDOWN ***
990bba90 collected $2.42 from pot
*** SUMMARY ***
Total pot $2.59 | Rake $0.12 | Jackpot $0.05 | Bingo $0 | Fortune $0
Board [4s 6c 8s 5d 3h]
Seat 1: ae309201 folded on the Flop
Seat 2: b8bc5c44 folded before Flop (didn't bet)
Seat 3: Hero (button) folded before Flop (didn't bet)
Seat 4: 99ecd7c5 (small blind) folded before Flop
Seat 5: 990bba90 (big blind) showed [3c 2c] and won ($2.42) with Sixes-High Straight
Seat 6: 5295bc83 showed [9c 9h] and lost with Pair of Nines


Poker Hand #HD1141764283: Hold'em No Limit  ($0.02/$0.05) - 2023/03/01 20:27:29
Table 'NLHBlue67' 6-max Seat #2 is the button
Seat 1: ae309201 ($6.2 in chips)
Seat 2: b8bc5c44 ($4.93 in chips)
Seat 3: Hero ($5.02 in chips)
Seat 4: 99ecd7c5 ($6.13 in chips)
Seat 6: 5295bc83 ($9.9 in chips)
Hero: posts small blind $0.02
99ecd7c5: posts big blind $0.05
*** HOLE CARDS ***
Dealt to ae309201 
Dealt to b8bc5c44 
Dealt to Hero [Qd Ad]
Dealt to 99ecd7c5 
Dealt to 5295bc83 
5295bc83: folds
ae309201: folds
b8bc5c44: folds
Hero: raises $0.09 to $0.14
99ecd7c5: calls $0.09
*** FLOP *** [4s Jd As]
Hero: bets $0.14
99ecd7c5: folds
Uncalled bet ($0.14) returned to Hero
*** SHOWDOWN ***
Hero collected $0.27 from pot
*** SUMMARY ***
Total pot $0.28 | Rake $0.01 | Jackpot $0 | Bingo $0 | Fortune $0
Board [4s Jd As]
Seat 1: ae309201 folded before Flop (didn't bet)
Seat 2: b8bc5c44 (button) folded before Flop (didn't bet)
Seat 3: Hero (small blind) won ($0.27)
Seat 4: 99ecd7c5 (big blind) folded on the Flop
Seat 6: 5295bc83 folded before Flop (didn't bet)


Poker Hand #HD1141764254: Hold'em No Limit  ($0.02/$0.05) - 2023/03/01 20:27:21
Table 'NLHBlue67' 6-max Seat #1 is the button
Seat 1: ae309201 ($6.2 in chips)
Seat 2: b8bc5c44 ($4.95 in chips)
Seat 3: Hero ($5 in chips)
Seat 4: 99ecd7c5 ($6.13 in chips)
Seat 6: 5295bc83 ($9.9 in chips)
b8bc5c44: posts small blind $0.02
Hero: posts big blind $0.05
*** HOLE CARDS ***
Dealt to ae309201 
Dealt to b8bc5c44 
Dealt to Hero [9s 8s]
Dealt to 99ecd7c5 
Dealt to 5295bc83 
99ecd7c5: folds
5295bc83: folds
ae309201: folds
b8bc5c44: folds
Uncalled bet ($0.03) returned to Hero
*** SHOWDOWN ***
Hero collected $0.04 from pot
*** SUMMARY ***
Total pot $0.04 | Rake $0 | Jackpot $0 | Bingo $0 | Fortune $0
Seat 1: ae309201 (button) folded before Flop (didn't bet)
Seat 2: b8bc5c44 (small blind) folded before Flop
Seat 3: Hero (big blind) collected ($0.04)
Seat 4: 99ecd7c5 folded before Flop (didn't bet)
Seat 6: 5295bc83 folded before Flop (didn't bet)


Poker Hand #HD1141764080: Hold'em No Limit  ($0.02/$0.05) - 2023/03/01 20:26:07
Table 'NLHBlue67' 6-max Seat #6 is the button
Seat 1: ae309201 ($6.22 in chips)
Seat 2: b8bc5c44 ($5 in chips)
Seat 3: Hero ($5 in chips)
Seat 4: 99ecd7c5 ($6.28 in chips)
Seat 5: 4cdcb0e ($3.02 in chips)
Seat 6: 5295bc83 ($7.02 in chips)
ae309201: posts small blind $0.02
b8bc5c44: posts big blind $0.05
*** HOLE CARDS ***
Dealt to ae309201 
Dealt to b8bc5c44 
Dealt to Hero [8c 4h]
Dealt to 99ecd7c5 
Dealt to 4cdcb0e 
Dealt to 5295bc83 
Hero: folds
99ecd7c5: raises $0.1 to $0.15
4cdcb0e: calls $0.15
5295bc83: raises $0.52 to $0.67
ae309201: folds
b8bc5c44: folds
99ecd7c5: folds
4cdcb0e: calls $0.52
*** FLOP *** [2s 5c Qc]
4cdcb0e: bets $1.56
5295bc83: calls $1.56
*** TURN *** [2s 5c Qc] [As]
4cdcb0e: bets $0.79 and is all-in
5295bc83: calls $0.79
4cdcb0e: shows [Td Qs] (Pair of Queens)
5295bc83: shows [Qh Qd] (Three Queens)
*** RIVER *** [2s 5c Qc As] [5d]
*** SHOWDOWN ***
5295bc83 collected $5.9 from pot
*** SUMMARY ***
Total pot $6.26 | Rake $0.31 | Jackpot $0.05 | Bingo $0 | Fortune $0
Board [2s 5c Qc As 5d]
Seat 1: ae309201 (small blind) folded before Flop
Seat 2: b8bc5c44 (big blind) folded before Flop
Seat 3: Hero folded before Flop (didn't bet)
Seat 4: 99ecd7c5 folded before Flop
Seat 5: 4cdcb0e showed [Td Qs] and lost with Pair of Queens and Pair of Fives
Seat 6: 5295bc83 (button) showed [Qh Qd] and won ($5.9) with Queens Full over Fives


Poker Hand #HD1141764020: Hold'em No Limit  ($0.02/$0.05) - 2023/03/01 20:25:47
Table 'NLHBlue67' 6-max Seat #5 is the button
Seat 1: ae309201 ($6.27 in chips)
Seat 2: b8bc5c44 ($4.75 in chips)
Seat 3: Hero ($5 in chips)
Seat 4: 99ecd7c5 ($6.28 in chips)
Seat 5: 4cdcb0e ($3.02 in chips)
Seat 6: 5295bc83 ($6.97 in chips)
5295bc83: posts small blind $0.02
ae309201: posts big blind $0.05
*** HOLE CARDS ***
Dealt to ae309201 
Dealt to b8bc5c44 
Dealt to Hero [Ks Tc]
Dealt to 99ecd7c5 
Dealt to 4cdcb0e 
Dealt to 5295bc83 
b8bc5c44: folds
Hero: folds
99ecd7c5: folds
4cdcb0e: folds
5295bc83: raises $0.08 to $0.13
ae309201: folds
Uncalled bet ($0.08) returned to 5295bc83
*** SHOWDOWN ***
5295bc83 collected $0.1 from pot
*** SUMMARY ***
Total pot $0.1 | Rake $0 | Jackpot $0 | Bingo $0 | Fortune $0
Seat 1: ae309201 (big blind) folded before Flop
Seat 2: b8bc5c44 folded before Flop (didn't bet)
Seat 3: Hero folded before Flop (didn't bet)
Seat 4: 99ecd7c5 folded before Flop (didn't bet)
Seat 5: 4cdcb0e (button) folded before Flop (didn't bet)
Seat 6: 5295bc83 (small blind) collected ($0.1)


Poker Hand #HD1141763966: Hold'em No Limit  ($0.02/$0.05) - 2023/03/01 20:25:21
Table 'NLHBlue67' 6-max Seat #4 is the button
Seat 1: ae309201 ($6.27 in chips)
Seat 2: b8bc5c44 ($4.75 in chips)
Seat 3: Hero ($5 in chips)
Seat 4: 99ecd7c5 ($6.28 in chips)
Seat 5: 4cdcb0e ($2.97 in chips)
Seat 6: 5295bc83 ($7.02 in chips)
4cdcb0e: posts small blind $0.02
5295bc83: posts big blind $0.05
*** HOLE CARDS ***
Dealt to ae309201 
Dealt to b8bc5c44 
Dealt to Hero [2d Qd]
Dealt to 99ecd7c5 
Dealt to 4cdcb0e 
Dealt to 5295bc83 
ae309201: folds
b8bc5c44: folds
Hero: folds
99ecd7c5: folds
4cdcb0e: calls $0.03
5295bc83: checks
*** FLOP *** [4c 4h Ac]
4cdcb0e: bets $0.05
5295bc83: folds
Uncalled bet ($0.05) returned to 4cdcb0e
*** SHOWDOWN ***
4cdcb0e collected $0.1 from pot
*** SUMMARY ***
Total pot $0.1 | Rake $0 | Jackpot $0 | Bingo $0 | Fortune $0
Board [4c 4h Ac]
Seat 1: ae309201 folded before Flop (didn't bet)
Seat 2: b8bc5c44 folded before Flop (didn't bet)
Seat 3: Hero folded before Flop (didn't bet)
Seat 4: 99ecd7c5 (button) folded before Flop (didn't bet)
Seat 5: 4cdcb0e (small blind) won ($0.1)
Seat 6: 5295bc83 (big blind) folded on the Flop


Poker Hand #HD1141763871: Hold'em No Limit  ($0.02/$0.05) - 2023/03/01 20:24:46
Table 'NLHBlue67' 6-max Seat #3 is the button
Seat 1: ae309201 ($6.27 in chips)
Seat 2: b8bc5c44 ($4.75 in chips)
Seat 3: Hero ($5 in chips)
Seat 4: 99ecd7c5 ($6.3 in chips)
Seat 5: 4cdcb0e ($2.83 in chips)
Seat 6: 5295bc83 ($7.15 in chips)
99ecd7c5: posts small blind $0.02
4cdcb0e: posts big blind $0.05
*** HOLE CARDS ***
Dealt to ae309201 
Dealt to b8bc5c44 
Dealt to Hero [Jh 6c]
Dealt to 99ecd7c5 
Dealt to 4cdcb0e 
Dealt to 5295bc83 
5295bc83: raises $0.08 to $0.13
ae309201: folds
b8bc5c44: folds
Hero: folds
99ecd7c5: folds
4cdcb0e: calls $0.08
*** FLOP *** [5c 4h 2s]
4cdcb0e: bets $0.28
5295bc83: folds
Uncalled bet ($0.28) returned to 4cdcb0e
*** SHOWDOWN ***
4cdcb0e collected $0.27 from pot
*** SUMMARY ***
Total pot $0.28 | Rake $0.01 | Jackpot $0 | Bingo $0 | Fortune $0
Board [5c 4h 2s]
Seat 1: ae309201 folded before Flop (didn't bet)
Seat 2: b8bc5c44 folded before Flop (didn't bet)
Seat 3: Hero (button) folded before Flop (didn't bet)
Seat 4: 99ecd7c5 (small blind) folded before Flop
Seat 5: 4cdcb0e (big blind) won ($0.27)
Seat 6: 5295bc83 folded on the Flop


Poker Hand #HD1141763826: Hold'em No Limit  ($0.02/$0.05) - 2023/03/01 20:24:29
Table 'NLHBlue67' 6-max Seat #2 is the button
Seat 1: ae309201 ($6.27 in chips)
Seat 2: b8bc5c44 ($4.75 in chips)
Seat 3: Hero ($5 in chips)
Seat 4: 99ecd7c5 ($6.28 in chips)
Seat 5: 4cdcb0e ($2.83 in chips)
Seat 6: 5295bc83 ($7.15 in chips)
Hero: posts small blind $0.02
99ecd7c5: posts big blind $0.05
*** HOLE CARDS ***
Dealt to ae309201 
Dealt to b8bc5c44 
Dealt to Hero [Jc 6d]
Dealt to 99ecd7c5 
Dealt to 4cdcb0e 
Dealt to 5295bc83 
4cdcb0e: folds
5295bc83: folds
ae309201: folds
b8bc5c44: folds
Hero: folds
Uncalled bet ($0.03) returned to 99ecd7c5
*** SHOWDOWN ***
99ecd7c5 collected $0.04 from pot
*** SUMMARY ***
Total pot $0.04 | Rake $0 | Jackpot $0 | Bingo $0 | Fortune $0
Seat 1: ae309201 folded before Flop (didn't bet)
Seat 2: b8bc5c44 (button) folded before Flop (didn't bet)
Seat 3: Hero (small blind) folded before Flop
Seat 4: 99ecd7c5 (big blind) collected ($0.04)
Seat 5: 4cdcb0e folded before Flop (didn't bet)
Seat 6: 5295bc83 folded before Flop (didn't bet)


Poker Hand #HD1141763668: Hold'em No Limit  ($0.02/$0.05) - 2023/03/01 20:23:23
Table 'NLHBlue67' 6-max Seat #1 is the button
Seat 1: ae309201 ($6.32 in chips)
Seat 2: b8bc5c44 ($4.8 in chips)
Seat 3: Hero ($5 in chips)
Seat 4: 99ecd7c5 ($6.28 in chips)
Seat 5: 4cdcb0e ($2.6 in chips)
Seat 6: 5295bc83 ($7.15 in chips)
b8bc5c44: posts small blind $0.02
Hero: posts big blind $0.05
*** HOLE CARDS ***
Dealt to ae309201 
Dealt to b8bc5c44 
Dealt to Hero [6c Js]
Dealt to 99ecd7c5 
Dealt to 4cdcb0e 
Dealt to 5295bc83 
99ecd7c5: folds
4cdcb0e: calls $0.05
5295bc83: folds
ae309201: calls $0.05
b8bc5c44: calls $0.03
Hero: checks
*** FLOP *** [5c 6d 7d]
b8bc5c44: checks
Hero: bets $0.1
4cdcb0e: calls $0.1
ae309201: folds
b8bc5c44: folds
*** TURN *** [5c 6d 7d] [8h]
Hero: checks
4cdcb0e: checks
*** RIVER *** [5c 6d 7d 8h] [Qh]
Hero: checks
4cdcb0e: bets $0.2
Hero: folds
Uncalled bet ($0.2) returned to 4cdcb0e
*** SHOWDOWN ***
4cdcb0e collected $0.38 from pot
*** SUMMARY ***
Total pot $0.4 | Rake $0.02 | Jackpot $0 | Bingo $0 | Fortune $0
Board [5c 6d 7d 8h Qh]
Seat 1: ae309201 (button) folded on the Flop
Seat 2: b8bc5c44 (small blind) folded on the Flop
Seat 3: Hero (big blind) folded on the River
Seat 4: 99ecd7c5 folded before Flop (didn't bet)
Seat 5: 4cdcb0e won ($0.38)
Seat 6: 5295bc83 folded before Flop (didn't bet)


Poker Hand #HD1141763464: Hold'em No Limit  ($0.02/$0.05) - 2023/03/01 20:22:08
Table 'NLHBlue67' 6-max Seat #6 is the button
Seat 1: ae309201 ($6.34 in chips)
Seat 2: b8bc5c44 ($5.22 in chips)
Seat 3: Hero ($5 in chips)
Seat 4: 99ecd7c5 ($6.28 in chips)
Seat 5: 4cdcb0e ($3.02 in chips)
Seat 6: 5295bc83 ($6.35 in chips)
ae309201: posts small blind $0.02
b8bc5c44: posts big blind $0.05
*** HOLE CARDS ***
Dealt to ae309201 
Dealt to b8bc5c44 
Dealt to Hero [Jc 2s]
Dealt to 99ecd7c5 
Dealt to 4cdcb0e 
Dealt to 5295bc83 
Hero: folds
99ecd7c5: folds
4cdcb0e: raises $0.05 to $0.1
5295bc83: raises $0.32 to $0.42
ae309201: folds
b8bc5c44: calls $0.37
4cdcb0e: calls $0.32
*** FLOP *** [8h 2h 4h]
b8bc5c44: checks
4cdcb0e: checks
5295bc83: checks
*** TURN *** [8h 2h 4h] [9h]
b8bc5c44: checks
4cdcb0e: checks
5295bc83: checks
*** RIVER *** [8h 2h 4h 9h] [7h]
b8bc5c44: checks
4cdcb0e: checks
5295bc83: bets $0.74
b8bc5c44: folds
4cdcb0e: folds
Uncalled bet ($0.74) returned to 5295bc83
*** SHOWDOWN ***
5295bc83 collected $1.22 from pot
*** SUMMARY ***
Total pot $1.28 | Rake $0.06 | Jackpot $0 | Bingo $0 | Fortune $0
Board [8h 2h 4h 9h 7h]
Seat 1: ae309201 (small blind) folded before Flop
Seat 2: b8bc5c44 (big blind) folded on the River
Seat 3: Hero folded before Flop (didn't bet)
Seat 4: 99ecd7c5 folded before Flop (didn't bet)
Seat 5: 4cdcb0e folded on the River
Seat 6: 5295bc83 (button) won ($1.22)


Poker Hand #HD1141763325: Hold'em No Limit  ($0.02/$0.05) - 2023/03/01 20:21:11
Table 'NLHBlue67' 6-max Seat #5 is the button
Seat 1: ae309201 ($5 in chips)
Seat 2: b8bc5c44 ($5.22 in chips)
Seat 3: Hero ($5 in chips)
Seat 4: 99ecd7c5 ($7.02 in chips)
Seat 5: 4cdcb0e ($3.76 in chips)
Seat 6: 5295bc83 ($6.37 in chips)
5295bc83: posts small blind $0.02
ae309201: posts big blind $0.05
*** HOLE CARDS ***
Dealt to ae309201 
Dealt to b8bc5c44 
Dealt to Hero [3d 8c]
Dealt to 99ecd7c5 
Dealt to 4cdcb0e 
Dealt to 5295bc83 
b8bc5c44: folds
Hero: folds
99ecd7c5: raises $0.1 to $0.15
4cdcb0e: calls $0.15
5295bc83: folds
ae309201: raises $0.59 to $0.74
99ecd7c5: calls $0.59
4cdcb0e: calls $0.59
*** FLOP *** [5c 9h 9c]
ae309201: bets $1.35
99ecd7c5: folds
4cdcb0e: folds
Uncalled bet ($1.35) returned to ae309201
*** SHOWDOWN ***
ae309201 collected $2.08 from pot
*** SUMMARY ***
Total pot $2.24 | Rake $0.11 | Jackpot $0.05 | Bingo $0 | Fortune $0
Board [5c 9h 9c]
Seat 1: ae309201 (big blind) won ($2.08)
Seat 2: b8bc5c44 folded before Flop (didn't bet)
Seat 3: Hero folded before Flop (didn't bet)
Seat 4: 99ecd7c5 folded on the Flop
Seat 5: 4cdcb0e (button) folded on the Flop
Seat 6: 5295bc83 (small blind) folded before Flop


Poker Hand #HD1141763288: Hold'em No Limit  ($0.02/$0.05) - 2023/03/01 20:20:58
Table 'NLHBlue67' 6-max Seat #4 is the button
Seat 1: ae309201 ($5 in chips)
Seat 2: b8bc5c44 ($5.22 in chips)
Seat 3: Hero ($5 in chips)
Seat 4: 99ecd7c5 ($7.02 in chips)
Seat 5: 4cdcb0e ($3.78 in chips)
Seat 6: 5295bc83 ($6.35 in chips)
4cdcb0e: posts small blind $0.02
5295bc83: posts big blind $0.05
*** HOLE CARDS ***
Dealt to ae309201 
Dealt to b8bc5c44 
Dealt to Hero [9h 2d]
Dealt to 99ecd7c5 
Dealt to 4cdcb0e 
Dealt to 5295bc83 
ae309201: folds
b8bc5c44: folds
Hero: folds
99ecd7c5: folds
4cdcb0e: folds
Uncalled bet ($0.03) returned to 5295bc83
*** SHOWDOWN ***
5295bc83 collected $0.04 from pot
*** SUMMARY ***
Total pot $0.04 | Rake $0 | Jackpot $0 | Bingo $0 | Fortune $0
Seat 1: ae309201 folded before Flop (didn't bet)
Seat 2: b8bc5c44 folded before Flop (didn't bet)
Seat 3: Hero folded before Flop (didn't bet)
Seat 4: 99ecd7c5 (button) folded before Flop (didn't bet)
Seat 5: 4cdcb0e (small blind) folded before Flop
Seat 6: 5295bc83 (big blind) collected ($0.04)


Poker Hand #HD1141763197: Hold'em No Limit  ($0.02/$0.05) - 2023/03/01 20:20:21
Table 'NLHBlue67' 6-max Seat #3 is the button
Seat 1: ae309201 ($5 in chips)
Seat 2: b8bc5c44 ($5.22 in chips)
Seat 3: Hero ($5 in chips)
Seat 4: 99ecd7c5 ($7.04 in chips)
Seat 5: 4cdcb0e ($3.64 in chips)
Seat 6: 5295bc83 ($6.48 in chips)
99ecd7c5: posts small blind $0.02
4cdcb0e: posts big blind $0.05
*** HOLE CARDS ***
Dealt to ae309201 
Dealt to b8bc5c44 
Dealt to Hero [8d 9s]
Dealt to 99ecd7c5 
Dealt to 4cdcb0e 
Dealt to 5295bc83 
5295bc83: raises $0.08 to $0.13
ae309201: folds
b8bc5c44: folds
Hero: folds
99ecd7c5: folds
4cdcb0e: calls $0.08
*** FLOP *** [7d 5h 4s]
4cdcb0e: bets $0.28
5295bc83: folds
Uncalled bet ($0.28) returned to 4cdcb0e
*** SHOWDOWN ***
4cdcb0e collected $0.27 from pot
*** SUMMARY ***
Total pot $0.28 | Rake $0.01 | Jackpot $0 | Bingo $0 | Fortune $0
Board [7d 5h 4s]
Seat 1: ae309201 folded before Flop (didn't bet)
Seat 2: b8bc5c44 folded before Flop (didn't bet)
Seat 3: Hero (button) folded before Flop (didn't bet)
Seat 4: 99ecd7c5 (small blind) folded before Flop
Seat 5: 4cdcb0e (big blind) won ($0.27)
Seat 6: 5295bc83 folded on the Flop


Poker Hand #HD1141763109: Hold'em No Limit  ($0.02/$0.05) - 2023/03/01 20:19:44
Table 'NLHBlue67' 6-max Seat #2 is the button
Seat 1: ae309201 ($4.86 in chips)
Seat 2: b8bc5c44 ($5.22 in chips)
Seat 3: Hero ($5 in chips)
Seat 4: 99ecd7c5 ($6.88 in chips)
Seat 5: 4cdcb0e ($3.64 in chips)
Seat 6: 5295bc83 ($6.48 in chips)
Hero: posts small blind $0.02
99ecd7c5: posts big blind $0.05
*** HOLE CARDS ***
Dealt to ae309201 
Dealt to b8bc5c44 
Dealt to Hero [Js 4h]
Dealt to 99ecd7c5 
Dealt to 4cdcb0e 
Dealt to 5295bc83 
4cdcb0e: folds
5295bc83: folds
ae309201: raises $0.1 to $0.15
b8bc5c44: folds
Hero: folds
99ecd7c5: calls $0.1
*** FLOP *** [5d Qs 7c]
99ecd7c5: checks
ae309201: checks
*** TURN *** [5d Qs 7c] [4d]
99ecd7c5: bets $0.22
ae309201: folds
Uncalled bet ($0.22) returned to 99ecd7c5
*** SHOWDOWN ***
99ecd7c5 collected $0.31 from pot
*** SUMMARY ***
Total pot $0.32 | Rake $0.01 | Jackpot $0 | Bingo $0 | Fortune $0
Board [5d Qs 7c 4d]
Seat 1: ae309201 folded on the Turn
Seat 2: b8bc5c44 (button) folded before Flop (didn't bet)
Seat 3: Hero (small blind) folded before Flop
Seat 4: 99ecd7c5 (big blind) won ($0.31)
Seat 5: 4cdcb0e folded before Flop (didn't bet)
Seat 6: 5295bc83 folded before Flop (didn't bet)


Poker Hand #HD1141763061: Hold'em No Limit  ($0.02/$0.05) - 2023/03/01 20:19:26
Table 'NLHBlue67' 6-max Seat #1 is the button
Seat 1: ae309201 ($4.86 in chips)
Seat 2: b8bc5c44 ($5.24 in chips)
Seat 3: Hero ($5 in chips)
Seat 4: 99ecd7c5 ($6.88 in chips)
Seat 5: 4cdcb0e ($3.57 in chips)
Seat 6: 5295bc83 ($6.48 in chips)
b8bc5c44: posts small blind $0.02
Hero: posts big blind $0.05
*** HOLE CARDS ***
Dealt to ae309201 
Dealt to b8bc5c44 
Dealt to Hero [4d Td]
Dealt to 99ecd7c5 
Dealt to 4cdcb0e 
Dealt to 5295bc83 
99ecd7c5: folds
4cdcb0e: raises $0.1 to $0.15
5295bc83: folds
ae309201: folds
b8bc5c44: folds
Hero: folds
Uncalled bet ($0.1) returned to 4cdcb0e
*** SHOWDOWN ***
4cdcb0e collected $0.12 from pot
*** SUMMARY ***
Total pot $0.12 | Rake $0 | Jackpot $0 | Bingo $0 | Fortune $0
Seat 1: ae309201 (button) folded before Flop (didn't bet)
Seat 2: b8bc5c44 (small blind) folded before Flop
Seat 3: Hero (big blind) folded before Flop
Seat 4: 99ecd7c5 folded before Flop (didn't bet)
Seat 5: 4cdcb0e collected ($0.12)
Seat 6: 5295bc83 folded before Flop (didn't bet)


Poker Hand #HD1141762910: Hold'em No Limit  ($0.02/$0.05) - 2023/03/01 20:18:18
Table 'NLHBlue67' 6-max Seat #5 is the button
Seat 1: ae309201 ($4.93 in chips)
Seat 2: b8bc5c44 ($5.29 in chips)
Seat 3: Hero ($5 in chips)
Seat 4: 99ecd7c5 ($6.88 in chips)
Seat 5: 4cdcb0e ($3.43 in chips)
Seat 6: 5295bc83 ($6.5 in chips)
5295bc83: posts small blind $0.02
ae309201: posts big blind $0.05
*** HOLE CARDS ***
Dealt to ae309201 
Dealt to b8bc5c44 
Dealt to Hero [6d As]
Dealt to 99ecd7c5 
Dealt to 4cdcb0e 
Dealt to 5295bc83 
b8bc5c44: folds
Hero: folds
99ecd7c5: folds
4cdcb0e: raises $0.05 to $0.1
5295bc83: folds
ae309201: folds
Uncalled bet ($0.05) returned to 4cdcb0e
*** SHOWDOWN ***
4cdcb0e collected $0.12 from pot
*** SUMMARY ***
Total pot $0.12 | Rake $0 | Jackpot $0 | Bingo $0 | Fortune $0
Seat 1: ae309201 (big blind) folded before Flop
Seat 2: b8bc5c44 folded before Flop (didn't bet)
Seat 3: Hero folded before Flop (didn't bet)
Seat 4: 99ecd7c5 folded before Flop (didn't bet)
Seat 5: 4cdcb0e (button) collected ($0.12)
Seat 6: 5295bc83 (small blind) folded before Flop


Poker Hand #HD1141762786: Hold'em No Limit  ($0.02/$0.05) - 2023/03/01 20:17:24
Table 'NLHBlue67' 6-max Seat #4 is the button
Seat 1: ae309201 ($4.93 in chips)
Seat 2: b8bc5c44 ($5 in chips)
Seat 3: Hero ($5 in chips)
Seat 4: 99ecd7c5 ($6.88 in chips)
Seat 5: 4cdcb0e ($3.7 in chips)
Seat 6: 5295bc83 ($6.55 in chips)
4cdcb0e: posts small blind $0.02
5295bc83: posts big blind $0.05
*** HOLE CARDS ***
Dealt to ae309201 
Dealt to b8bc5c44 
Dealt to Hero [4c 9s]
Dealt to 99ecd7c5 
Dealt to 4cdcb0e 
Dealt to 5295bc83 
ae309201: folds
b8bc5c44: raises $0.1 to $0.15
Hero: folds
99ecd7c5: folds
4cdcb0e: calls $0.13
5295bc83: folds
*** FLOP *** [7s Jd 2s]
4cdcb0e: bets $0.12
b8bc5c44: calls $0.12
*** TURN *** [7s Jd 2s] [8h]
4cdcb0e: checks
b8bc5c44: checks
*** RIVER *** [7s Jd 2s 8h] [Ts]
4cdcb0e: checks
b8bc5c44: bets $0.59
4cdcb0e: folds
Uncalled bet ($0.59) returned to b8bc5c44
*** SHOWDOWN ***
b8bc5c44 collected $0.56 from pot
*** SUMMARY ***
Total pot $0.59 | Rake $0.03 | Jackpot $0 | Bingo $0 | Fortune $0
Board [7s Jd 2s 8h Ts]
Seat 1: ae309201 folded before Flop (didn't bet)
Seat 2: b8bc5c44 won ($0.56)
Seat 3: Hero folded before Flop (didn't bet)
Seat 4: 99ecd7c5 (button) folded before Flop (didn't bet)
Seat 5: 4cdcb0e (small blind) folded on the River
Seat 6: 5295bc83 (big blind) folded before Flop


Poker Hand #HD1141762758: Hold'em No Limit  ($0.02/$0.05) - 2023/03/01 20:17:09
Table 'NLHBlue67' 6-max Seat #3 is the button
Seat 2: b8bc5c44 ($5 in chips)
Seat 3: Hero ($5 in chips)
Seat 4: 99ecd7c5 ($6.9 in chips)
Seat 5: 4cdcb0e ($3.68 in chips)
Seat 6: 5295bc83 ($6.55 in chips)
99ecd7c5: posts small blind $0.02
4cdcb0e: posts big blind $0.05
*** HOLE CARDS ***
Dealt to b8bc5c44 
Dealt to Hero [3s Ad]
Dealt to 99ecd7c5 
Dealt to 4cdcb0e 
Dealt to 5295bc83 
5295bc83: folds
b8bc5c44: folds
Hero: folds
99ecd7c5: folds
Uncalled bet ($0.03) returned to 4cdcb0e
*** SHOWDOWN ***
4cdcb0e collected $0.04 from pot
*** SUMMARY ***
Total pot $0.04 | Rake $0 | Jackpot $0 | Bingo $0 | Fortune $0
Seat 2: b8bc5c44 folded before Flop (didn't bet)
Seat 3: Hero (button) folded before Flop (didn't bet)
Seat 4: 99ecd7c5 (small blind) folded before Flop
Seat 5: 4cdcb0e (big blind) collected ($0.04)
Seat 6: 5295bc83 folded before Flop (didn't bet)


Poker Hand #HD1141762727: Hold'em No Limit  ($0.02/$0.05) - 2023/03/01 20:17:01
Table 'NLHBlue67' 6-max Seat #2 is the button
Seat 2: b8bc5c44 ($5 in chips)
Seat 3: Hero ($5.02 in chips)
Seat 4: 99ecd7c5 ($6.95 in chips)
Seat 6: 5295bc83 ($6.48 in chips)
Hero: posts small blind $0.02
99ecd7c5: posts big blind $0.05
*** HOLE CARDS ***
Dealt to b8bc5c44 
Dealt to Hero [3d 6s]
Dealt to 99ecd7c5 
Dealt to 5295bc83 
5295bc83: raises $0.08 to $0.13
b8bc5c44: folds
Hero: folds
99ecd7c5: folds
Uncalled bet ($0.08) returned to 5295bc83
*** SHOWDOWN ***
5295bc83 collected $0.12 from pot
*** SUMMARY ***
Total pot $0.12 | Rake $0 | Jackpot $0 | Bingo $0 | Fortune $0
Seat 2: b8bc5c44 (button) folded before Flop (didn't bet)
Seat 3: Hero (small blind) folded before Flop
Seat 4: 99ecd7c5 (big blind) folded before Flop
Seat 6: 5295bc83 collected ($0.12)


Poker Hand #HD1141762685: Hold'em No Limit  ($0.02/$0.05) - 2023/03/01 20:16:39
Table 'NLHBlue67' 6-max Seat #1 is the button
Seat 1: ae309201 ($4.93 in chips)
Seat 2: b8bc5c44 ($4.36 in chips)
Seat 3: Hero ($5 in chips)
Seat 4: 99ecd7c5 ($6.95 in chips)
Seat 6: 5295bc83 ($6.48 in chips)
b8bc5c44: posts small blind $0.02
Hero: posts big blind $0.05
*** HOLE CARDS ***
Dealt to ae309201 
Dealt to b8bc5c44 
Dealt to Hero [6h Js]
Dealt to 99ecd7c5 
Dealt to 5295bc83 
99ecd7c5: folds
5295bc83: folds
ae309201: folds
b8bc5c44: folds
Uncalled bet ($0.03) returned to Hero
*** SHOWDOWN ***
Hero collected $0.04 from pot
*** SUMMARY ***
Total pot $0.04 | Rake $0 | Jackpot $0 | Bingo $0 | Fortune $0
Seat 1: ae309201 (button) folded before Flop (didn't bet)
Seat 2: b8bc5c44 (small blind) folded before Flop
Seat 3: Hero (big blind) collected ($0.04)
Seat 4: 99ecd7c5 folded before Flop (didn't bet)
Seat 6: 5295bc83 folded before Flop (didn't bet)


