Poker Hand #HD1178412673: Hold'em No Limit  ($0.02/$0.05) - 2023/03/27 19:11:24
Table 'NLHBlue72' 6-max Seat #1 is the button
Seat 1: de38f9c3 ($11.54 in chips)
Seat 2: a05b24a9 ($2.64 in chips)
Seat 3: e2ef136b ($4.1 in chips)
Seat 4: Hero ($5.75 in chips)
Seat 5: 313c2b52 ($5.93 in chips)
Seat 6: 6edbf185 ($5 in chips)
a05b24a9: posts small blind $0.02
e2ef136b: posts big blind $0.05
*** HOLE CARDS ***
Dealt to de38f9c3 
Dealt to a05b24a9 
Dealt to e2ef136b 
Dealt to Hero [9c 2c]
Dealt to 313c2b52 
Dealt to 6edbf185 
Hero: folds
313c2b52: folds
6edbf185: folds
de38f9c3: folds
a05b24a9: folds
Uncalled bet ($0.03) returned to e2ef136b
*** SHOWDOWN ***
e2ef136b collected $0.04 from pot
*** SUMMARY ***
Total pot $0.04 | Rake $0 | Jackpot $0 | Bingo $0 | Fortune $0
Seat 1: de38f9c3 (button) folded before Flop (didn't bet)
Seat 2: a05b24a9 (small blind) folded before Flop
Seat 3: e2ef136b (big blind) collected ($0.04)
Seat 4: Hero folded before Flop (didn't bet)
Seat 5: 313c2b52 folded before Flop (didn't bet)
Seat 6: 6edbf185 folded before Flop (didn't bet)


Poker Hand #HD1178412499: Hold'em No Limit  ($0.02/$0.05) - 2023/03/27 19:10:28
Table 'NLHBlue72' 6-max Seat #6 is the button
Seat 1: de38f9c3 ($11.56 in chips)
Seat 2: a05b24a9 ($2.82 in chips)
Seat 3: e2ef136b ($4.1 in chips)
Seat 4: Hero ($5.75 in chips)
Seat 5: 313c2b52 ($5.74 in chips)
Seat 6: 6edbf185 ($5 in chips)
de38f9c3: posts small blind $0.02
a05b24a9: posts big blind $0.05
*** HOLE CARDS ***
Dealt to de38f9c3 
Dealt to a05b24a9 
Dealt to e2ef136b 
Dealt to Hero [8s 5d]
Dealt to 313c2b52 
Dealt to 6edbf185 
e2ef136b: folds
Hero: folds
313c2b52: raises $0.05 to $0.1
6edbf185: folds
de38f9c3: folds
a05b24a9: calls $0.05
*** FLOP *** [Td Kc 7s]
a05b24a9: checks
313c2b52: bets $0.08
a05b24a9: calls $0.08
*** TURN *** [Td Kc 7s] [3c]
a05b24a9: checks
313c2b52: checks
*** RIVER *** [Td Kc 7s 3c] [Qc]
a05b24a9: checks
313c2b52: checks
a05b24a9: shows [Jd 8h] (King-High)
313c2b52: shows [Ah 3h] (Pair of Treys)
*** SHOWDOWN ***
313c2b52 collected $0.37 from pot
*** SUMMARY ***
Total pot $0.38 | Rake $0.01 | Jackpot $0 | Bingo $0 | Fortune $0
Board [Td Kc 7s 3c Qc]
Seat 1: de38f9c3 (small blind) folded before Flop
Seat 2: a05b24a9 (big blind) showed [Jd 8h] and lost with King-High
Seat 3: e2ef136b folded before Flop (didn't bet)
Seat 4: Hero folded before Flop (didn't bet)
Seat 5: 313c2b52 showed [Ah 3h] and won ($0.37) with Pair of Treys
Seat 6: 6edbf185 (button) folded before Flop (didn't bet)


Poker Hand #HD1178412372: Hold'em No Limit  ($0.02/$0.05) - 2023/03/27 19:09:50
Table 'NLHBlue72' 6-max Seat #5 is the button
Seat 1: de38f9c3 ($11.61 in chips)
Seat 2: a05b24a9 ($3.02 in chips)
Seat 3: e2ef136b ($4.1 in chips)
Seat 4: Hero ($5.5 in chips)
Seat 5: 313c2b52 ($5.74 in chips)
Seat 6: 6edbf185 ($5 in chips)
6edbf185: posts small blind $0.02
de38f9c3: posts big blind $0.05
*** HOLE CARDS ***
Dealt to de38f9c3 
Dealt to a05b24a9 
Dealt to e2ef136b 
Dealt to Hero [Jc Ad]
Dealt to 313c2b52 
Dealt to 6edbf185 
a05b24a9: calls $0.05
e2ef136b: folds
Hero: raises $0.15 to $0.2
313c2b52: folds
6edbf185: folds
de38f9c3: folds
a05b24a9: calls $0.15
*** FLOP *** [Kc 7s 8s]
a05b24a9: checks
Hero: checks
*** TURN *** [Kc 7s 8s] [2d]
a05b24a9: checks
Hero: checks
*** RIVER *** [Kc 7s 8s 2d] [3d]
a05b24a9: checks
Hero: checks
a05b24a9: shows [5d 4d] (King-High)
Hero: shows [Jc Ad] (Ace-High)
*** SHOWDOWN ***
Hero collected $0.45 from pot
*** SUMMARY ***
Total pot $0.47 | Rake $0.02 | Jackpot $0 | Bingo $0 | Fortune $0
Board [Kc 7s 8s 2d 3d]
Seat 1: de38f9c3 (big blind) folded before Flop
Seat 2: a05b24a9 showed [5d 4d] and lost with King-High
Seat 3: e2ef136b folded before Flop (didn't bet)
Seat 4: Hero showed [Jc Ad] and won ($0.45) with Ace-High
Seat 5: 313c2b52 (button) folded before Flop (didn't bet)
Seat 6: 6edbf185 (small blind) folded before Flop


Poker Hand #HD1178412269: Hold'em No Limit  ($0.02/$0.05) - 2023/03/27 19:09:10
Table 'NLHBlue72' 6-max Seat #4 is the button
Seat 1: de38f9c3 ($11.61 in chips)
Seat 2: a05b24a9 ($2.77 in chips)
Seat 3: e2ef136b ($4.1 in chips)
Seat 4: Hero ($5.5 in chips)
Seat 5: 313c2b52 ($5.96 in chips)
Seat 6: 6edbf185 ($5 in chips)
313c2b52: posts small blind $0.02
6edbf185: posts big blind $0.05
*** HOLE CARDS ***
Dealt to de38f9c3 
Dealt to a05b24a9 
Dealt to e2ef136b 
Dealt to Hero [2d Jh]
Dealt to 313c2b52 
Dealt to 6edbf185 
de38f9c3: folds
a05b24a9: calls $0.05
e2ef136b: folds
Hero: folds
313c2b52: raises $0.17 to $0.22
6edbf185: folds
a05b24a9: calls $0.17
*** FLOP *** [Jd Kh Ts]
313c2b52: checks
a05b24a9: bets $0.25
313c2b52: folds
Uncalled bet ($0.25) returned to a05b24a9
*** SHOWDOWN ***
a05b24a9 collected $0.47 from pot
*** SUMMARY ***
Total pot $0.49 | Rake $0.02 | Jackpot $0 | Bingo $0 | Fortune $0
Board [Jd Kh Ts]
Seat 1: de38f9c3 folded before Flop (didn't bet)
Seat 2: a05b24a9 won ($0.47)
Seat 3: e2ef136b folded before Flop (didn't bet)
Seat 4: Hero (button) folded before Flop (didn't bet)
Seat 5: 313c2b52 (small blind) folded on the Flop
Seat 6: 6edbf185 (big blind) folded before Flop


Poker Hand #HD1178412245: Hold'em No Limit  ($0.02/$0.05) - 2023/03/27 19:09:03
Table 'NLHBlue72' 6-max Seat #3 is the button
Seat 1: de38f9c3 ($11.61 in chips)
Seat 2: a05b24a9 ($2.77 in chips)
Seat 3: e2ef136b ($4.1 in chips)
Seat 4: Hero ($5.52 in chips)
Seat 5: 313c2b52 ($5.94 in chips)
Hero: posts small blind $0.02
313c2b52: posts big blind $0.05
*** HOLE CARDS ***
Dealt to de38f9c3 
Dealt to a05b24a9 
Dealt to e2ef136b 
Dealt to Hero [2d Ks]
Dealt to 313c2b52 
de38f9c3: folds
a05b24a9: folds
e2ef136b: folds
Hero: folds
Uncalled bet ($0.03) returned to 313c2b52
*** SHOWDOWN ***
313c2b52 collected $0.04 from pot
*** SUMMARY ***
Total pot $0.04 | Rake $0 | Jackpot $0 | Bingo $0 | Fortune $0
Seat 1: de38f9c3 folded before Flop (didn't bet)
Seat 2: a05b24a9 folded before Flop (didn't bet)
Seat 3: e2ef136b (button) folded before Flop (didn't bet)
Seat 4: Hero (small blind) folded before Flop
Seat 5: 313c2b52 (big blind) collected ($0.04)


Poker Hand #HD1178412054: Hold'em No Limit  ($0.02/$0.05) - 2023/03/27 19:08:04
Table 'NLHBlue72' 6-max Seat #2 is the button
Seat 1: de38f9c3 ($11.2 in chips)
Seat 2: a05b24a9 ($2.92 in chips)
Seat 3: e2ef136b ($4.12 in chips)
Seat 4: Hero ($5.79 in chips)
Seat 5: 313c2b52 ($5.94 in chips)
e2ef136b: posts small blind $0.02
Hero: posts big blind $0.05
*** HOLE CARDS ***
Dealt to de38f9c3 
Dealt to a05b24a9 
Dealt to e2ef136b 
Dealt to Hero [Ks Td]
Dealt to 313c2b52 
313c2b52: folds
de38f9c3: raises $0.1 to $0.15
a05b24a9: calls $0.15
e2ef136b: folds
Hero: calls $0.1
*** FLOP *** [3d Ts 8c]
Hero: bets $0.12
de38f9c3: raises $0.36 to $0.48
a05b24a9: folds
Hero: folds
Uncalled bet ($0.36) returned to de38f9c3
*** SHOWDOWN ***
de38f9c3 collected $0.68 from pot
*** SUMMARY ***
Total pot $0.71 | Rake $0.03 | Jackpot $0 | Bingo $0 | Fortune $0
Board [3d Ts 8c]
Seat 1: de38f9c3 won ($0.68)
Seat 2: a05b24a9 (button) folded on the Flop
Seat 3: e2ef136b (small blind) folded before Flop
Seat 4: Hero (big blind) folded on the Flop
Seat 5: 313c2b52 folded before Flop (didn't bet)


Poker Hand #HD1178411844: Hold'em No Limit  ($0.02/$0.05) - 2023/03/27 19:06:58
Table 'NLHBlue72' 6-max Seat #1 is the button
Seat 1: de38f9c3 ($11.2 in chips)
Seat 2: a05b24a9 ($3.14 in chips)
Seat 3: e2ef136b ($3.92 in chips)
Seat 4: Hero ($5.79 in chips)
Seat 5: 313c2b52 ($5.94 in chips)
a05b24a9: posts small blind $0.02
e2ef136b: posts big blind $0.05
*** HOLE CARDS ***
Dealt to de38f9c3 
Dealt to a05b24a9 
Dealt to e2ef136b 
Dealt to Hero [Kc 2c]
Dealt to 313c2b52 
Hero: folds
313c2b52: folds
de38f9c3: folds
a05b24a9: calls $0.03
e2ef136b: raises $0.07 to $0.12
a05b24a9: calls $0.07
*** FLOP *** [Tc 9c 5h]
a05b24a9: checks
e2ef136b: bets $0.1
a05b24a9: calls $0.1
*** TURN *** [Tc 9c 5h] [2s]
a05b24a9: checks
e2ef136b: bets $0.3
a05b24a9: folds
Uncalled bet ($0.3) returned to e2ef136b
*** SHOWDOWN ***
e2ef136b collected $0.42 from pot
*** SUMMARY ***
Total pot $0.44 | Rake $0.02 | Jackpot $0 | Bingo $0 | Fortune $0
Board [Tc 9c 5h 2s]
Seat 1: de38f9c3 (button) folded before Flop (didn't bet)
Seat 2: a05b24a9 (small blind) folded on the Turn
Seat 3: e2ef136b (big blind) won ($0.42)
Seat 4: Hero folded before Flop (didn't bet)
Seat 5: 313c2b52 folded before Flop (didn't bet)


Poker Hand #HD1178411579: Hold'em No Limit  ($0.02/$0.05) - 2023/03/27 19:05:35
Table 'NLHBlue72' 6-max Seat #5 is the button
Seat 1: de38f9c3 ($11.25 in chips)
Seat 2: a05b24a9 ($4.17 in chips)
Seat 3: e2ef136b ($2.68 in chips)
Seat 4: Hero ($6.09 in chips)
Seat 5: 313c2b52 ($5.94 in chips)
Seat 6: 3824b2b8 ($2.24 in chips)
3824b2b8: posts small blind $0.02
de38f9c3: posts big blind $0.05
*** HOLE CARDS ***
Dealt to de38f9c3 
Dealt to a05b24a9 
Dealt to e2ef136b 
Dealt to Hero [Qh Ah]
Dealt to 313c2b52 
Dealt to 3824b2b8 
a05b24a9: raises $0.05 to $0.1
e2ef136b: raises $0.2 to $0.3
Hero: calls $0.3
313c2b52: folds
3824b2b8: folds
de38f9c3: folds
a05b24a9: calls $0.2
*** FLOP *** [2d 5d 8s]
a05b24a9: checks
e2ef136b: checks
Hero: checks
*** TURN *** [2d 5d 8s] [7s]
a05b24a9: checks
e2ef136b: checks
Hero: checks
*** RIVER *** [2d 5d 8s 7s] [Jd]
a05b24a9: bets $0.73
e2ef136b: calls $0.73
Hero: folds
a05b24a9: shows [9d Qs] (Queen-High)
e2ef136b: shows [As Jc] (Pair of Jacks)
*** SHOWDOWN ***
e2ef136b collected $2.27 from pot
*** SUMMARY ***
Total pot $2.43 | Rake $0.11 | Jackpot $0.05 | Bingo $0 | Fortune $0
Board [2d 5d 8s 7s Jd]
Seat 1: de38f9c3 (big blind) folded before Flop
Seat 2: a05b24a9 showed [9d Qs] and lost with Queen-High
Seat 3: e2ef136b showed [As Jc] and won ($2.27) with Pair of Jacks
Seat 4: Hero folded on the River
Seat 5: 313c2b52 (button) folded before Flop (didn't bet)
Seat 6: 3824b2b8 (small blind) folded before Flop


Poker Hand #HD1178411417: Hold'em No Limit  ($0.02/$0.05) - 2023/03/27 19:04:42
Table 'NLHBlue72' 6-max Seat #4 is the button
Seat 1: de38f9c3 ($11.17 in chips)
Seat 2: a05b24a9 ($4.17 in chips)
Seat 3: e2ef136b ($2.68 in chips)
Seat 4: Hero ($6.01 in chips)
Seat 5: 313c2b52 ($6.09 in chips)
Seat 6: 3824b2b8 ($2.29 in chips)
313c2b52: posts small blind $0.02
3824b2b8: posts big blind $0.05
*** HOLE CARDS ***
Dealt to de38f9c3 
Dealt to a05b24a9 
Dealt to e2ef136b 
Dealt to Hero [Ah Jh]
Dealt to 313c2b52 
Dealt to 3824b2b8 
de38f9c3: raises $0.1 to $0.15
a05b24a9: folds
e2ef136b: folds
Hero: calls $0.15
313c2b52: calls $0.13
3824b2b8: folds
*** FLOP *** [2d Jd 3d]
313c2b52: checks
de38f9c3: bets $0.25
Hero: calls $0.25
313c2b52: folds
*** TURN *** [2d Jd 3d] [9d]
de38f9c3: checks
Hero: checks
*** RIVER *** [2d Jd 3d 9d] [3c]
de38f9c3: checks
Hero: checks
de38f9c3: shows [Jc As] (Pair of Jacks and Pair of Treys)
Hero: shows [Ah Jh] (Pair of Jacks and Pair of Treys)
*** SHOWDOWN ***
de38f9c3 collected $0.48 from pot
Hero collected $0.48 from pot
*** SUMMARY ***
Total pot $1 | Rake $0.04 | Jackpot $0 | Bingo $0 | Fortune $0
Board [2d Jd 3d 9d 3c]
Seat 1: de38f9c3 showed [Jc As] and won ($0.48) with Pair of Jacks and Pair of Treys
Seat 2: a05b24a9 folded before Flop (didn't bet)
Seat 3: e2ef136b folded before Flop (didn't bet)
Seat 4: Hero (button) showed [Ah Jh] and won ($0.48) with Pair of Jacks and Pair of Treys
Seat 5: 313c2b52 (small blind) folded on the Flop
Seat 6: 3824b2b8 (big blind) folded before Flop


Poker Hand #HD1178411221: Hold'em No Limit  ($0.02/$0.05) - 2023/03/27 19:03:38
Table 'NLHBlue72' 6-max Seat #3 is the button
Seat 1: de38f9c3 ($11.17 in chips)
Seat 2: a05b24a9 ($3.69 in chips)
Seat 3: e2ef136b ($2.68 in chips)
Seat 4: Hero ($6.03 in chips)
Seat 5: 313c2b52 ($6.55 in chips)
Seat 6: 3824b2b8 ($2.34 in chips)
Hero: posts small blind $0.02
313c2b52: posts big blind $0.05
*** HOLE CARDS ***
Dealt to de38f9c3 
Dealt to a05b24a9 
Dealt to e2ef136b 
Dealt to Hero [9d 2d]
Dealt to 313c2b52 
Dealt to 3824b2b8 
3824b2b8: calls $0.05
de38f9c3: folds
a05b24a9: raises $0.17 to $0.22
e2ef136b: folds
Hero: folds
313c2b52: calls $0.17
3824b2b8: folds
*** FLOP *** [3c Td 4d]
313c2b52: checks
a05b24a9: checks
*** TURN *** [3c Td 4d] [Qs]
313c2b52: checks
a05b24a9: checks
*** RIVER *** [3c Td 4d Qs] [3d]
313c2b52: bets $0.24
a05b24a9: raises $0.75 to $0.99
313c2b52: folds
Uncalled bet ($0.75) returned to a05b24a9
*** SHOWDOWN ***
a05b24a9 collected $0.94 from pot
*** SUMMARY ***
Total pot $0.99 | Rake $0.05 | Jackpot $0 | Bingo $0 | Fortune $0
Board [3c Td 4d Qs 3d]
Seat 1: de38f9c3 folded before Flop (didn't bet)
Seat 2: a05b24a9 won ($0.94)
Seat 3: e2ef136b (button) folded before Flop (didn't bet)
Seat 4: Hero (small blind) folded before Flop
Seat 5: 313c2b52 (big blind) folded on the River
Seat 6: 3824b2b8 folded before Flop


Poker Hand #HD1178411093: Hold'em No Limit  ($0.02/$0.05) - 2023/03/27 19:02:58
Table 'NLHBlue72' 6-max Seat #2 is the button
Seat 1: de38f9c3 ($11.37 in chips)
Seat 2: a05b24a9 ($3.89 in chips)
Seat 3: e2ef136b ($2.7 in chips)
Seat 4: Hero ($6.08 in chips)
Seat 5: 313c2b52 ($6.55 in chips)
Seat 6: 3824b2b8 ($1.9 in chips)
e2ef136b: posts small blind $0.02
Hero: posts big blind $0.05
*** HOLE CARDS ***
Dealt to de38f9c3 
Dealt to a05b24a9 
Dealt to e2ef136b 
Dealt to Hero [5c 9s]
Dealt to 313c2b52 
Dealt to 3824b2b8 
313c2b52: folds
3824b2b8: calls $0.05
de38f9c3: raises $0.15 to $0.2
a05b24a9: calls $0.2
e2ef136b: folds
Hero: folds
3824b2b8: calls $0.15
*** FLOP *** [Jc 2h 6c]
3824b2b8: bets $0.34
de38f9c3: folds
a05b24a9: folds
Uncalled bet ($0.34) returned to 3824b2b8
*** SHOWDOWN ***
3824b2b8 collected $0.64 from pot
*** SUMMARY ***
Total pot $0.67 | Rake $0.03 | Jackpot $0 | Bingo $0 | Fortune $0
Board [Jc 2h 6c]
Seat 1: de38f9c3 folded on the Flop
Seat 2: a05b24a9 (button) folded on the Flop
Seat 3: e2ef136b (small blind) folded before Flop
Seat 4: Hero (big blind) folded before Flop
Seat 5: 313c2b52 folded before Flop (didn't bet)
Seat 6: 3824b2b8 won ($0.64)


Poker Hand #HD1178410897: Hold'em No Limit  ($0.02/$0.05) - 2023/03/27 19:01:57
Table 'NLHBlue72' 6-max Seat #1 is the button
Seat 1: de38f9c3 ($11.37 in chips)
Seat 2: a05b24a9 ($4.89 in chips)
Seat 3: e2ef136b ($2.75 in chips)
Seat 4: Hero ($6.08 in chips)
Seat 5: 313c2b52 ($6.55 in chips)
Seat 6: 3824b2b8 ($1 in chips)
a05b24a9: posts small blind $0.02
e2ef136b: posts big blind $0.05
3824b2b8: posts big blind $0.05
*** HOLE CARDS ***
Dealt to de38f9c3 
Dealt to a05b24a9 
Dealt to e2ef136b 
Dealt to Hero [2s Kh]
Dealt to 313c2b52 
Dealt to 3824b2b8 
Hero: folds
313c2b52: folds
3824b2b8: raises $0.1 to $0.15
de38f9c3: folds
a05b24a9: calls $0.13
e2ef136b: folds
*** FLOP *** [Ks Kc 4h]
a05b24a9: checks
3824b2b8: bets $0.12
a05b24a9: calls $0.12
*** TURN *** [Ks Kc 4h] [9c]
a05b24a9: checks
3824b2b8: bets $0.3
a05b24a9: calls $0.3
*** RIVER *** [Ks Kc 4h 9c] [Qh]
a05b24a9: bets $0.6
3824b2b8: calls $0.43 and is all-in
Uncalled bet ($0.17) returned to a05b24a9
a05b24a9: shows [Jc 7c] (Pair of Kings)
3824b2b8: shows [8s 8h] (Pair of Kings and Pair of Eights)
*** SHOWDOWN ***
3824b2b8 collected $1.9 from pot
*** SUMMARY ***
Total pot $2.05 | Rake $0.1 | Jackpot $0.05 | Bingo $0 | Fortune $0
Board [Ks Kc 4h 9c Qh]
Seat 1: de38f9c3 (button) folded before Flop (didn't bet)
Seat 2: a05b24a9 (small blind) showed [Jc 7c] and lost with Pair of Kings
Seat 3: e2ef136b (big blind) folded before Flop
Seat 4: Hero folded before Flop (didn't bet)
Seat 5: 313c2b52 folded before Flop (didn't bet)
Seat 6: 3824b2b8 showed [8s 8h] and won ($1.9) with Pair of Kings and Pair of Eights


Poker Hand #HD1178410730: Hold'em No Limit  ($0.02/$0.05) - 2023/03/27 19:01:04
Table 'NLHBlue72' 6-max Seat #5 is the button
Seat 1: de38f9c3 ($11.39 in chips)
Seat 2: a05b24a9 ($4.7 in chips)
Seat 3: e2ef136b ($2.75 in chips)
Seat 4: Hero ($6.08 in chips)
Seat 5: 313c2b52 ($6.73 in chips)
de38f9c3: posts small blind $0.02
a05b24a9: posts big blind $0.05
*** HOLE CARDS ***
Dealt to de38f9c3 
Dealt to a05b24a9 
Dealt to e2ef136b 
Dealt to Hero [4s 7h]
Dealt to 313c2b52 
e2ef136b: folds
Hero: folds
313c2b52: raises $0.05 to $0.1
de38f9c3: folds
a05b24a9: calls $0.05
*** FLOP *** [3c 7c 8d]
a05b24a9: checks
313c2b52: bets $0.08
a05b24a9: calls $0.08
*** TURN *** [3c 7c 8d] [3s]
a05b24a9: checks
313c2b52: checks
*** RIVER *** [3c 7c 8d 3s] [5s]
a05b24a9: bets $0.38
313c2b52: folds
Uncalled bet ($0.38) returned to a05b24a9
*** SHOWDOWN ***
a05b24a9 collected $0.37 from pot
*** SUMMARY ***
Total pot $0.38 | Rake $0.01 | Jackpot $0 | Bingo $0 | Fortune $0
Board [3c 7c 8d 3s 5s]
Seat 1: de38f9c3 (small blind) folded before Flop
Seat 2: a05b24a9 (big blind) won ($0.37)
Seat 3: e2ef136b folded before Flop (didn't bet)
Seat 4: Hero folded before Flop (didn't bet)
Seat 5: 313c2b52 (button) folded on the River


Poker Hand #HD1178410654: Hold'em No Limit  ($0.02/$0.05) - 2023/03/27 19:00:42
Table 'NLHBlue72' 6-max Seat #4 is the button
Seat 1: de38f9c3 ($11.44 in chips)
Seat 2: a05b24a9 ($4.63 in chips)
Seat 3: e2ef136b ($2.75 in chips)
Seat 4: Hero ($6.08 in chips)
Seat 5: 313c2b52 ($6.75 in chips)
313c2b52: posts small blind $0.02
de38f9c3: posts big blind $0.05
*** HOLE CARDS ***
Dealt to de38f9c3 
Dealt to a05b24a9 
Dealt to e2ef136b 
Dealt to Hero [Kd 9d]
Dealt to 313c2b52 
a05b24a9: raises $0.1 to $0.15
e2ef136b: folds
Hero: folds
313c2b52: folds
de38f9c3: folds
Uncalled bet ($0.1) returned to a05b24a9
*** SHOWDOWN ***
a05b24a9 collected $0.12 from pot
*** SUMMARY ***
Total pot $0.12 | Rake $0 | Jackpot $0 | Bingo $0 | Fortune $0
Seat 1: de38f9c3 (big blind) folded before Flop
Seat 2: a05b24a9 collected ($0.12)
Seat 3: e2ef136b folded before Flop (didn't bet)
Seat 4: Hero (button) folded before Flop (didn't bet)
Seat 5: 313c2b52 (small blind) folded before Flop


Poker Hand #HD1178410612: Hold'em No Limit  ($0.02/$0.05) - 2023/03/27 19:00:29
Table 'NLHBlue72' 6-max Seat #3 is the button
Seat 1: de38f9c3 ($11.44 in chips)
Seat 2: a05b24a9 ($4.56 in chips)
Seat 3: e2ef136b ($2.75 in chips)
Seat 4: Hero ($6.1 in chips)
Seat 5: 313c2b52 ($6.8 in chips)
Hero: posts small blind $0.02
313c2b52: posts big blind $0.05
*** HOLE CARDS ***
Dealt to de38f9c3 
Dealt to a05b24a9 
Dealt to e2ef136b 
Dealt to Hero [8h Qd]
Dealt to 313c2b52 
de38f9c3: folds
a05b24a9: raises $0.1 to $0.15
e2ef136b: folds
Hero: folds
313c2b52: folds
Uncalled bet ($0.1) returned to a05b24a9
*** SHOWDOWN ***
a05b24a9 collected $0.12 from pot
*** SUMMARY ***
Total pot $0.12 | Rake $0 | Jackpot $0 | Bingo $0 | Fortune $0
Seat 1: de38f9c3 folded before Flop (didn't bet)
Seat 2: a05b24a9 collected ($0.12)
Seat 3: e2ef136b (button) folded before Flop (didn't bet)
Seat 4: Hero (small blind) folded before Flop
Seat 5: 313c2b52 (big blind) folded before Flop


Poker Hand #HD1178410514: Hold'em No Limit  ($0.02/$0.05) - 2023/03/27 18:59:54
Table 'NLHBlue72' 6-max Seat #2 is the button
Seat 1: de38f9c3 ($11.44 in chips)
Seat 2: a05b24a9 ($4.56 in chips)
Seat 3: e2ef136b ($2.85 in chips)
Seat 4: Hero ($6.15 in chips)
Seat 5: 313c2b52 ($6.66 in chips)
e2ef136b: posts small blind $0.02
Hero: posts big blind $0.05
*** HOLE CARDS ***
Dealt to de38f9c3 
Dealt to a05b24a9 
Dealt to e2ef136b 
Dealt to Hero [7c 4h]
Dealt to 313c2b52 
313c2b52: raises $0.05 to $0.1
de38f9c3: folds
a05b24a9: folds
e2ef136b: calls $0.08
Hero: folds
*** FLOP *** [9c Ad 5h]
e2ef136b: checks
313c2b52: bets $0.1
e2ef136b: folds
Uncalled bet ($0.1) returned to 313c2b52
*** SHOWDOWN ***
313c2b52 collected $0.24 from pot
*** SUMMARY ***
Total pot $0.25 | Rake $0.01 | Jackpot $0 | Bingo $0 | Fortune $0
Board [9c Ad 5h]
Seat 1: de38f9c3 folded before Flop (didn't bet)
Seat 2: a05b24a9 (button) folded before Flop (didn't bet)
Seat 3: e2ef136b (small blind) folded on the Flop
Seat 4: Hero (big blind) folded before Flop
Seat 5: 313c2b52 won ($0.24)


Poker Hand #HD1178410320: Hold'em No Limit  ($0.02/$0.05) - 2023/03/27 18:58:52
Table 'NLHBlue72' 6-max Seat #1 is the button
Seat 1: de38f9c3 ($11.44 in chips)
Seat 2: a05b24a9 ($4.58 in chips)
Seat 3: e2ef136b ($2.41 in chips)
Seat 4: Hero ($6.15 in chips)
Seat 5: 313c2b52 ($7.12 in chips)
Seat 6: 56e87236 ($6.02 in chips)
a05b24a9: posts small blind $0.02
e2ef136b: posts big blind $0.05
*** HOLE CARDS ***
Dealt to de38f9c3 
Dealt to a05b24a9 
Dealt to e2ef136b 
Dealt to Hero [Tc 7d]
Dealt to 313c2b52 
Dealt to 56e87236 
Hero: folds
313c2b52: raises $0.05 to $0.1
56e87236: folds
de38f9c3: folds
a05b24a9: folds
e2ef136b: calls $0.05
*** FLOP *** [Qs 2c 8d]
e2ef136b: checks
313c2b52: bets $0.13
e2ef136b: calls $0.13
*** TURN *** [Qs 2c 8d] [Ad]
e2ef136b: checks
313c2b52: bets $0.23
e2ef136b: calls $0.23
*** RIVER *** [Qs 2c 8d Ad] [2h]
e2ef136b: checks
313c2b52: checks
e2ef136b: shows [Ts Qh] (Pair of Queens and Pair of Twos)
313c2b52: shows [8s 7s] (Pair of Eights and Pair of Twos)
*** SHOWDOWN ***
e2ef136b collected $0.9 from pot
*** SUMMARY ***
Total pot $0.94 | Rake $0.04 | Jackpot $0 | Bingo $0 | Fortune $0
Board [Qs 2c 8d Ad 2h]
Seat 1: de38f9c3 (button) folded before Flop (didn't bet)
Seat 2: a05b24a9 (small blind) folded before Flop
Seat 3: e2ef136b (big blind) showed [Ts Qh] and won ($0.9) with Pair of Queens and Pair of Twos
Seat 4: Hero folded before Flop (didn't bet)
Seat 5: 313c2b52 showed [8s 7s] and lost with Pair of Eights and Pair of Twos
Seat 6: 56e87236 folded before Flop (didn't bet)


Poker Hand #HD1178410188: Hold'em No Limit  ($0.02/$0.05) - 2023/03/27 18:58:11
Table 'NLHBlue72' 6-max Seat #6 is the button
Seat 1: de38f9c3 ($11.46 in chips)
Seat 2: a05b24a9 ($4.63 in chips)
Seat 3: e2ef136b ($2.41 in chips)
Seat 4: Hero ($6.15 in chips)
Seat 5: 313c2b52 ($7.05 in chips)
Seat 6: 56e87236 ($6.02 in chips)
de38f9c3: posts small blind $0.02
a05b24a9: posts big blind $0.05
*** HOLE CARDS ***
Dealt to de38f9c3 
Dealt to a05b24a9 
Dealt to e2ef136b 
Dealt to Hero [3s 2s]
Dealt to 313c2b52 
Dealt to 56e87236 
e2ef136b: folds
Hero: folds
313c2b52: raises $0.05 to $0.1
56e87236: folds
de38f9c3: folds
a05b24a9: folds
Uncalled bet ($0.05) returned to 313c2b52
*** SHOWDOWN ***
313c2b52 collected $0.12 from pot
*** SUMMARY ***
Total pot $0.12 | Rake $0 | Jackpot $0 | Bingo $0 | Fortune $0
Seat 1: de38f9c3 (small blind) folded before Flop
Seat 2: a05b24a9 (big blind) folded before Flop
Seat 3: e2ef136b folded before Flop (didn't bet)
Seat 4: Hero folded before Flop (didn't bet)
Seat 5: 313c2b52 collected ($0.12)
Seat 6: 56e87236 (button) folded before Flop (didn't bet)


Poker Hand #HD1178410136: Hold'em No Limit  ($0.02/$0.05) - 2023/03/27 18:57:56
Table 'NLHBlue72' 6-max Seat #5 is the button
Seat 1: de38f9c3 ($11.51 in chips)
Seat 2: a05b24a9 ($4.63 in chips)
Seat 3: e2ef136b ($2.41 in chips)
Seat 4: Hero ($6.15 in chips)
Seat 5: 313c2b52 ($6.98 in chips)
Seat 6: 56e87236 ($6.04 in chips)
56e87236: posts small blind $0.02
de38f9c3: posts big blind $0.05
*** HOLE CARDS ***
Dealt to de38f9c3 
Dealt to a05b24a9 
Dealt to e2ef136b 
Dealt to Hero [5s 3s]
Dealt to 313c2b52 
Dealt to 56e87236 
a05b24a9: folds
e2ef136b: folds
Hero: folds
313c2b52: raises $0.05 to $0.1
56e87236: folds
de38f9c3: folds
Uncalled bet ($0.05) returned to 313c2b52
*** SHOWDOWN ***
313c2b52 collected $0.12 from pot
*** SUMMARY ***
Total pot $0.12 | Rake $0 | Jackpot $0 | Bingo $0 | Fortune $0
Seat 1: de38f9c3 (big blind) folded before Flop
Seat 2: a05b24a9 folded before Flop (didn't bet)
Seat 3: e2ef136b folded before Flop (didn't bet)
Seat 4: Hero folded before Flop (didn't bet)
Seat 5: 313c2b52 (button) collected ($0.12)
Seat 6: 56e87236 (small blind) folded before Flop


Poker Hand #HD1178409949: Hold'em No Limit  ($0.02/$0.05) - 2023/03/27 18:56:57
Table 'NLHBlue72' 6-max Seat #4 is the button
Seat 1: de38f9c3 ($11.51 in chips)
Seat 2: a05b24a9 ($4.91 in chips)
Seat 3: e2ef136b ($2.09 in chips)
Seat 4: Hero ($6.15 in chips)
Seat 5: 313c2b52 ($7 in chips)
Seat 6: 56e87236 ($6.09 in chips)
313c2b52: posts small blind $0.02
56e87236: posts big blind $0.05
*** HOLE CARDS ***
Dealt to de38f9c3 
Dealt to a05b24a9 
Dealt to e2ef136b 
Dealt to Hero [2h Jc]
Dealt to 313c2b52 
Dealt to 56e87236 
de38f9c3: folds
a05b24a9: raises $0.05 to $0.1
e2ef136b: calls $0.1
Hero: folds
313c2b52: folds
56e87236: folds
*** FLOP *** [8s 5d 2s]
a05b24a9: checks
e2ef136b: bets $0.18
a05b24a9: calls $0.18
*** TURN *** [8s 5d 2s] [Qh]
a05b24a9: checks
e2ef136b: bets $0.42
a05b24a9: folds
Uncalled bet ($0.42) returned to e2ef136b
*** SHOWDOWN ***
e2ef136b collected $0.6 from pot
*** SUMMARY ***
Total pot $0.63 | Rake $0.03 | Jackpot $0 | Bingo $0 | Fortune $0
Board [8s 5d 2s Qh]
Seat 1: de38f9c3 folded before Flop (didn't bet)
Seat 2: a05b24a9 folded on the Turn
Seat 3: e2ef136b won ($0.6)
Seat 4: Hero (button) folded before Flop (didn't bet)
Seat 5: 313c2b52 (small blind) folded before Flop
Seat 6: 56e87236 (big blind) folded before Flop


Poker Hand #HD1178409777: Hold'em No Limit  ($0.02/$0.05) - 2023/03/27 18:56:01
Table 'NLHBlue72' 6-max Seat #3 is the button
Seat 1: de38f9c3 ($11.51 in chips)
Seat 2: a05b24a9 ($4.75 in chips)
Seat 3: e2ef136b ($2.09 in chips)
Seat 4: Hero ($6.17 in chips)
Seat 5: 313c2b52 ($7.15 in chips)
Seat 6: 56e87236 ($6.09 in chips)
Hero: posts small blind $0.02
313c2b52: posts big blind $0.05
*** HOLE CARDS ***
Dealt to de38f9c3 
Dealt to a05b24a9 
Dealt to e2ef136b 
Dealt to Hero [4s 9s]
Dealt to 313c2b52 
Dealt to 56e87236 
56e87236: folds
de38f9c3: folds
a05b24a9: raises $0.1 to $0.15
e2ef136b: folds
Hero: folds
313c2b52: calls $0.1
*** FLOP *** [Qh Kc 2h]
313c2b52: checks
a05b24a9: bets $0.24
313c2b52: folds
Uncalled bet ($0.24) returned to a05b24a9
*** SHOWDOWN ***
a05b24a9 collected $0.31 from pot
*** SUMMARY ***
Total pot $0.32 | Rake $0.01 | Jackpot $0 | Bingo $0 | Fortune $0
Board [Qh Kc 2h]
Seat 1: de38f9c3 folded before Flop (didn't bet)
Seat 2: a05b24a9 won ($0.31)
Seat 3: e2ef136b (button) folded before Flop (didn't bet)
Seat 4: Hero (small blind) folded before Flop
Seat 5: 313c2b52 (big blind) folded on the Flop
Seat 6: 56e87236 folded before Flop (didn't bet)


Poker Hand #HD1178409582: Hold'em No Limit  ($0.02/$0.05) - 2023/03/27 18:55:01
Table 'NLHBlue72' 6-max Seat #2 is the button
Seat 1: de38f9c3 ($11.51 in chips)
Seat 2: a05b24a9 ($4.75 in chips)
Seat 3: e2ef136b ($2.11 in chips)
Seat 4: Hero ($6.22 in chips)
Seat 5: 313c2b52 ($6.8 in chips)
Seat 6: 56e87236 ($6.4 in chips)
e2ef136b: posts small blind $0.02
Hero: posts big blind $0.05
*** HOLE CARDS ***
Dealt to de38f9c3 
Dealt to a05b24a9 
Dealt to e2ef136b 
Dealt to Hero [3c 5s]
Dealt to 313c2b52 
Dealt to 56e87236 
313c2b52: raises $0.05 to $0.1
56e87236: raises $0.21 to $0.31
de38f9c3: folds
a05b24a9: folds
e2ef136b: folds
Hero: folds
313c2b52: calls $0.21
*** FLOP *** [Ks Kh 7s]
313c2b52: checks
56e87236: checks
*** TURN *** [Ks Kh 7s] [4s]
313c2b52: bets $0.47
56e87236: folds
Uncalled bet ($0.47) returned to 313c2b52
*** SHOWDOWN ***
313c2b52 collected $0.66 from pot
*** SUMMARY ***
Total pot $0.69 | Rake $0.03 | Jackpot $0 | Bingo $0 | Fortune $0
Board [Ks Kh 7s 4s]
Seat 1: de38f9c3 folded before Flop (didn't bet)
Seat 2: a05b24a9 (button) folded before Flop (didn't bet)
Seat 3: e2ef136b (small blind) folded before Flop
Seat 4: Hero (big blind) folded before Flop
Seat 5: 313c2b52 won ($0.66)
Seat 6: 56e87236 folded on the Turn


Poker Hand #HD1178409503: Hold'em No Limit  ($0.02/$0.05) - 2023/03/27 18:54:38
Table 'NLHBlue72' 6-max Seat #1 is the button
Seat 1: de38f9c3 ($11.51 in chips)
Seat 2: a05b24a9 ($4.77 in chips)
Seat 3: e2ef136b ($2.16 in chips)
Seat 4: Hero ($6.22 in chips)
Seat 5: 313c2b52 ($6.8 in chips)
Seat 6: 56e87236 ($6.33 in chips)
a05b24a9: posts small blind $0.02
e2ef136b: posts big blind $0.05
*** HOLE CARDS ***
Dealt to de38f9c3 
Dealt to a05b24a9 
Dealt to e2ef136b 
Dealt to Hero [Qh 3s]
Dealt to 313c2b52 
Dealt to 56e87236 
Hero: folds
313c2b52: folds
56e87236: raises $0.1 to $0.15
de38f9c3: folds
a05b24a9: folds
e2ef136b: folds
Uncalled bet ($0.1) returned to 56e87236
*** SHOWDOWN ***
56e87236 collected $0.12 from pot
*** SUMMARY ***
Total pot $0.12 | Rake $0 | Jackpot $0 | Bingo $0 | Fortune $0
Seat 1: de38f9c3 (button) folded before Flop (didn't bet)
Seat 2: a05b24a9 (small blind) folded before Flop
Seat 3: e2ef136b (big blind) folded before Flop
Seat 4: Hero folded before Flop (didn't bet)
Seat 5: 313c2b52 folded before Flop (didn't bet)
Seat 6: 56e87236 collected ($0.12)


Poker Hand #HD1178409309: Hold'em No Limit  ($0.02/$0.05) - 2023/03/27 18:53:33
Table 'NLHBlue72' 6-max Seat #6 is the button
Seat 1: de38f9c3 ($11.53 in chips)
Seat 2: a05b24a9 ($4.95 in chips)
Seat 3: e2ef136b ($2.16 in chips)
Seat 4: Hero ($6.22 in chips)
Seat 5: 313c2b52 ($6.61 in chips)
Seat 6: 56e87236 ($6.33 in chips)
de38f9c3: posts small blind $0.02
a05b24a9: posts big blind $0.05
*** HOLE CARDS ***
Dealt to de38f9c3 
Dealt to a05b24a9 
Dealt to e2ef136b 
Dealt to Hero [Kc 5h]
Dealt to 313c2b52 
Dealt to 56e87236 
e2ef136b: folds
Hero: folds
313c2b52: raises $0.05 to $0.1
56e87236: folds
de38f9c3: folds
a05b24a9: calls $0.05
*** FLOP *** [2h Kd 9d]
a05b24a9: checks
313c2b52: bets $0.08
a05b24a9: calls $0.08
*** TURN *** [2h Kd 9d] [Ac]
a05b24a9: checks
313c2b52: bets $0.31
a05b24a9: folds
Uncalled bet ($0.31) returned to 313c2b52
*** SHOWDOWN ***
313c2b52 collected $0.37 from pot
*** SUMMARY ***
Total pot $0.38 | Rake $0.01 | Jackpot $0 | Bingo $0 | Fortune $0
Board [2h Kd 9d Ac]
Seat 1: de38f9c3 (small blind) folded before Flop
Seat 2: a05b24a9 (big blind) folded on the Turn
Seat 3: e2ef136b folded before Flop (didn't bet)
Seat 4: Hero folded before Flop (didn't bet)
Seat 5: 313c2b52 won ($0.37)
Seat 6: 56e87236 (button) folded before Flop (didn't bet)


Poker Hand #HD1178409239: Hold'em No Limit  ($0.02/$0.05) - 2023/03/27 18:53:10
Table 'NLHBlue72' 6-max Seat #5 is the button
Seat 1: de38f9c3 ($11.58 in chips)
Seat 2: a05b24a9 ($5 in chips)
Seat 3: e2ef136b ($2.16 in chips)
Seat 4: Hero ($6.22 in chips)
Seat 5: 313c2b52 ($6.61 in chips)
Seat 6: 56e87236 ($6.23 in chips)
56e87236: posts small blind $0.02
de38f9c3: posts big blind $0.05
a05b24a9: posts big blind $0.05
*** HOLE CARDS ***
Dealt to de38f9c3 
Dealt to a05b24a9 
Dealt to e2ef136b 
Dealt to Hero [7d Tc]
Dealt to 313c2b52 
Dealt to 56e87236 
a05b24a9: checks
e2ef136b: folds
Hero: folds
313c2b52: folds
56e87236: raises $0.2 to $0.25
de38f9c3: folds
a05b24a9: folds
Uncalled bet ($0.2) returned to 56e87236
*** SHOWDOWN ***
56e87236 collected $0.15 from pot
*** SUMMARY ***
Total pot $0.15 | Rake $0 | Jackpot $0 | Bingo $0 | Fortune $0
Seat 1: de38f9c3 (big blind) folded before Flop
Seat 2: a05b24a9 folded before Flop
Seat 3: e2ef136b folded before Flop (didn't bet)
Seat 4: Hero folded before Flop (didn't bet)
Seat 5: 313c2b52 (button) folded before Flop (didn't bet)
Seat 6: 56e87236 (small blind) collected ($0.15)


Poker Hand #HD1178409086: Hold'em No Limit  ($0.02/$0.05) - 2023/03/27 18:52:21
Table 'NLHBlue72' 6-max Seat #4 is the button
Seat 1: de38f9c3 ($11.73 in chips)
Seat 3: e2ef136b ($2.16 in chips)
Seat 4: Hero ($6.01 in chips)
Seat 5: 313c2b52 ($6.63 in chips)
Seat 6: 56e87236 ($6.28 in chips)
313c2b52: posts small blind $0.02
56e87236: posts big blind $0.05
*** HOLE CARDS ***
Dealt to de38f9c3 
Dealt to e2ef136b 
Dealt to Hero [Ac Qs]
Dealt to 313c2b52 
Dealt to 56e87236 
de38f9c3: raises $0.1 to $0.15
e2ef136b: folds
Hero: raises $0.25 to $0.4
313c2b52: folds
56e87236: folds
de38f9c3: folds
Uncalled bet ($0.25) returned to Hero
*** SHOWDOWN ***
Hero collected $0.36 from pot
*** SUMMARY ***
Total pot $0.37 | Rake $0.01 | Jackpot $0 | Bingo $0 | Fortune $0
Seat 1: de38f9c3 folded before Flop
Seat 3: e2ef136b folded before Flop (didn't bet)
Seat 4: Hero (button) collected ($0.36)
Seat 5: 313c2b52 (small blind) folded before Flop
Seat 6: 56e87236 (big blind) folded before Flop


Poker Hand #HD1178408825: Hold'em No Limit  ($0.02/$0.05) - 2023/03/27 18:50:55
Table 'NLHBlue72' 6-max Seat #3 is the button
Seat 1: de38f9c3 ($11.73 in chips)
Seat 2: a6f2c291 ($3.4 in chips)
Seat 3: e2ef136b ($2.16 in chips)
Seat 4: Hero ($6.28 in chips)
Seat 5: 313c2b52 ($6.68 in chips)
Seat 6: 56e87236 ($5.99 in chips)
Hero: posts small blind $0.02
313c2b52: posts big blind $0.05
*** HOLE CARDS ***
Dealt to de38f9c3 
Dealt to a6f2c291 
Dealt to e2ef136b 
Dealt to Hero [9d Ad]
Dealt to 313c2b52 
Dealt to 56e87236 
56e87236: raises $0.1 to $0.15
de38f9c3: folds
a6f2c291: folds
e2ef136b: folds
Hero: calls $0.13
313c2b52: folds
*** FLOP *** [5h 2h 2c]
Hero: checks
56e87236: bets $0.12
Hero: calls $0.12
*** TURN *** [5h 2h 2c] [7h]
Hero: checks
56e87236: checks
*** RIVER *** [5h 2h 2c 7h] [Js]
Hero: checks
56e87236: checks
Hero: shows [9d Ad] (Pair of Twos)
56e87236: shows [7s 6s] (Pair of Sevens and Pair of Twos)
*** SHOWDOWN ***
56e87236 collected $0.56 from pot
*** SUMMARY ***
Total pot $0.59 | Rake $0.03 | Jackpot $0 | Bingo $0 | Fortune $0
Board [5h 2h 2c 7h Js]
Seat 1: de38f9c3 folded before Flop (didn't bet)
Seat 2: a6f2c291 folded before Flop (didn't bet)
Seat 3: e2ef136b (button) folded before Flop (didn't bet)
Seat 4: Hero (small blind) showed [9d Ad] and lost with Pair of Twos
Seat 5: 313c2b52 (big blind) folded before Flop
Seat 6: 56e87236 showed [7s 6s] and won ($0.56) with Pair of Sevens and Pair of Twos


Poker Hand #HD1178408722: Hold'em No Limit  ($0.02/$0.05) - 2023/03/27 18:50:19
Table 'NLHBlue72' 6-max Seat #2 is the button
Seat 1: de38f9c3 ($11.73 in chips)
Seat 2: a6f2c291 ($3.27 in chips)
Seat 3: e2ef136b ($2.18 in chips)
Seat 4: Hero ($6.4 in chips)
Seat 5: 313c2b52 ($6.68 in chips)
Seat 6: 56e87236 ($5.99 in chips)
e2ef136b: posts small blind $0.02
Hero: posts big blind $0.05
*** HOLE CARDS ***
Dealt to de38f9c3 
Dealt to a6f2c291 
Dealt to e2ef136b 
Dealt to Hero [7s 9s]
Dealt to 313c2b52 
Dealt to 56e87236 
313c2b52: folds
56e87236: folds
de38f9c3: folds
a6f2c291: raises $0.07 to $0.12
e2ef136b: folds
Hero: calls $0.07
*** FLOP *** [Ah Qc 8d]
Hero: checks
a6f2c291: checks
*** TURN *** [Ah Qc 8d] [4h]
Hero: checks
a6f2c291: bets $0.09
Hero: folds
Uncalled bet ($0.09) returned to a6f2c291
*** SHOWDOWN ***
a6f2c291 collected $0.25 from pot
*** SUMMARY ***
Total pot $0.26 | Rake $0.01 | Jackpot $0 | Bingo $0 | Fortune $0
Board [Ah Qc 8d 4h]
Seat 1: de38f9c3 folded before Flop (didn't bet)
Seat 2: a6f2c291 (button) won ($0.25)
Seat 3: e2ef136b (small blind) folded before Flop
Seat 4: Hero (big blind) folded on the Turn
Seat 5: 313c2b52 folded before Flop (didn't bet)
Seat 6: 56e87236 folded before Flop (didn't bet)


Poker Hand #HD1178408651: Hold'em No Limit  ($0.02/$0.05) - 2023/03/27 18:49:57
Table 'NLHBlue72' 6-max Seat #1 is the button
Seat 1: de38f9c3 ($11.66 in chips)
Seat 2: a6f2c291 ($3.29 in chips)
Seat 3: e2ef136b ($2.23 in chips)
Seat 4: Hero ($6.4 in chips)
Seat 5: 313c2b52 ($6.68 in chips)
Seat 6: 56e87236 ($5.99 in chips)
a6f2c291: posts small blind $0.02
e2ef136b: posts big blind $0.05
*** HOLE CARDS ***
Dealt to de38f9c3 
Dealt to a6f2c291 
Dealt to e2ef136b 
Dealt to Hero [5c 7h]
Dealt to 313c2b52 
Dealt to 56e87236 
Hero: folds
313c2b52: folds
56e87236: folds
de38f9c3: raises $0.1 to $0.15
a6f2c291: folds
e2ef136b: folds
Uncalled bet ($0.1) returned to de38f9c3
*** SHOWDOWN ***
de38f9c3 collected $0.12 from pot
*** SUMMARY ***
Total pot $0.12 | Rake $0 | Jackpot $0 | Bingo $0 | Fortune $0
Seat 1: de38f9c3 (button) collected ($0.12)
Seat 2: a6f2c291 (small blind) folded before Flop
Seat 3: e2ef136b (big blind) folded before Flop
Seat 4: Hero folded before Flop (didn't bet)
Seat 5: 313c2b52 folded before Flop (didn't bet)
Seat 6: 56e87236 folded before Flop (didn't bet)


Poker Hand #HD1178408584: Hold'em No Limit  ($0.02/$0.05) - 2023/03/27 18:49:35
Table 'NLHBlue72' 6-max Seat #6 is the button
Seat 1: de38f9c3 ($11.68 in chips)
Seat 2: a6f2c291 ($3.34 in chips)
Seat 3: e2ef136b ($2.16 in chips)
Seat 4: Hero ($6.4 in chips)
Seat 5: 313c2b52 ($6.68 in chips)
Seat 6: 56e87236 ($5.99 in chips)
de38f9c3: posts small blind $0.02
a6f2c291: posts big blind $0.05
*** HOLE CARDS ***
Dealt to de38f9c3 
Dealt to a6f2c291 
Dealt to e2ef136b 
Dealt to Hero [6h Qs]
Dealt to 313c2b52 
Dealt to 56e87236 
e2ef136b: raises $0.08 to $0.13
Hero: folds
313c2b52: folds
56e87236: folds
de38f9c3: folds
a6f2c291: folds
Uncalled bet ($0.08) returned to e2ef136b
*** SHOWDOWN ***
e2ef136b collected $0.12 from pot
*** SUMMARY ***
Total pot $0.12 | Rake $0 | Jackpot $0 | Bingo $0 | Fortune $0
Seat 1: de38f9c3 (small blind) folded before Flop
Seat 2: a6f2c291 (big blind) folded before Flop
Seat 3: e2ef136b collected ($0.12)
Seat 4: Hero folded before Flop (didn't bet)
Seat 5: 313c2b52 folded before Flop (didn't bet)
Seat 6: 56e87236 (button) folded before Flop (didn't bet)


Poker Hand #HD1178408534: Hold'em No Limit  ($0.02/$0.05) - 2023/03/27 18:49:19
Table 'NLHBlue72' 6-max Seat #5 is the button
Seat 1: de38f9c3 ($11.73 in chips)
Seat 2: a6f2c291 ($3.34 in chips)
Seat 3: e2ef136b ($2.16 in chips)
Seat 4: Hero ($6.4 in chips)
Seat 5: 313c2b52 ($6.61 in chips)
Seat 6: 56e87236 ($6.01 in chips)
56e87236: posts small blind $0.02
de38f9c3: posts big blind $0.05
*** HOLE CARDS ***
Dealt to de38f9c3 
Dealt to a6f2c291 
Dealt to e2ef136b 
Dealt to Hero [5s Kh]
Dealt to 313c2b52 
Dealt to 56e87236 
a6f2c291: folds
e2ef136b: folds
Hero: folds
313c2b52: raises $0.05 to $0.1
56e87236: folds
de38f9c3: folds
Uncalled bet ($0.05) returned to 313c2b52
*** SHOWDOWN ***
313c2b52 collected $0.12 from pot
*** SUMMARY ***
Total pot $0.12 | Rake $0 | Jackpot $0 | Bingo $0 | Fortune $0
Seat 1: de38f9c3 (big blind) folded before Flop
Seat 2: a6f2c291 folded before Flop (didn't bet)
Seat 3: e2ef136b folded before Flop (didn't bet)
Seat 4: Hero folded before Flop (didn't bet)
Seat 5: 313c2b52 (button) collected ($0.12)
Seat 6: 56e87236 (small blind) folded before Flop


Poker Hand #HD1178408466: Hold'em No Limit  ($0.02/$0.05) - 2023/03/27 18:48:56
Table 'NLHBlue72' 6-max Seat #4 is the button
Seat 1: de38f9c3 ($11.66 in chips)
Seat 3: e2ef136b ($2.16 in chips)
Seat 4: Hero ($6.4 in chips)
Seat 5: 313c2b52 ($6.63 in chips)
Seat 6: 56e87236 ($6.06 in chips)
313c2b52: posts small blind $0.02
56e87236: posts big blind $0.05
*** HOLE CARDS ***
Dealt to de38f9c3 
Dealt to e2ef136b 
Dealt to Hero [2d 4s]
Dealt to 313c2b52 
Dealt to 56e87236 
de38f9c3: raises $0.1 to $0.15
e2ef136b: folds
Hero: folds
313c2b52: folds
56e87236: folds
Uncalled bet ($0.1) returned to de38f9c3
*** SHOWDOWN ***
de38f9c3 collected $0.12 from pot
*** SUMMARY ***
Total pot $0.12 | Rake $0 | Jackpot $0 | Bingo $0 | Fortune $0
Seat 1: de38f9c3 collected ($0.12)
Seat 3: e2ef136b folded before Flop (didn't bet)
Seat 4: Hero (button) folded before Flop (didn't bet)
Seat 5: 313c2b52 (small blind) folded before Flop
Seat 6: 56e87236 (big blind) folded before Flop


Poker Hand #HD1178408339: Hold'em No Limit  ($0.02/$0.05) - 2023/03/27 18:48:15
Table 'NLHBlue72' 6-max Seat #3 is the button
Seat 1: de38f9c3 ($11.66 in chips)
Seat 2: a6f2c291 ($3.34 in chips)
Seat 3: e2ef136b ($2.16 in chips)
Seat 4: Hero ($6.27 in chips)
Seat 5: 313c2b52 ($6.77 in chips)
Seat 6: 56e87236 ($6.06 in chips)
Hero: posts small blind $0.02
313c2b52: posts big blind $0.05
*** HOLE CARDS ***
Dealt to de38f9c3 
Dealt to a6f2c291 
Dealt to e2ef136b 
Dealt to Hero [As 2h]
Dealt to 313c2b52 
Dealt to 56e87236 
56e87236: folds
de38f9c3: folds
a6f2c291: folds
e2ef136b: folds
Hero: raises $0.09 to $0.14
313c2b52: calls $0.09
*** FLOP *** [3h Qd 2c]
Hero: bets $0.08
313c2b52: folds
Uncalled bet ($0.08) returned to Hero
*** SHOWDOWN ***
Hero collected $0.27 from pot
*** SUMMARY ***
Total pot $0.28 | Rake $0.01 | Jackpot $0 | Bingo $0 | Fortune $0
Board [3h Qd 2c]
Seat 1: de38f9c3 folded before Flop (didn't bet)
Seat 2: a6f2c291 folded before Flop (didn't bet)
Seat 3: e2ef136b (button) folded before Flop (didn't bet)
Seat 4: Hero (small blind) won ($0.27)
Seat 5: 313c2b52 (big blind) folded on the Flop
Seat 6: 56e87236 folded before Flop (didn't bet)


Poker Hand #HD1178408154: Hold'em No Limit  ($0.02/$0.05) - 2023/03/27 18:47:17
Table 'NLHBlue72' 6-max Seat #2 is the button
Seat 1: de38f9c3 ($11.66 in chips)
Seat 2: a6f2c291 ($4.78 in chips)
Seat 3: e2ef136b ($2.18 in chips)
Seat 4: Hero ($5 in chips)
Seat 5: 313c2b52 ($6.77 in chips)
Seat 6: 56e87236 ($6.06 in chips)
e2ef136b: posts small blind $0.02
Hero: posts big blind $0.05
*** HOLE CARDS ***
Dealt to de38f9c3 
Dealt to a6f2c291 
Dealt to e2ef136b 
Dealt to Hero [Qc Qd]
Dealt to 313c2b52 
Dealt to 56e87236 
313c2b52: folds
56e87236: folds
de38f9c3: folds
a6f2c291: raises $0.07 to $0.12
e2ef136b: folds
Hero: raises $0.39 to $0.51
a6f2c291: calls $0.39
*** FLOP *** [7s 6s Kd]
Hero: bets $0.35
a6f2c291: raises $0.58 to $0.93
Hero: calls $0.58
*** TURN *** [7s 6s Kd] [Kh]
Hero: checks
a6f2c291: checks
*** RIVER *** [7s 6s Kd Kh] [Jh]
Hero: checks
a6f2c291: checks
Hero: shows [Qc Qd] (Pair of Kings and Pair of Queens)
a6f2c291: shows [8c 8s] (Pair of Kings and Pair of Eights)
*** SHOWDOWN ***
Hero collected $2.71 from pot
*** SUMMARY ***
Total pot $2.9 | Rake $0.14 | Jackpot $0.05 | Bingo $0 | Fortune $0
Board [7s 6s Kd Kh Jh]
Seat 1: de38f9c3 folded before Flop (didn't bet)
Seat 2: a6f2c291 (button) showed [8c 8s] and lost with Pair of Kings and Pair of Eights
Seat 3: e2ef136b (small blind) folded before Flop
Seat 4: Hero (big blind) showed [Qc Qd] and won ($2.71) with Pair of Kings and Pair of Queens
Seat 5: 313c2b52 folded before Flop (didn't bet)
Seat 6: 56e87236 folded before Flop (didn't bet)


Poker Hand #HD1178408049: Hold'em No Limit  ($0.02/$0.05) - 2023/03/27 18:46:44
Table 'NLHBlue72' 6-max Seat #1 is the button
Seat 1: de38f9c3 ($11.66 in chips)
Seat 2: a6f2c291 ($4.88 in chips)
Seat 3: e2ef136b ($1.99 in chips)
Seat 4: Hero ($5 in chips)
Seat 5: 313c2b52 ($6.87 in chips)
Seat 6: 56e87236 ($6.06 in chips)
a6f2c291: posts small blind $0.02
e2ef136b: posts big blind $0.05
*** HOLE CARDS ***
Dealt to de38f9c3 
Dealt to a6f2c291 
Dealt to e2ef136b 
Dealt to Hero [3c Js]
Dealt to 313c2b52 
Dealt to 56e87236 
Hero: folds
313c2b52: raises $0.05 to $0.1
56e87236: folds
de38f9c3: folds
a6f2c291: calls $0.08
e2ef136b: raises $0.34 to $0.44
313c2b52: folds
a6f2c291: folds
Uncalled bet ($0.34) returned to e2ef136b
*** SHOWDOWN ***
e2ef136b collected $0.29 from pot
*** SUMMARY ***
Total pot $0.3 | Rake $0.01 | Jackpot $0 | Bingo $0 | Fortune $0
Seat 1: de38f9c3 (button) folded before Flop (didn't bet)
Seat 2: a6f2c291 (small blind) folded before Flop
Seat 3: e2ef136b (big blind) collected ($0.29)
Seat 4: Hero folded before Flop (didn't bet)
Seat 5: 313c2b52 folded before Flop
Seat 6: 56e87236 folded before Flop (didn't bet)


Poker Hand #HD1178407966: Hold'em No Limit  ($0.02/$0.05) - 2023/03/27 18:46:16
Table 'NLHBlue72' 6-max Seat #6 is the button
Seat 1: de38f9c3 ($11.68 in chips)
Seat 2: a6f2c291 ($4.93 in chips)
Seat 3: e2ef136b ($1.99 in chips)
Seat 4: Hero ($5 in chips)
Seat 5: 313c2b52 ($6.87 in chips)
Seat 6: 56e87236 ($5.99 in chips)
de38f9c3: posts small blind $0.02
a6f2c291: posts big blind $0.05
*** HOLE CARDS ***
Dealt to de38f9c3 
Dealt to a6f2c291 
Dealt to e2ef136b 
Dealt to Hero [Qh Js]
Dealt to 313c2b52 
Dealt to 56e87236 
e2ef136b: folds
Hero: folds
313c2b52: folds
56e87236: raises $0.08 to $0.13
de38f9c3: folds
a6f2c291: folds
Uncalled bet ($0.08) returned to 56e87236
*** SHOWDOWN ***
56e87236 collected $0.12 from pot
*** SUMMARY ***
Total pot $0.12 | Rake $0 | Jackpot $0 | Bingo $0 | Fortune $0
Seat 1: de38f9c3 (small blind) folded before Flop
Seat 2: a6f2c291 (big blind) folded before Flop
Seat 3: e2ef136b folded before Flop (didn't bet)
Seat 4: Hero folded before Flop (didn't bet)
Seat 5: 313c2b52 folded before Flop (didn't bet)
Seat 6: 56e87236 (button) collected ($0.12)


Poker Hand #HD1178407867: Hold'em No Limit  ($0.02/$0.05) - 2023/03/27 18:45:45
Table 'NLHBlue72' 6-max Seat #5 is the button
Seat 1: de38f9c3 ($11.73 in chips)
Seat 2: a6f2c291 ($4.93 in chips)
Seat 3: e2ef136b ($1.82 in chips)
Seat 4: Hero ($5 in chips)
Seat 5: 313c2b52 ($6.87 in chips)
Seat 6: 56e87236 ($6.12 in chips)
56e87236: posts small blind $0.02
de38f9c3: posts big blind $0.05
*** HOLE CARDS ***
Dealt to de38f9c3 
Dealt to a6f2c291 
Dealt to e2ef136b 
Dealt to Hero [Ad 8c]
Dealt to 313c2b52 
Dealt to 56e87236 
a6f2c291: folds
e2ef136b: raises $0.08 to $0.13
Hero: folds
313c2b52: folds
56e87236: calls $0.11
de38f9c3: folds
*** FLOP *** [6d 7s 2h]
56e87236: checks
e2ef136b: bets $0.13
56e87236: folds
Uncalled bet ($0.13) returned to e2ef136b
*** SHOWDOWN ***
e2ef136b collected $0.3 from pot
*** SUMMARY ***
Total pot $0.31 | Rake $0.01 | Jackpot $0 | Bingo $0 | Fortune $0
Board [6d 7s 2h]
Seat 1: de38f9c3 (big blind) folded before Flop
Seat 2: a6f2c291 folded before Flop (didn't bet)
Seat 3: e2ef136b won ($0.3)
Seat 4: Hero folded before Flop (didn't bet)
Seat 5: 313c2b52 (button) folded before Flop (didn't bet)
Seat 6: 56e87236 (small blind) folded on the Flop


Poker Hand #HD1178407694: Hold'em No Limit  ($0.02/$0.05) - 2023/03/27 18:44:48
Table 'NLHBlue72' 6-max Seat #4 is the button
Seat 1: de38f9c3 ($11.73 in chips)
Seat 2: a6f2c291 ($4.93 in chips)
Seat 3: e2ef136b ($1.95 in chips)
Seat 4: Hero ($5 in chips)
Seat 5: 313c2b52 ($6.89 in chips)
Seat 6: 56e87236 ($5.1 in chips)
313c2b52: posts small blind $0.02
56e87236: posts big blind $0.05
*** HOLE CARDS ***
Dealt to de38f9c3 
Dealt to a6f2c291 
Dealt to e2ef136b 
Dealt to Hero [As Kh]
Dealt to 313c2b52 
Dealt to 56e87236 
de38f9c3: folds
a6f2c291: folds
e2ef136b: raises $0.08 to $0.13
Hero: raises $0.23 to $0.36
313c2b52: folds
56e87236: raises $0.66 to $1.02
e2ef136b: folds
Hero: calls $0.66
*** FLOP *** [3d 6d 5s]
56e87236: bets $0.73
Hero: folds
Uncalled bet ($0.73) returned to 56e87236
*** SHOWDOWN ***
56e87236 collected $2.04 from pot
*** SUMMARY ***
Total pot $2.19 | Rake $0.1 | Jackpot $0.05 | Bingo $0 | Fortune $0
Board [3d 6d 5s]
Seat 1: de38f9c3 folded before Flop (didn't bet)
Seat 2: a6f2c291 folded before Flop (didn't bet)
Seat 3: e2ef136b folded before Flop
Seat 4: Hero (button) folded on the Flop
Seat 5: 313c2b52 (small blind) folded before Flop
Seat 6: 56e87236 (big blind) won ($2.04)


Poker Hand #HD1178407566: Hold'em No Limit  ($0.02/$0.05) - 2023/03/27 18:44:07
Table 'NLHBlue72' 6-max Seat #3 is the button
Seat 1: de38f9c3 ($11.66 in chips)
Seat 2: a6f2c291 ($4.93 in chips)
Seat 3: e2ef136b ($1.95 in chips)
Seat 4: Hero ($5 in chips)
Seat 5: 313c2b52 ($6.94 in chips)
Seat 6: 56e87236 ($5.1 in chips)
Hero: posts small blind $0.02
313c2b52: posts big blind $0.05
*** HOLE CARDS ***
Dealt to de38f9c3 
Dealt to a6f2c291 
Dealt to e2ef136b 
Dealt to Hero [3h Ks]
Dealt to 313c2b52 
Dealt to 56e87236 
56e87236: folds
de38f9c3: raises $0.1 to $0.15
a6f2c291: folds
e2ef136b: folds
Hero: folds
313c2b52: folds
Uncalled bet ($0.1) returned to de38f9c3
*** SHOWDOWN ***
de38f9c3 collected $0.12 from pot
*** SUMMARY ***
Total pot $0.12 | Rake $0 | Jackpot $0 | Bingo $0 | Fortune $0
Seat 1: de38f9c3 collected ($0.12)
Seat 2: a6f2c291 folded before Flop (didn't bet)
Seat 3: e2ef136b (button) folded before Flop (didn't bet)
Seat 4: Hero (small blind) folded before Flop
Seat 5: 313c2b52 (big blind) folded before Flop
Seat 6: 56e87236 folded before Flop (didn't bet)


Poker Hand #HD1178407460: Hold'em No Limit  ($0.02/$0.05) - 2023/03/27 18:43:38
Table 'NLHBlue72' 6-max Seat #2 is the button
Seat 1: de38f9c3 ($11.66 in chips)
Seat 2: a6f2c291 ($4.93 in chips)
Seat 3: e2ef136b ($1.9 in chips)
Seat 4: Hero ($5 in chips)
Seat 5: 313c2b52 ($6.94 in chips)
Seat 6: 56e87236 ($5.1 in chips)
e2ef136b: posts small blind $0.02
Hero: posts big blind $0.05
*** HOLE CARDS ***
Dealt to de38f9c3 
Dealt to a6f2c291 
Dealt to e2ef136b 
Dealt to Hero [4c 2d]
Dealt to 313c2b52 
Dealt to 56e87236 
313c2b52: folds
56e87236: folds
de38f9c3: folds
a6f2c291: folds
e2ef136b: raises $0.08 to $0.13
Hero: folds
Uncalled bet ($0.08) returned to e2ef136b
*** SHOWDOWN ***
e2ef136b collected $0.1 from pot
*** SUMMARY ***
Total pot $0.1 | Rake $0 | Jackpot $0 | Bingo $0 | Fortune $0
Seat 1: de38f9c3 folded before Flop (didn't bet)
Seat 2: a6f2c291 (button) folded before Flop (didn't bet)
Seat 3: e2ef136b (small blind) collected ($0.1)
Seat 4: Hero (big blind) folded before Flop
Seat 5: 313c2b52 folded before Flop (didn't bet)
Seat 6: 56e87236 folded before Flop (didn't bet)


Poker Hand #HD1178407346: Hold'em No Limit  ($0.02/$0.05) - 2023/03/27 18:43:00
Table 'NLHBlue72' 6-max Seat #1 is the button
Seat 1: de38f9c3 ($11.5 in chips)
Seat 2: a6f2c291 ($4.95 in chips)
Seat 3: e2ef136b ($2.05 in chips)
Seat 4: Hero ($5 in chips)
Seat 5: 313c2b52 ($6.94 in chips)
Seat 6: 56e87236 ($5.1 in chips)
a6f2c291: posts small blind $0.02
e2ef136b: posts big blind $0.05
*** HOLE CARDS ***
Dealt to de38f9c3 
Dealt to a6f2c291 
Dealt to e2ef136b 
Dealt to Hero [2s 7h]
Dealt to 313c2b52 
Dealt to 56e87236 
Hero: folds
313c2b52: folds
56e87236: folds
de38f9c3: raises $0.1 to $0.15
a6f2c291: folds
e2ef136b: calls $0.1
*** FLOP *** [5d 4c 5h]
e2ef136b: checks
de38f9c3: bets $0.16
e2ef136b: folds
Uncalled bet ($0.16) returned to de38f9c3
*** SHOWDOWN ***
de38f9c3 collected $0.31 from pot
*** SUMMARY ***
Total pot $0.32 | Rake $0.01 | Jackpot $0 | Bingo $0 | Fortune $0
Board [5d 4c 5h]
Seat 1: de38f9c3 (button) won ($0.31)
Seat 2: a6f2c291 (small blind) folded before Flop
Seat 3: e2ef136b (big blind) folded on the Flop
Seat 4: Hero folded before Flop (didn't bet)
Seat 5: 313c2b52 folded before Flop (didn't bet)
Seat 6: 56e87236 folded before Flop (didn't bet)


Poker Hand #HD1178407296: Hold'em No Limit  ($0.02/$0.05) - 2023/03/27 18:42:41
Table 'NLHBlue72' 6-max Seat #6 is the button
Seat 1: de38f9c3 ($11.45 in chips)
Seat 2: a6f2c291 ($5 in chips)
Seat 3: e2ef136b ($2.05 in chips)
Seat 4: Hero ($5 in chips)
Seat 5: 313c2b52 ($6.94 in chips)
Seat 6: 56e87236 ($5.1 in chips)
de38f9c3: posts small blind $0.02
a6f2c291: posts big blind $0.05
*** HOLE CARDS ***
Dealt to de38f9c3 
Dealt to a6f2c291 
Dealt to e2ef136b 
Dealt to Hero [Kd 5d]
Dealt to 313c2b52 
Dealt to 56e87236 
e2ef136b: folds
Hero: folds
313c2b52: folds
56e87236: folds
de38f9c3: raises $0.1 to $0.15
a6f2c291: folds
Uncalled bet ($0.1) returned to de38f9c3
*** SHOWDOWN ***
de38f9c3 collected $0.1 from pot
*** SUMMARY ***
Total pot $0.1 | Rake $0 | Jackpot $0 | Bingo $0 | Fortune $0
Seat 1: de38f9c3 (small blind) collected ($0.1)
Seat 2: a6f2c291 (big blind) folded before Flop
Seat 3: e2ef136b folded before Flop (didn't bet)
Seat 4: Hero folded before Flop (didn't bet)
Seat 5: 313c2b52 folded before Flop (didn't bet)
Seat 6: 56e87236 (button) folded before Flop (didn't bet)


Poker Hand #HD1178407063: Hold'em No Limit  ($0.02/$0.05) - 2023/03/27 18:41:25
Table 'NLHBlue72' 6-max Seat #5 is the button
Seat 1: de38f9c3 ($10.95 in chips)
Seat 2: a6f2c291 ($5 in chips)
Seat 3: e2ef136b ($2.05 in chips)
Seat 4: Hero ($5 in chips)
Seat 5: 313c2b52 ($7.47 in chips)
Seat 6: 56e87236 ($5.12 in chips)
56e87236: posts small blind $0.02
de38f9c3: posts big blind $0.05
*** HOLE CARDS ***
Dealt to de38f9c3 
Dealt to a6f2c291 
Dealt to e2ef136b 
Dealt to Hero [Td Qh]
Dealt to 313c2b52 
Dealt to 56e87236 
a6f2c291: folds
e2ef136b: folds
Hero: folds
313c2b52: raises $0.07 to $0.12
56e87236: folds
de38f9c3: calls $0.07
*** FLOP *** [3h 2s Js]
de38f9c3: checks
313c2b52: bets $0.1
de38f9c3: calls $0.1
*** TURN *** [3h 2s Js] [Qd]
de38f9c3: checks
313c2b52: bets $0.31
de38f9c3: calls $0.31
*** RIVER *** [3h 2s Js Qd] [6c]
de38f9c3: checks
313c2b52: checks
de38f9c3: shows [Jc 7c] (Pair of Jacks)
313c2b52: shows [8h Ah] (Ace-High)
*** SHOWDOWN ***
de38f9c3 collected $1.03 from pot
*** SUMMARY ***
Total pot $1.08 | Rake $0.05 | Jackpot $0 | Bingo $0 | Fortune $0
Board [3h 2s Js Qd 6c]
Seat 1: de38f9c3 (big blind) showed [Jc 7c] and won ($1.03) with Pair of Jacks
Seat 2: a6f2c291 folded before Flop (didn't bet)
Seat 3: e2ef136b folded before Flop (didn't bet)
Seat 4: Hero folded before Flop (didn't bet)
Seat 5: 313c2b52 (button) showed [8h Ah] and lost with Ace-High
Seat 6: 56e87236 (small blind) folded before Flop


Poker Hand #HD1178407025: Hold'em No Limit  ($0.02/$0.05) - 2023/03/27 18:41:10
Table 'NLHBlue72' 6-max Seat #4 is the button
Seat 1: de38f9c3 ($10.95 in chips)
Seat 2: a6f2c291 ($4.93 in chips)
Seat 3: e2ef136b ($2.05 in chips)
Seat 4: Hero ($5 in chips)
Seat 5: 313c2b52 ($7.49 in chips)
Seat 6: 56e87236 ($5.17 in chips)
313c2b52: posts small blind $0.02
56e87236: posts big blind $0.05
*** HOLE CARDS ***
Dealt to de38f9c3 
Dealt to a6f2c291 
Dealt to e2ef136b 
Dealt to Hero [3d 6c]
Dealt to 313c2b52 
Dealt to 56e87236 
de38f9c3: folds
a6f2c291: raises $0.07 to $0.12
e2ef136b: folds
Hero: folds
313c2b52: folds
56e87236: folds
Uncalled bet ($0.07) returned to a6f2c291
*** SHOWDOWN ***
a6f2c291 collected $0.12 from pot
*** SUMMARY ***
Total pot $0.12 | Rake $0 | Jackpot $0 | Bingo $0 | Fortune $0
Seat 1: de38f9c3 folded before Flop (didn't bet)
Seat 2: a6f2c291 collected ($0.12)
Seat 3: e2ef136b folded before Flop (didn't bet)
Seat 4: Hero (button) folded before Flop (didn't bet)
Seat 5: 313c2b52 (small blind) folded before Flop
Seat 6: 56e87236 (big blind) folded before Flop


Poker Hand #HD1178406735: Hold'em No Limit  ($0.02/$0.05) - 2023/03/27 18:39:33
Table 'NLHBlue72' 6-max Seat #3 is the button
Seat 1: de38f9c3 ($10.95 in chips)
Seat 2: a6f2c291 ($5.05 in chips)
Seat 3: e2ef136b ($3.08 in chips)
Seat 4: Hero ($5.02 in chips)
Seat 5: 313c2b52 ($6.47 in chips)
Seat 6: 56e87236 ($5.17 in chips)
Hero: posts small blind $0.02
313c2b52: posts big blind $0.05
*** HOLE CARDS ***
Dealt to de38f9c3 
Dealt to a6f2c291 
Dealt to e2ef136b 
Dealt to Hero [8d Js]
Dealt to 313c2b52 
Dealt to 56e87236 
56e87236: folds
de38f9c3: folds
a6f2c291: raises $0.07 to $0.12
e2ef136b: calls $0.12
Hero: folds
313c2b52: raises $0.42 to $0.54
a6f2c291: folds
e2ef136b: calls $0.42
*** FLOP *** [Ac Td 4h]
313c2b52: bets $0.49
e2ef136b: calls $0.49
*** TURN *** [Ac Td 4h] [6d]
313c2b52: bets $2.42
e2ef136b: folds
Uncalled bet ($2.42) returned to 313c2b52
*** SHOWDOWN ***
313c2b52 collected $2.05 from pot
*** SUMMARY ***
Total pot $2.2 | Rake $0.1 | Jackpot $0.05 | Bingo $0 | Fortune $0
Board [Ac Td 4h 6d]
Seat 1: de38f9c3 folded before Flop (didn't bet)
Seat 2: a6f2c291 folded before Flop
Seat 3: e2ef136b (button) folded on the Turn
Seat 4: Hero (small blind) folded before Flop
Seat 5: 313c2b52 (big blind) won ($2.05)
Seat 6: 56e87236 folded before Flop (didn't bet)


Poker Hand #HD1178406693: Hold'em No Limit  ($0.02/$0.05) - 2023/03/27 18:39:18
Table 'NLHBlue72' 6-max Seat #2 is the button
Seat 1: de38f9c3 ($10.95 in chips)
Seat 2: a6f2c291 ($5.05 in chips)
Seat 3: e2ef136b ($3.1 in chips)
Seat 4: Hero ($5 in chips)
Seat 5: 313c2b52 ($6.47 in chips)
Seat 6: 56e87236 ($5.17 in chips)
e2ef136b: posts small blind $0.02
Hero: posts big blind $0.05
*** HOLE CARDS ***
Dealt to de38f9c3 
Dealt to a6f2c291 
Dealt to e2ef136b 
Dealt to Hero [2d 6c]
Dealt to 313c2b52 
Dealt to 56e87236 
313c2b52: folds
56e87236: folds
de38f9c3: folds
a6f2c291: folds
e2ef136b: folds
Uncalled bet ($0.03) returned to Hero
*** SHOWDOWN ***
Hero collected $0.04 from pot
*** SUMMARY ***
Total pot $0.04 | Rake $0 | Jackpot $0 | Bingo $0 | Fortune $0
Seat 1: de38f9c3 folded before Flop (didn't bet)
Seat 2: a6f2c291 (button) folded before Flop (didn't bet)
Seat 3: e2ef136b (small blind) folded before Flop
Seat 4: Hero (big blind) collected ($0.04)
Seat 5: 313c2b52 folded before Flop (didn't bet)
Seat 6: 56e87236 folded before Flop (didn't bet)


Poker Hand #HD1178406610: Hold'em No Limit  ($0.02/$0.05) - 2023/03/27 18:38:51
Table 'NLHBlue72' 6-max Seat #1 is the button
Seat 1: de38f9c3 ($10.88 in chips)
Seat 2: a6f2c291 ($5.07 in chips)
Seat 3: e2ef136b ($3.15 in chips)
Seat 4: Hero ($5 in chips)
Seat 5: 313c2b52 ($6.47 in chips)
Seat 6: 56e87236 ($5.17 in chips)
a6f2c291: posts small blind $0.02
e2ef136b: posts big blind $0.05
*** HOLE CARDS ***
Dealt to de38f9c3 
Dealt to a6f2c291 
Dealt to e2ef136b 
Dealt to Hero [2d Jh]
Dealt to 313c2b52 
Dealt to 56e87236 
Hero: folds
313c2b52: folds
56e87236: folds
de38f9c3: raises $0.1 to $0.15
a6f2c291: folds
e2ef136b: folds
Uncalled bet ($0.1) returned to de38f9c3
*** SHOWDOWN ***
de38f9c3 collected $0.12 from pot
*** SUMMARY ***
Total pot $0.12 | Rake $0 | Jackpot $0 | Bingo $0 | Fortune $0
Seat 1: de38f9c3 (button) collected ($0.12)
Seat 2: a6f2c291 (small blind) folded before Flop
Seat 3: e2ef136b (big blind) folded before Flop
Seat 4: Hero folded before Flop (didn't bet)
Seat 5: 313c2b52 folded before Flop (didn't bet)
Seat 6: 56e87236 folded before Flop (didn't bet)


Poker Hand #HD1178406564: Hold'em No Limit  ($0.02/$0.05) - 2023/03/27 18:38:37
Table 'NLHBlue72' 6-max Seat #6 is the button
Seat 1: de38f9c3 ($10.9 in chips)
Seat 2: a6f2c291 ($5.05 in chips)
Seat 3: e2ef136b ($3.15 in chips)
Seat 4: Hero ($5 in chips)
Seat 5: 313c2b52 ($6.47 in chips)
Seat 6: 56e87236 ($5.17 in chips)
de38f9c3: posts small blind $0.02
a6f2c291: posts big blind $0.05
*** HOLE CARDS ***
Dealt to de38f9c3 
Dealt to a6f2c291 
Dealt to e2ef136b 
Dealt to Hero [Jd Th]
Dealt to 313c2b52 
Dealt to 56e87236 
e2ef136b: folds
Hero: folds
313c2b52: folds
56e87236: folds
de38f9c3: folds
Uncalled bet ($0.03) returned to a6f2c291
*** SHOWDOWN ***
a6f2c291 collected $0.04 from pot
*** SUMMARY ***
Total pot $0.04 | Rake $0 | Jackpot $0 | Bingo $0 | Fortune $0
Seat 1: de38f9c3 (small blind) folded before Flop
Seat 2: a6f2c291 (big blind) collected ($0.04)
Seat 3: e2ef136b folded before Flop (didn't bet)
Seat 4: Hero folded before Flop (didn't bet)
Seat 5: 313c2b52 folded before Flop (didn't bet)
Seat 6: 56e87236 (button) folded before Flop (didn't bet)


Poker Hand #HD1178406522: Hold'em No Limit  ($0.02/$0.05) - 2023/03/27 18:38:23
Table 'NLHBlue72' 6-max Seat #5 is the button
Seat 1: de38f9c3 ($10.95 in chips)
Seat 2: a6f2c291 ($5.05 in chips)
Seat 3: e2ef136b ($3.15 in chips)
Seat 4: Hero ($5 in chips)
Seat 5: 313c2b52 ($6.4 in chips)
Seat 6: 56e87236 ($5.19 in chips)
56e87236: posts small blind $0.02
de38f9c3: posts big blind $0.05
*** HOLE CARDS ***
Dealt to de38f9c3 
Dealt to a6f2c291 
Dealt to e2ef136b 
Dealt to Hero [5c Jc]
Dealt to 313c2b52 
Dealt to 56e87236 
a6f2c291: folds
e2ef136b: folds
Hero: folds
313c2b52: raises $0.05 to $0.1
56e87236: folds
de38f9c3: folds
Uncalled bet ($0.05) returned to 313c2b52
*** SHOWDOWN ***
313c2b52 collected $0.12 from pot
*** SUMMARY ***
Total pot $0.12 | Rake $0 | Jackpot $0 | Bingo $0 | Fortune $0
Seat 1: de38f9c3 (big blind) folded before Flop
Seat 2: a6f2c291 folded before Flop (didn't bet)
Seat 3: e2ef136b folded before Flop (didn't bet)
Seat 4: Hero folded before Flop (didn't bet)
Seat 5: 313c2b52 (button) collected ($0.12)
Seat 6: 56e87236 (small blind) folded before Flop


Poker Hand #HD1178406348: Hold'em No Limit  ($0.02/$0.05) - 2023/03/27 18:37:27
Table 'NLHBlue72' 6-max Seat #4 is the button
Seat 1: de38f9c3 ($10.95 in chips)
Seat 2: a6f2c291 ($5.05 in chips)
Seat 3: e2ef136b ($3.15 in chips)
Seat 4: Hero ($5 in chips)
Seat 5: 313c2b52 ($6.61 in chips)
Seat 6: 56e87236 ($5 in chips)
313c2b52: posts small blind $0.02
56e87236: posts big blind $0.05
*** HOLE CARDS ***
Dealt to de38f9c3 
Dealt to a6f2c291 
Dealt to e2ef136b 
Dealt to Hero [9d 7c]
Dealt to 313c2b52 
Dealt to 56e87236 
de38f9c3: folds
a6f2c291: folds
e2ef136b: folds
Hero: folds
313c2b52: raises $0.07 to $0.12
56e87236: calls $0.07
*** FLOP *** [7d 3s Ah]
313c2b52: bets $0.09
56e87236: calls $0.09
*** TURN *** [7d 3s Ah] [6d]
313c2b52: checks
56e87236: checks
*** RIVER *** [7d 3s Ah 6d] [4d]
313c2b52: checks
56e87236: checks
313c2b52: shows [Th Jc] (Ace-High)
56e87236: shows [Qs Jd] (Ace-High)
*** SHOWDOWN ***
56e87236 collected $0.4 from pot
*** SUMMARY ***
Total pot $0.42 | Rake $0.02 | Jackpot $0 | Bingo $0 | Fortune $0
Board [7d 3s Ah 6d 4d]
Seat 1: de38f9c3 folded before Flop (didn't bet)
Seat 2: a6f2c291 folded before Flop (didn't bet)
Seat 3: e2ef136b folded before Flop (didn't bet)
Seat 4: Hero (button) folded before Flop (didn't bet)
Seat 5: 313c2b52 (small blind) showed [Th Jc] and lost with Ace-High
Seat 6: 56e87236 (big blind) showed [Qs Jd] and won ($0.4) with Ace-High


Poker Hand #HD1178406324: Hold'em No Limit  ($0.02/$0.05) - 2023/03/27 18:37:20
Table 'NLHBlue72' 6-max Seat #3 is the button
Seat 1: de38f9c3 ($10.95 in chips)
Seat 2: a6f2c291 ($5.05 in chips)
Seat 3: e2ef136b ($3.15 in chips)
Seat 4: Hero ($5 in chips)
Seat 5: 313c2b52 ($6.59 in chips)
Hero: posts small blind $0.02
313c2b52: posts big blind $0.05
*** HOLE CARDS ***
Dealt to de38f9c3 
Dealt to a6f2c291 
Dealt to e2ef136b 
Dealt to Hero [Kh 3c]
Dealt to 313c2b52 
de38f9c3: folds
a6f2c291: folds
e2ef136b: folds
Hero: folds
Uncalled bet ($0.03) returned to 313c2b52
*** SHOWDOWN ***
313c2b52 collected $0.04 from pot
*** SUMMARY ***
Total pot $0.04 | Rake $0 | Jackpot $0 | Bingo $0 | Fortune $0
Seat 1: de38f9c3 folded before Flop (didn't bet)
Seat 2: a6f2c291 folded before Flop (didn't bet)
Seat 3: e2ef136b (button) folded before Flop (didn't bet)
Seat 4: Hero (small blind) folded before Flop
Seat 5: 313c2b52 (big blind) collected ($0.04)


Poker Hand #HD1178406248: Hold'em No Limit  ($0.02/$0.05) - 2023/03/27 18:36:55
Table 'NLHBlue72' 6-max Seat #2 is the button
Seat 1: de38f9c3 ($10.95 in chips)
Seat 2: a6f2c291 ($4.98 in chips)
Seat 3: e2ef136b ($3.17 in chips)
Seat 4: Hero ($5 in chips)
Seat 5: 313c2b52 ($6.59 in chips)
e2ef136b: posts small blind $0.02
Hero: posts big blind $0.05
*** HOLE CARDS ***
Dealt to de38f9c3 
Dealt to a6f2c291 
Dealt to e2ef136b 
Dealt to Hero [Ks 2h]
Dealt to 313c2b52 
313c2b52: folds
de38f9c3: folds
a6f2c291: raises $0.07 to $0.12
e2ef136b: folds
Hero: folds
Uncalled bet ($0.07) returned to a6f2c291
*** SHOWDOWN ***
a6f2c291 collected $0.12 from pot
*** SUMMARY ***
Total pot $0.12 | Rake $0 | Jackpot $0 | Bingo $0 | Fortune $0
Seat 1: de38f9c3 folded before Flop (didn't bet)
Seat 2: a6f2c291 (button) collected ($0.12)
Seat 3: e2ef136b (small blind) folded before Flop
Seat 4: Hero (big blind) folded before Flop
Seat 5: 313c2b52 folded before Flop (didn't bet)


Poker Hand #HD1178406196: Hold'em No Limit  ($0.02/$0.05) - 2023/03/27 18:36:38
Table 'NLHBlue72' 6-max Seat #1 is the button
Seat 1: de38f9c3 ($10.95 in chips)
Seat 2: a6f2c291 ($5 in chips)
Seat 3: e2ef136b ($3.15 in chips)
Seat 4: Hero ($5 in chips)
Seat 5: 313c2b52 ($6.59 in chips)
a6f2c291: posts small blind $0.02
e2ef136b: posts big blind $0.05
*** HOLE CARDS ***
Dealt to de38f9c3 
Dealt to a6f2c291 
Dealt to e2ef136b 
Dealt to Hero [Qd Tc]
Dealt to 313c2b52 
Hero: folds
313c2b52: folds
de38f9c3: folds
a6f2c291: folds
Uncalled bet ($0.03) returned to e2ef136b
*** SHOWDOWN ***
e2ef136b collected $0.04 from pot
*** SUMMARY ***
Total pot $0.04 | Rake $0 | Jackpot $0 | Bingo $0 | Fortune $0
Seat 1: de38f9c3 (button) folded before Flop (didn't bet)
Seat 2: a6f2c291 (small blind) folded before Flop
Seat 3: e2ef136b (big blind) collected ($0.04)
Seat 4: Hero folded before Flop (didn't bet)
Seat 5: 313c2b52 folded before Flop (didn't bet)


Poker Hand #HD1178406119: Hold'em No Limit  ($0.02/$0.05) - 2023/03/27 18:36:08
Table 'NLHBlue72' 6-max Seat #5 is the button
Seat 1: de38f9c3 ($11 in chips)
Seat 2: a6f2c291 ($5 in chips)
Seat 3: e2ef136b ($3.15 in chips)
Seat 4: Hero ($5 in chips)
Seat 5: 313c2b52 ($6.52 in chips)
Seat 6: 6d0a784c ($5.69 in chips)
6d0a784c: posts small blind $0.02
de38f9c3: posts big blind $0.05
*** HOLE CARDS ***
Dealt to de38f9c3 
Dealt to a6f2c291 
Dealt to e2ef136b 
Dealt to Hero [4d 2s]
Dealt to 313c2b52 
Dealt to 6d0a784c 
a6f2c291: folds
e2ef136b: folds
Hero: folds
313c2b52: raises $0.05 to $0.1
6d0a784c: folds
de38f9c3: folds
Uncalled bet ($0.05) returned to 313c2b52
*** SHOWDOWN ***
313c2b52 collected $0.12 from pot
*** SUMMARY ***
Total pot $0.12 | Rake $0 | Jackpot $0 | Bingo $0 | Fortune $0
Seat 1: de38f9c3 (big blind) folded before Flop
Seat 2: a6f2c291 folded before Flop (didn't bet)
Seat 3: e2ef136b folded before Flop (didn't bet)
Seat 4: Hero folded before Flop (didn't bet)
Seat 5: 313c2b52 (button) collected ($0.12)
Seat 6: 6d0a784c (small blind) folded before Flop


Poker Hand #HD1178406015: Hold'em No Limit  ($0.02/$0.05) - 2023/03/27 18:35:33
Table 'NLHBlue72' 6-max Seat #4 is the button
Seat 1: de38f9c3 ($11 in chips)
Seat 2: a6f2c291 ($5 in chips)
Seat 3: e2ef136b ($3.15 in chips)
Seat 4: Hero ($5 in chips)
Seat 5: 313c2b52 ($6.67 in chips)
Seat 6: 6d0a784c ($5.55 in chips)
313c2b52: posts small blind $0.02
6d0a784c: posts big blind $0.05
*** HOLE CARDS ***
Dealt to de38f9c3 
Dealt to a6f2c291 
Dealt to e2ef136b 
Dealt to Hero [5h 9c]
Dealt to 313c2b52 
Dealt to 6d0a784c 
de38f9c3: folds
a6f2c291: folds
e2ef136b: folds
Hero: folds
313c2b52: raises $0.1 to $0.15
6d0a784c: raises $0.1 to $0.25
313c2b52: folds
Uncalled bet ($0.1) returned to 6d0a784c
*** SHOWDOWN ***
6d0a784c collected $0.29 from pot
*** SUMMARY ***
Total pot $0.3 | Rake $0.01 | Jackpot $0 | Bingo $0 | Fortune $0
Seat 1: de38f9c3 folded before Flop (didn't bet)
Seat 2: a6f2c291 folded before Flop (didn't bet)
Seat 3: e2ef136b folded before Flop (didn't bet)
Seat 4: Hero (button) folded before Flop (didn't bet)
Seat 5: 313c2b52 (small blind) folded before Flop
Seat 6: 6d0a784c (big blind) collected ($0.29)


Poker Hand #HD1178405967: Hold'em No Limit  ($0.02/$0.05) - 2023/03/27 18:35:14
Table 'NLHBlue72' 6-max Seat #3 is the button
Seat 1: de38f9c3 ($11 in chips)
Seat 2: a6f2c291 ($4.93 in chips)
Seat 3: e2ef136b ($3.15 in chips)
Seat 4: Hero ($5 in chips)
Seat 5: 313c2b52 ($6.72 in chips)
Seat 6: 6d0a784c ($5.55 in chips)
Hero: posts small blind $0.02
313c2b52: posts big blind $0.05
*** HOLE CARDS ***
Dealt to de38f9c3 
Dealt to a6f2c291 
Dealt to e2ef136b 
Dealt to Hero [Ks 8s]
Dealt to 313c2b52 
Dealt to 6d0a784c 
6d0a784c: folds
de38f9c3: folds
a6f2c291: raises $0.07 to $0.12
e2ef136b: folds
Hero: folds
313c2b52: folds
Uncalled bet ($0.07) returned to a6f2c291
*** SHOWDOWN ***
a6f2c291 collected $0.12 from pot
*** SUMMARY ***
Total pot $0.12 | Rake $0 | Jackpot $0 | Bingo $0 | Fortune $0
Seat 1: de38f9c3 folded before Flop (didn't bet)
Seat 2: a6f2c291 collected ($0.12)
Seat 3: e2ef136b (button) folded before Flop (didn't bet)
Seat 4: Hero (small blind) folded before Flop
Seat 5: 313c2b52 (big blind) folded before Flop
Seat 6: 6d0a784c folded before Flop (didn't bet)


Poker Hand #HD1178405828: Hold'em No Limit  ($0.02/$0.05) - 2023/03/27 18:34:27
Table 'NLHBlue72' 6-max Seat #2 is the button
Seat 1: de38f9c3 ($11 in chips)
Seat 2: a6f2c291 ($4.93 in chips)
Seat 3: e2ef136b ($3.01 in chips)
Seat 4: Hero ($5 in chips)
Seat 5: 313c2b52 ($6.82 in chips)
Seat 6: 6d0a784c ($5.55 in chips)
e2ef136b: posts small blind $0.02
Hero: posts big blind $0.05
*** HOLE CARDS ***
Dealt to de38f9c3 
Dealt to a6f2c291 
Dealt to e2ef136b 
Dealt to Hero [Qd 7s]
Dealt to 313c2b52 
Dealt to 6d0a784c 
313c2b52: raises $0.05 to $0.1
6d0a784c: folds
de38f9c3: folds
a6f2c291: folds
e2ef136b: calls $0.08
Hero: folds
*** FLOP *** [9h As 6h]
e2ef136b: checks
313c2b52: checks
*** TURN *** [9h As 6h] [Ah]
e2ef136b: bets $0.14
313c2b52: folds
Uncalled bet ($0.14) returned to e2ef136b
*** SHOWDOWN ***
e2ef136b collected $0.24 from pot
*** SUMMARY ***
Total pot $0.25 | Rake $0.01 | Jackpot $0 | Bingo $0 | Fortune $0
Board [9h As 6h Ah]
Seat 1: de38f9c3 folded before Flop (didn't bet)
Seat 2: a6f2c291 (button) folded before Flop (didn't bet)
Seat 3: e2ef136b (small blind) won ($0.24)
Seat 4: Hero (big blind) folded before Flop
Seat 5: 313c2b52 folded on the Turn
Seat 6: 6d0a784c folded before Flop (didn't bet)


Poker Hand #HD1178405768: Hold'em No Limit  ($0.02/$0.05) - 2023/03/27 18:34:08
Table 'NLHBlue72' 6-max Seat #1 is the button
Seat 1: de38f9c3 ($11 in chips)
Seat 2: a6f2c291 ($4.95 in chips)
Seat 3: e2ef136b ($3.06 in chips)
Seat 4: Hero ($5 in chips)
Seat 5: 313c2b52 ($6.82 in chips)
Seat 6: 6d0a784c ($5.37 in chips)
a6f2c291: posts small blind $0.02
e2ef136b: posts big blind $0.05
*** HOLE CARDS ***
Dealt to de38f9c3 
Dealt to a6f2c291 
Dealt to e2ef136b 
Dealt to Hero [9s 8s]
Dealt to 313c2b52 
Dealt to 6d0a784c 
Hero: raises $0.07 to $0.12
313c2b52: folds
6d0a784c: raises $0.48 to $0.6
de38f9c3: folds
a6f2c291: folds
e2ef136b: folds
Hero: folds
Uncalled bet ($0.48) returned to 6d0a784c
*** SHOWDOWN ***
6d0a784c collected $0.3 from pot
*** SUMMARY ***
Total pot $0.31 | Rake $0.01 | Jackpot $0 | Bingo $0 | Fortune $0
Seat 1: de38f9c3 (button) folded before Flop (didn't bet)
Seat 2: a6f2c291 (small blind) folded before Flop
Seat 3: e2ef136b (big blind) folded before Flop
Seat 4: Hero folded before Flop
Seat 5: 313c2b52 folded before Flop (didn't bet)
Seat 6: 6d0a784c collected ($0.3)


Poker Hand #HD1178345623: Hold'em No Limit  ($0.02/$0.05) - 2023/03/27 18:33:19
Table 'NLHBlue72' 6-max Seat #6 is the button
Seat 1: de38f9c3 ($11.1 in chips)
Seat 2: a6f2c291 ($5 in chips)
Seat 3: e2ef136b ($3.06 in chips)
Seat 4: Hero ($5 in chips)
Seat 5: 313c2b52 ($6.68 in chips)
Seat 6: 6d0a784c ($5.37 in chips)
de38f9c3: posts small blind $0.02
a6f2c291: posts big blind $0.05
*** HOLE CARDS ***
Dealt to de38f9c3 
Dealt to a6f2c291 
Dealt to e2ef136b 
Dealt to Hero [6c Js]
Dealt to 313c2b52 
Dealt to 6d0a784c 
e2ef136b: folds
Hero: folds
313c2b52: raises $0.05 to $0.1
6d0a784c: folds
de38f9c3: calls $0.08
a6f2c291: folds
*** FLOP *** [3c 4h 5h]
de38f9c3: checks
313c2b52: checks
*** TURN *** [3c 4h 5h] [Qd]
de38f9c3: checks
313c2b52: bets $0.17
de38f9c3: folds
Uncalled bet ($0.17) returned to 313c2b52
*** SHOWDOWN ***
313c2b52 collected $0.24 from pot
*** SUMMARY ***
Total pot $0.25 | Rake $0.01 | Jackpot $0 | Bingo $0 | Fortune $0
Board [3c 4h 5h Qd]
Seat 1: de38f9c3 (small blind) folded on the Turn
Seat 2: a6f2c291 (big blind) folded before Flop
Seat 3: e2ef136b folded before Flop (didn't bet)
Seat 4: Hero folded before Flop (didn't bet)
Seat 5: 313c2b52 won ($0.24)
Seat 6: 6d0a784c (button) folded before Flop (didn't bet)


Poker Hand #HD1178345592: Hold'em No Limit  ($0.02/$0.05) - 2023/03/27 18:33:05
Table 'NLHBlue72' 6-max Seat #5 is the button
Seat 1: de38f9c3 ($11.08 in chips)
Seat 2: a6f2c291 ($5 in chips)
Seat 3: e2ef136b ($3.06 in chips)
Seat 4: Hero ($5 in chips)
Seat 5: 313c2b52 ($6.68 in chips)
Seat 6: 6d0a784c ($5.39 in chips)
6d0a784c: posts small blind $0.02
de38f9c3: posts big blind $0.05
*** HOLE CARDS ***
Dealt to de38f9c3 
Dealt to a6f2c291 
Dealt to e2ef136b 
Dealt to Hero [Td Jh]
Dealt to 313c2b52 
Dealt to 6d0a784c 
a6f2c291: folds
e2ef136b: folds
Hero: folds
313c2b52: folds
6d0a784c: folds
Uncalled bet ($0.03) returned to de38f9c3
*** SHOWDOWN ***
de38f9c3 collected $0.04 from pot
*** SUMMARY ***
Total pot $0.04 | Rake $0 | Jackpot $0 | Bingo $0 | Fortune $0
Seat 1: de38f9c3 (big blind) collected ($0.04)
Seat 2: a6f2c291 folded before Flop (didn't bet)
Seat 3: e2ef136b folded before Flop (didn't bet)
Seat 4: Hero folded before Flop (didn't bet)
Seat 5: 313c2b52 (button) folded before Flop (didn't bet)
Seat 6: 6d0a784c (small blind) folded before Flop


Poker Hand #HD1178345545: Hold'em No Limit  ($0.02/$0.05) - 2023/03/27 18:32:46
Table 'NLHBlue72' 6-max Seat #4 is the button
Seat 1: de38f9c3 ($11.08 in chips)
Seat 2: a6f2c291 ($5 in chips)
Seat 3: e2ef136b ($2.99 in chips)
Seat 4: Hero ($5 in chips)
Seat 5: 313c2b52 ($6.7 in chips)
Seat 6: 6d0a784c ($5.44 in chips)
313c2b52: posts small blind $0.02
6d0a784c: posts big blind $0.05
*** HOLE CARDS ***
Dealt to de38f9c3 
Dealt to a6f2c291 
Dealt to e2ef136b 
Dealt to Hero [5d 4s]
Dealt to 313c2b52 
Dealt to 6d0a784c 
de38f9c3: folds
a6f2c291: folds
e2ef136b: raises $0.08 to $0.13
Hero: folds
313c2b52: folds
6d0a784c: folds
Uncalled bet ($0.08) returned to e2ef136b
*** SHOWDOWN ***
e2ef136b collected $0.12 from pot
*** SUMMARY ***
Total pot $0.12 | Rake $0 | Jackpot $0 | Bingo $0 | Fortune $0
Seat 1: de38f9c3 folded before Flop (didn't bet)
Seat 2: a6f2c291 folded before Flop (didn't bet)
Seat 3: e2ef136b collected ($0.12)
Seat 4: Hero (button) folded before Flop (didn't bet)
Seat 5: 313c2b52 (small blind) folded before Flop
Seat 6: 6d0a784c (big blind) folded before Flop


Poker Hand #HD1178345464: Hold'em No Limit  ($0.02/$0.05) - 2023/03/27 18:32:15
Table 'NLHBlue72' 6-max Seat #3 is the button
Seat 1: de38f9c3 ($11.08 in chips)
Seat 2: a6f2c291 ($5 in chips)
Seat 3: e2ef136b ($2.87 in chips)
Seat 4: Hero ($5 in chips)
Seat 5: 313c2b52 ($6.75 in chips)
Seat 6: 6d0a784c ($5.49 in chips)
Hero: posts small blind $0.02
313c2b52: posts big blind $0.05
*** HOLE CARDS ***
Dealt to de38f9c3 
Dealt to a6f2c291 
Dealt to e2ef136b 
Dealt to Hero [6c 2c]
Dealt to 313c2b52 
Dealt to 6d0a784c 
6d0a784c: calls $0.05
de38f9c3: folds
a6f2c291: folds
e2ef136b: raises $0.13 to $0.18
Hero: folds
313c2b52: folds
6d0a784c: folds
Uncalled bet ($0.13) returned to e2ef136b
*** SHOWDOWN ***
e2ef136b collected $0.17 from pot
*** SUMMARY ***
Total pot $0.17 | Rake $0 | Jackpot $0 | Bingo $0 | Fortune $0
Seat 1: de38f9c3 folded before Flop (didn't bet)
Seat 2: a6f2c291 folded before Flop (didn't bet)
Seat 3: e2ef136b (button) collected ($0.17)
Seat 4: Hero (small blind) folded before Flop
Seat 5: 313c2b52 (big blind) folded before Flop
Seat 6: 6d0a784c folded before Flop


Poker Hand #HD1178345362: Hold'em No Limit  ($0.02/$0.05) - 2023/03/27 18:31:44
Table 'NLHBlue72' 6-max Seat #2 is the button
Seat 1: de38f9c3 ($10.92 in chips)
Seat 2: a6f2c291 ($5 in chips)
Seat 3: e2ef136b ($2.89 in chips)
Seat 4: Hero ($5.03 in chips)
Seat 5: 313c2b52 ($6.85 in chips)
Seat 6: 6d0a784c ($5.49 in chips)
e2ef136b: posts small blind $0.02
Hero: posts big blind $0.05
*** HOLE CARDS ***
Dealt to de38f9c3 
Dealt to a6f2c291 
Dealt to e2ef136b 
Dealt to Hero [3h Kh]
Dealt to 313c2b52 
Dealt to 6d0a784c 
313c2b52: raises $0.05 to $0.1
6d0a784c: folds
de38f9c3: raises $0.3 to $0.4
a6f2c291: folds
e2ef136b: folds
Hero: folds
313c2b52: folds
Uncalled bet ($0.3) returned to de38f9c3
*** SHOWDOWN ***
de38f9c3 collected $0.26 from pot
*** SUMMARY ***
Total pot $0.27 | Rake $0.01 | Jackpot $0 | Bingo $0 | Fortune $0
Seat 1: de38f9c3 collected ($0.26)
Seat 2: a6f2c291 (button) folded before Flop (didn't bet)
Seat 3: e2ef136b (small blind) folded before Flop
Seat 4: Hero (big blind) folded before Flop
Seat 5: 313c2b52 folded before Flop
Seat 6: 6d0a784c folded before Flop (didn't bet)


Poker Hand #HD1178345329: Hold'em No Limit  ($0.02/$0.05) - 2023/03/27 18:31:30
Table 'NLHBlue72' 6-max Seat #1 is the button
Seat 1: de38f9c3 ($10.92 in chips)
Seat 2: a6f2c291 ($5.02 in chips)
Seat 3: e2ef136b ($2.87 in chips)
Seat 4: Hero ($5.03 in chips)
Seat 5: 313c2b52 ($6.85 in chips)
Seat 6: 6d0a784c ($5.49 in chips)
a6f2c291: posts small blind $0.02
e2ef136b: posts big blind $0.05
*** HOLE CARDS ***
Dealt to de38f9c3 
Dealt to a6f2c291 
Dealt to e2ef136b 
Dealt to Hero [5s 4c]
Dealt to 313c2b52 
Dealt to 6d0a784c 
Hero: folds
313c2b52: folds
6d0a784c: folds
de38f9c3: folds
a6f2c291: folds
Uncalled bet ($0.03) returned to e2ef136b
*** SHOWDOWN ***
e2ef136b collected $0.04 from pot
*** SUMMARY ***
Total pot $0.04 | Rake $0 | Jackpot $0 | Bingo $0 | Fortune $0
Seat 1: de38f9c3 (button) folded before Flop (didn't bet)
Seat 2: a6f2c291 (small blind) folded before Flop
Seat 3: e2ef136b (big blind) collected ($0.04)
Seat 4: Hero folded before Flop (didn't bet)
Seat 5: 313c2b52 folded before Flop (didn't bet)
Seat 6: 6d0a784c folded before Flop (didn't bet)


Poker Hand #HD1178345241: Hold'em No Limit  ($0.02/$0.05) - 2023/03/27 18:31:01
Table 'NLHBlue72' 6-max Seat #6 is the button
Seat 1: de38f9c3 ($10.94 in chips)
Seat 2: a6f2c291 ($5.07 in chips)
Seat 3: e2ef136b ($2.87 in chips)
Seat 4: Hero ($5.15 in chips)
Seat 5: 313c2b52 ($6.85 in chips)
Seat 6: 6d0a784c ($5.31 in chips)
de38f9c3: posts small blind $0.02
a6f2c291: posts big blind $0.05
*** HOLE CARDS ***
Dealt to de38f9c3 
Dealt to a6f2c291 
Dealt to e2ef136b 
Dealt to Hero [Qs Kd]
Dealt to 313c2b52 
Dealt to 6d0a784c 
e2ef136b: folds
Hero: raises $0.07 to $0.12
313c2b52: folds
6d0a784c: raises $0.38 to $0.5
de38f9c3: folds
a6f2c291: folds
Hero: folds
Uncalled bet ($0.38) returned to 6d0a784c
*** SHOWDOWN ***
6d0a784c collected $0.3 from pot
*** SUMMARY ***
Total pot $0.31 | Rake $0.01 | Jackpot $0 | Bingo $0 | Fortune $0
Seat 1: de38f9c3 (small blind) folded before Flop
Seat 2: a6f2c291 (big blind) folded before Flop
Seat 3: e2ef136b folded before Flop (didn't bet)
Seat 4: Hero folded before Flop
Seat 5: 313c2b52 folded before Flop (didn't bet)
Seat 6: 6d0a784c (button) collected ($0.3)


Poker Hand #HD1178345202: Hold'em No Limit  ($0.02/$0.05) - 2023/03/27 18:30:46
Table 'NLHBlue72' 6-max Seat #5 is the button
Seat 1: de38f9c3 ($10.99 in chips)
Seat 2: a6f2c291 ($5.07 in chips)
Seat 3: e2ef136b ($2.87 in chips)
Seat 4: Hero ($5.15 in chips)
Seat 5: 313c2b52 ($6.78 in chips)
Seat 6: 6d0a784c ($5.33 in chips)
6d0a784c: posts small blind $0.02
de38f9c3: posts big blind $0.05
*** HOLE CARDS ***
Dealt to de38f9c3 
Dealt to a6f2c291 
Dealt to e2ef136b 
Dealt to Hero [8s 4s]
Dealt to 313c2b52 
Dealt to 6d0a784c 
a6f2c291: folds
e2ef136b: folds
Hero: folds
313c2b52: raises $0.05 to $0.1
6d0a784c: folds
de38f9c3: folds
Uncalled bet ($0.05) returned to 313c2b52
*** SHOWDOWN ***
313c2b52 collected $0.12 from pot
*** SUMMARY ***
Total pot $0.12 | Rake $0 | Jackpot $0 | Bingo $0 | Fortune $0
Seat 1: de38f9c3 (big blind) folded before Flop
Seat 2: a6f2c291 folded before Flop (didn't bet)
Seat 3: e2ef136b folded before Flop (didn't bet)
Seat 4: Hero folded before Flop (didn't bet)
Seat 5: 313c2b52 (button) collected ($0.12)
Seat 6: 6d0a784c (small blind) folded before Flop


Poker Hand #HD1178345162: Hold'em No Limit  ($0.02/$0.05) - 2023/03/27 18:30:31
Table 'NLHBlue72' 6-max Seat #4 is the button
Seat 1: de38f9c3 ($10.99 in chips)
Seat 2: a6f2c291 ($5.07 in chips)
Seat 3: e2ef136b ($2.87 in chips)
Seat 4: Hero ($5.15 in chips)
Seat 5: 313c2b52 ($6.73 in chips)
Seat 6: 6d0a784c ($5.38 in chips)
313c2b52: posts small blind $0.02
6d0a784c: posts big blind $0.05
*** HOLE CARDS ***
Dealt to de38f9c3 
Dealt to a6f2c291 
Dealt to e2ef136b 
Dealt to Hero [3d Tc]
Dealt to 313c2b52 
Dealt to 6d0a784c 
de38f9c3: folds
a6f2c291: folds
e2ef136b: folds
Hero: folds
313c2b52: raises $0.1 to $0.15
6d0a784c: folds
Uncalled bet ($0.1) returned to 313c2b52
*** SHOWDOWN ***
313c2b52 collected $0.1 from pot
*** SUMMARY ***
Total pot $0.1 | Rake $0 | Jackpot $0 | Bingo $0 | Fortune $0
Seat 1: de38f9c3 folded before Flop (didn't bet)
Seat 2: a6f2c291 folded before Flop (didn't bet)
Seat 3: e2ef136b folded before Flop (didn't bet)
Seat 4: Hero (button) folded before Flop (didn't bet)
Seat 5: 313c2b52 (small blind) collected ($0.1)
Seat 6: 6d0a784c (big blind) folded before Flop


Poker Hand #HD1178345008: Hold'em No Limit  ($0.02/$0.05) - 2023/03/27 18:29:37
Table 'NLHBlue72' 6-max Seat #3 is the button
Seat 1: de38f9c3 ($11.14 in chips)
Seat 2: a6f2c291 ($5.07 in chips)
Seat 3: e2ef136b ($3.02 in chips)
Seat 4: Hero ($5.17 in chips)
Seat 5: 313c2b52 ($6.43 in chips)
Seat 6: 6d0a784c ($5.38 in chips)
Hero: posts small blind $0.02
313c2b52: posts big blind $0.05
*** HOLE CARDS ***
Dealt to de38f9c3 
Dealt to a6f2c291 
Dealt to e2ef136b 
Dealt to Hero [Kd 9s]
Dealt to 313c2b52 
Dealt to 6d0a784c 
6d0a784c: folds
de38f9c3: raises $0.1 to $0.15
a6f2c291: folds
e2ef136b: calls $0.15
Hero: folds
313c2b52: calls $0.1
*** FLOP *** [9c 4s Qh]
313c2b52: checks
de38f9c3: checks
e2ef136b: checks
*** TURN *** [9c 4s Qh] [8d]
313c2b52: checks
de38f9c3: checks
e2ef136b: checks
*** RIVER *** [9c 4s Qh 8d] [Js]
313c2b52: bets $0.57
de38f9c3: folds
e2ef136b: folds
Uncalled bet ($0.57) returned to 313c2b52
*** SHOWDOWN ***
313c2b52 collected $0.45 from pot
*** SUMMARY ***
Total pot $0.47 | Rake $0.02 | Jackpot $0 | Bingo $0 | Fortune $0
Board [9c 4s Qh 8d Js]
Seat 1: de38f9c3 folded on the River
Seat 2: a6f2c291 folded before Flop (didn't bet)
Seat 3: e2ef136b (button) folded on the River
Seat 4: Hero (small blind) folded before Flop
Seat 5: 313c2b52 (big blind) won ($0.45)
Seat 6: 6d0a784c folded before Flop (didn't bet)


Poker Hand #HD1178344851: Hold'em No Limit  ($0.02/$0.05) - 2023/03/27 18:28:38
Table 'NLHBlue72' 6-max Seat #2 is the button
Seat 1: de38f9c3 ($11.14 in chips)
Seat 2: a6f2c291 ($5.07 in chips)
Seat 3: e2ef136b ($3.92 in chips)
Seat 4: Hero ($5.27 in chips)
Seat 5: 313c2b52 ($5.57 in chips)
Seat 6: 6d0a784c ($5.38 in chips)
e2ef136b: posts small blind $0.02
Hero: posts big blind $0.05
*** HOLE CARDS ***
Dealt to de38f9c3 
Dealt to a6f2c291 
Dealt to e2ef136b 
Dealt to Hero [Th 8h]
Dealt to 313c2b52 
Dealt to 6d0a784c 
313c2b52: raises $0.05 to $0.1
6d0a784c: folds
de38f9c3: folds
a6f2c291: folds
e2ef136b: calls $0.08
Hero: calls $0.05
*** FLOP *** [5c Tc Js]
e2ef136b: checks
Hero: checks
313c2b52: bets $0.21
e2ef136b: calls $0.21
Hero: folds
*** TURN *** [5c Tc Js] [7s]
e2ef136b: checks
313c2b52: bets $0.59
e2ef136b: calls $0.59
*** RIVER *** [5c Tc Js 7s] [Kh]
e2ef136b: checks
313c2b52: checks
e2ef136b: shows [8c 7c] (Pair of Sevens)
313c2b52: shows [Ad Jh] (Pair of Jacks)
*** SHOWDOWN ***
313c2b52 collected $1.76 from pot
*** SUMMARY ***
Total pot $1.9 | Rake $0.09 | Jackpot $0.05 | Bingo $0 | Fortune $0
Board [5c Tc Js 7s Kh]
Seat 1: de38f9c3 folded before Flop (didn't bet)
Seat 2: a6f2c291 (button) folded before Flop (didn't bet)
Seat 3: e2ef136b (small blind) showed [8c 7c] and lost with Pair of Sevens
Seat 4: Hero (big blind) folded on the Flop
Seat 5: 313c2b52 showed [Ad Jh] and won ($1.76) with Pair of Jacks
Seat 6: 6d0a784c folded before Flop (didn't bet)


Poker Hand #HD1178344758: Hold'em No Limit  ($0.02/$0.05) - 2023/03/27 18:28:08
Table 'NLHBlue72' 6-max Seat #1 is the button
Seat 1: de38f9c3 ($11.14 in chips)
Seat 2: a6f2c291 ($5.02 in chips)
Seat 3: e2ef136b ($3.97 in chips)
Seat 4: Hero ($5.27 in chips)
Seat 5: 313c2b52 ($5.57 in chips)
Seat 6: 6d0a784c ($5.38 in chips)
a6f2c291: posts small blind $0.02
e2ef136b: posts big blind $0.05
*** HOLE CARDS ***
Dealt to de38f9c3 
Dealt to a6f2c291 
Dealt to e2ef136b 
Dealt to Hero [5s Jh]
Dealt to 313c2b52 
Dealt to 6d0a784c 
Hero: folds
313c2b52: folds
6d0a784c: folds
de38f9c3: folds
a6f2c291: calls $0.03
e2ef136b: checks
*** FLOP *** [9s Td Js]
a6f2c291: bets $0.05
e2ef136b: folds
Uncalled bet ($0.05) returned to a6f2c291
*** SHOWDOWN ***
a6f2c291 collected $0.1 from pot
*** SUMMARY ***
Total pot $0.1 | Rake $0 | Jackpot $0 | Bingo $0 | Fortune $0
Board [9s Td Js]
Seat 1: de38f9c3 (button) folded before Flop (didn't bet)
Seat 2: a6f2c291 (small blind) won ($0.1)
Seat 3: e2ef136b (big blind) folded on the Flop
Seat 4: Hero folded before Flop (didn't bet)
Seat 5: 313c2b52 folded before Flop (didn't bet)
Seat 6: 6d0a784c folded before Flop (didn't bet)


Poker Hand #HD1178344589: Hold'em No Limit  ($0.02/$0.05) - 2023/03/27 18:27:07
Table 'NLHBlue72' 6-max Seat #6 is the button
Seat 1: de38f9c3 ($11.16 in chips)
Seat 2: a6f2c291 ($5.07 in chips)
Seat 3: e2ef136b ($4.26 in chips)
Seat 4: Hero ($5.27 in chips)
Seat 5: 313c2b52 ($5.57 in chips)
Seat 6: 6d0a784c ($5.05 in chips)
de38f9c3: posts small blind $0.02
a6f2c291: posts big blind $0.05
*** HOLE CARDS ***
Dealt to de38f9c3 
Dealt to a6f2c291 
Dealt to e2ef136b 
Dealt to Hero [Qs 8s]
Dealt to 313c2b52 
Dealt to 6d0a784c 
e2ef136b: raises $0.08 to $0.13
Hero: folds
313c2b52: folds
6d0a784c: calls $0.13
de38f9c3: folds
a6f2c291: folds
*** FLOP *** [Qc 2d 7c]
e2ef136b: checks
6d0a784c: bets $0.16
e2ef136b: calls $0.16
*** TURN *** [Qc 2d 7c] [2c]
e2ef136b: checks
6d0a784c: checks
*** RIVER *** [Qc 2d 7c 2c] [3d]
e2ef136b: checks
6d0a784c: bets $0.54
e2ef136b: folds
Uncalled bet ($0.54) returned to 6d0a784c
*** SHOWDOWN ***
6d0a784c collected $0.62 from pot
*** SUMMARY ***
Total pot $0.65 | Rake $0.03 | Jackpot $0 | Bingo $0 | Fortune $0
Board [Qc 2d 7c 2c 3d]
Seat 1: de38f9c3 (small blind) folded before Flop
Seat 2: a6f2c291 (big blind) folded before Flop
Seat 3: e2ef136b folded on the River
Seat 4: Hero folded before Flop (didn't bet)
Seat 5: 313c2b52 folded before Flop (didn't bet)
Seat 6: 6d0a784c (button) won ($0.62)


Poker Hand #HD1178344520: Hold'em No Limit  ($0.02/$0.05) - 2023/03/27 18:26:40
Table 'NLHBlue72' 6-max Seat #5 is the button
Seat 1: de38f9c3 ($11.21 in chips)
Seat 2: a6f2c291 ($5.07 in chips)
Seat 3: e2ef136b ($4.26 in chips)
Seat 4: Hero ($5.27 in chips)
Seat 5: 313c2b52 ($5.57 in chips)
Seat 6: 6d0a784c ($5 in chips)
6d0a784c: posts small blind $0.02
de38f9c3: posts big blind $0.05
*** HOLE CARDS ***
Dealt to de38f9c3 
Dealt to a6f2c291 
Dealt to e2ef136b 
Dealt to Hero [4c 7d]
Dealt to 313c2b52 
Dealt to 6d0a784c 
a6f2c291: folds
e2ef136b: folds
Hero: folds
313c2b52: folds
6d0a784c: raises $0.1 to $0.15
de38f9c3: folds
Uncalled bet ($0.1) returned to 6d0a784c
*** SHOWDOWN ***
6d0a784c collected $0.1 from pot
*** SUMMARY ***
Total pot $0.1 | Rake $0 | Jackpot $0 | Bingo $0 | Fortune $0
Seat 1: de38f9c3 (big blind) folded before Flop
Seat 2: a6f2c291 folded before Flop (didn't bet)
Seat 3: e2ef136b folded before Flop (didn't bet)
Seat 4: Hero folded before Flop (didn't bet)
Seat 5: 313c2b52 (button) folded before Flop (didn't bet)
Seat 6: 6d0a784c (small blind) collected ($0.1)


Poker Hand #HD1178344486: Hold'em No Limit  ($0.02/$0.05) - 2023/03/27 18:26:28
Table 'NLHBlue72' 6-max Seat #4 is the button
Seat 1: de38f9c3 ($11.21 in chips)
Seat 2: a6f2c291 ($5 in chips)
Seat 3: e2ef136b ($4.26 in chips)
Seat 4: Hero ($5.27 in chips)
Seat 5: 313c2b52 ($5.59 in chips)
Seat 6: 6d0a784c ($5 in chips)
313c2b52: posts small blind $0.02
6d0a784c: posts big blind $0.05
*** HOLE CARDS ***
Dealt to de38f9c3 
Dealt to a6f2c291 
Dealt to e2ef136b 
Dealt to Hero [3d 7h]
Dealt to 313c2b52 
Dealt to 6d0a784c 
de38f9c3: folds
a6f2c291: raises $0.07 to $0.12
e2ef136b: folds
Hero: folds
313c2b52: folds
6d0a784c: folds
Uncalled bet ($0.07) returned to a6f2c291
*** SHOWDOWN ***
a6f2c291 collected $0.12 from pot
*** SUMMARY ***
Total pot $0.12 | Rake $0 | Jackpot $0 | Bingo $0 | Fortune $0
Seat 1: de38f9c3 folded before Flop (didn't bet)
Seat 2: a6f2c291 collected ($0.12)
Seat 3: e2ef136b folded before Flop (didn't bet)
Seat 4: Hero (button) folded before Flop (didn't bet)
Seat 5: 313c2b52 (small blind) folded before Flop
Seat 6: 6d0a784c (big blind) folded before Flop


Poker Hand #HD1178344382: Hold'em No Limit  ($0.02/$0.05) - 2023/03/27 18:25:53
Table 'NLHBlue72' 6-max Seat #3 is the button
Seat 1: de38f9c3 ($11.21 in chips)
Seat 2: a6f2c291 ($5.12 in chips)
Seat 3: e2ef136b ($4.38 in chips)
Seat 4: Hero ($5 in chips)
Seat 5: 313c2b52 ($5.64 in chips)
Hero: posts small blind $0.02
313c2b52: posts big blind $0.05
*** HOLE CARDS ***
Dealt to de38f9c3 
Dealt to a6f2c291 
Dealt to e2ef136b 
Dealt to Hero [9h 9s]
Dealt to 313c2b52 
de38f9c3: folds
a6f2c291: raises $0.07 to $0.12
e2ef136b: calls $0.12
Hero: raises $0.34 to $0.46
313c2b52: folds
a6f2c291: folds
e2ef136b: folds
Uncalled bet ($0.34) returned to Hero
*** SHOWDOWN ***
Hero collected $0.39 from pot
*** SUMMARY ***
Total pot $0.41 | Rake $0.02 | Jackpot $0 | Bingo $0 | Fortune $0
Seat 1: de38f9c3 folded before Flop (didn't bet)
Seat 2: a6f2c291 folded before Flop
Seat 3: e2ef136b (button) folded before Flop
Seat 4: Hero (small blind) collected ($0.39)
Seat 5: 313c2b52 (big blind) folded before Flop


Poker Hand #HD1178344179: Hold'em No Limit  ($0.02/$0.05) - 2023/03/27 18:24:40
Table 'NLHBlue72' 6-max Seat #2 is the button
Seat 1: de38f9c3 ($10.24 in chips)
Seat 2: a6f2c291 ($5.12 in chips)
Seat 3: e2ef136b ($4.4 in chips)
Seat 4: Hero ($5 in chips)
Seat 5: 313c2b52 ($5.64 in chips)
e2ef136b: posts small blind $0.02
Hero: posts big blind $0.05
*** HOLE CARDS ***
Dealt to de38f9c3 
Dealt to a6f2c291 
Dealt to e2ef136b 
Dealt to Hero [Ah Js]
Dealt to 313c2b52 
313c2b52: folds
de38f9c3: raises $0.1 to $0.15
a6f2c291: folds
e2ef136b: folds
Hero: raises $0.29 to $0.44
de38f9c3: calls $0.29
*** FLOP *** [4s Ad 7h]
Hero: bets $0.3
de38f9c3: calls $0.3
*** TURN *** [4s Ad 7h] [Kd]
Hero: bets $0.36
de38f9c3: raises $1.09 to $1.45
Hero: folds
Uncalled bet ($1.09) returned to de38f9c3
*** SHOWDOWN ***
de38f9c3 collected $2.07 from pot
*** SUMMARY ***
Total pot $2.22 | Rake $0.1 | Jackpot $0.05 | Bingo $0 | Fortune $0
Board [4s Ad 7h Kd]
Seat 1: de38f9c3 won ($2.07)
Seat 2: a6f2c291 (button) folded before Flop (didn't bet)
Seat 3: e2ef136b (small blind) folded before Flop
Seat 4: Hero (big blind) folded on the Turn
Seat 5: 313c2b52 folded before Flop (didn't bet)


