Poker Hand #HD1203204647: Hold'em No Limit  ($0.02/$0.05) - 2023/04/14 21:08:12
Table 'NLHBlue33' 6-max Seat #4 is the button
Seat 2: 55dafab ($5 in chips)
Seat 4: Hero ($5 in chips)
Seat 5: c507e1cb ($7.33 in chips)
c507e1cb: posts small blind $0.02
55dafab: posts big blind $0.05
*** HOLE CARDS ***
Dealt to 55dafab 
Dealt to Hero [Ad 2c]
Dealt to c507e1cb 
Hero: raises $0.07 to $0.12
c507e1cb: folds
55dafab: calls $0.07
*** FLOP *** [6c 4h 8h]
55dafab: checks
Hero: checks
*** TURN *** [6c 4h 8h] [9d]
55dafab: bets $0.13
Hero: folds
Uncalled bet ($0.13) returned to 55dafab
*** SHOWDOWN ***
55dafab collected $0.25 from pot
*** SUMMARY ***
Total pot $0.26 | Rake $0.01 | Jackpot $0 | Bingo $0 | Fortune $0
Board [6c 4h 8h 9d]
Seat 2: 55dafab (big blind) won ($0.25)
Seat 4: Hero (button) folded on the Turn
Seat 5: c507e1cb (small blind) folded before Flop


Poker Hand #HD1203204569: Hold'em No Limit  ($0.02/$0.05) - 2023/04/14 21:07:30
Table 'NLHBlue33' 6-max Seat #2 is the button
Seat 2: 55dafab ($5 in chips)
Seat 4: Hero ($5.1 in chips)
Seat 5: c507e1cb ($7.07 in chips)
Hero: posts small blind $0.02
c507e1cb: posts big blind $0.05
*** HOLE CARDS ***
Dealt to 55dafab 
Dealt to Hero [Jc 3c]
Dealt to c507e1cb 
55dafab: folds
Hero: raises $0.09 to $0.14
c507e1cb: calls $0.09
*** FLOP *** [Qs Tc 6c]
Hero: checks
c507e1cb: bets $0.14
Hero: calls $0.14
*** TURN *** [Qs Tc 6c] [2d]
Hero: checks
c507e1cb: checks
*** RIVER *** [Qs Tc 6c 2d] [Ks]
Hero: checks
c507e1cb: checks
Hero: shows [Jc 3c] (King-High)
c507e1cb: shows [2c Ad] (Pair of Twos)
*** SHOWDOWN ***
c507e1cb collected $0.54 from pot
*** SUMMARY ***
Total pot $0.56 | Rake $0.02 | Jackpot $0 | Bingo $0 | Fortune $0
Board [Qs Tc 6c 2d Ks]
Seat 2: 55dafab (button) folded before Flop (didn't bet)
Seat 4: Hero (small blind) showed [Jc 3c] and lost with King-High
Seat 5: c507e1cb (big blind) showed [2c Ad] and won ($0.54) with Pair of Twos


Poker Hand #HD1203204555: Hold'em No Limit  ($0.02/$0.05) - 2023/04/14 21:07:23
Table 'NLHBlue33' 6-max Seat #5 is the button
Seat 2: 55dafab ($5.02 in chips)
Seat 4: Hero ($5.08 in chips)
Seat 5: c507e1cb ($7.07 in chips)
55dafab: posts small blind $0.02
Hero: posts big blind $0.05
*** HOLE CARDS ***
Dealt to 55dafab 
Dealt to Hero [Qh 2s]
Dealt to c507e1cb 
c507e1cb: folds
55dafab: folds
Uncalled bet ($0.03) returned to Hero
*** SHOWDOWN ***
Hero collected $0.04 from pot
*** SUMMARY ***
Total pot $0.04 | Rake $0 | Jackpot $0 | Bingo $0 | Fortune $0
Seat 2: 55dafab (small blind) folded before Flop
Seat 4: Hero (big blind) collected ($0.04)
Seat 5: c507e1cb (button) folded before Flop (didn't bet)


Poker Hand #HD1203204524: Hold'em No Limit  ($0.02/$0.05) - 2023/04/14 21:07:07
Table 'NLHBlue33' 6-max Seat #4 is the button
Seat 2: 55dafab ($5 in chips)
Seat 3: efe4b22d ($7.96 in chips)
Seat 4: Hero ($5.08 in chips)
Seat 5: c507e1cb ($7.09 in chips)
c507e1cb: posts small blind $0.02
55dafab: posts big blind $0.05
*** HOLE CARDS ***
Dealt to 55dafab 
Dealt to efe4b22d 
Dealt to Hero [8c Td]
Dealt to c507e1cb 
efe4b22d: folds
Hero: folds
c507e1cb: folds
Uncalled bet ($0.03) returned to 55dafab
*** SHOWDOWN ***
55dafab collected $0.04 from pot
*** SUMMARY ***
Total pot $0.04 | Rake $0 | Jackpot $0 | Bingo $0 | Fortune $0
Seat 2: 55dafab (big blind) collected ($0.04)
Seat 3: efe4b22d folded before Flop (didn't bet)
Seat 4: Hero (button) folded before Flop (didn't bet)
Seat 5: c507e1cb (small blind) folded before Flop


Poker Hand #HD1203204482: Hold'em No Limit  ($0.02/$0.05) - 2023/04/14 21:06:40
Table 'NLHBlue33' 6-max Seat #3 is the button
Seat 3: efe4b22d ($7.96 in chips)
Seat 4: Hero ($5.1 in chips)
Seat 5: c507e1cb ($6.95 in chips)
Seat 6: 5fa03e5e ($9.02 in chips)
Hero: posts small blind $0.02
c507e1cb: posts big blind $0.05
*** HOLE CARDS ***
Dealt to efe4b22d 
Dealt to Hero [9d 6c]
Dealt to c507e1cb 
Dealt to 5fa03e5e 
5fa03e5e: raises $0.08 to $0.13
efe4b22d: folds
Hero: folds
c507e1cb: raises $0.33 to $0.46
5fa03e5e: folds
Uncalled bet ($0.33) returned to c507e1cb
*** SHOWDOWN ***
c507e1cb collected $0.27 from pot
*** SUMMARY ***
Total pot $0.28 | Rake $0.01 | Jackpot $0 | Bingo $0 | Fortune $0
Seat 3: efe4b22d (button) folded before Flop (didn't bet)
Seat 4: Hero (small blind) folded before Flop
Seat 5: c507e1cb (big blind) collected ($0.27)
Seat 6: 5fa03e5e folded before Flop


Poker Hand #HD1203204382: Hold'em No Limit  ($0.02/$0.05) - 2023/04/14 21:05:40
Table 'NLHBlue33' 6-max Seat #1 is the button
Seat 1: 7603e8c ($3.44 in chips)
Seat 3: efe4b22d ($7.98 in chips)
Seat 4: Hero ($5.15 in chips)
Seat 5: c507e1cb ($6.95 in chips)
Seat 6: 5fa03e5e ($5.9 in chips)
efe4b22d: posts small blind $0.02
Hero: posts big blind $0.05
*** HOLE CARDS ***
Dealt to 7603e8c 
Dealt to efe4b22d 
Dealt to Hero [4d 8c]
Dealt to c507e1cb 
Dealt to 5fa03e5e 
c507e1cb: folds
5fa03e5e: raises $0.08 to $0.13
7603e8c: calls $0.13
efe4b22d: folds
Hero: folds
*** FLOP *** [Th Qh Kd]
5fa03e5e: bets $0.22
7603e8c: calls $0.22
*** TURN *** [Th Qh Kd] [Td]
5fa03e5e: bets $0.52
7603e8c: raises $0.91 to $1.43
5fa03e5e: raises $4.12 to $5.55 and is all-in
7603e8c: calls $1.66 and is all-in
Uncalled bet ($2.46) returned to 5fa03e5e
5fa03e5e: shows [Tc Ks] (Tens Full over Kings)
7603e8c: shows [Ac 7s] (Pair of Tens)
*** RIVER *** [Th Qh Kd Td] [Qc]
*** SHOWDOWN ***
5fa03e5e collected $6.56 from pot
*** SUMMARY ***
Total pot $6.95 | Rake $0.34 | Jackpot $0.05 | Bingo $0 | Fortune $0
Board [Th Qh Kd Td Qc]
Seat 1: 7603e8c (button) showed [Ac 7s] and lost with Pair of Queens and Pair of Tens
Seat 3: efe4b22d (small blind) folded before Flop
Seat 4: Hero (big blind) folded before Flop
Seat 5: c507e1cb folded before Flop (didn't bet)
Seat 6: 5fa03e5e showed [Tc Ks] and won ($6.56) with Tens Full over Kings


Poker Hand #HD1203204345: Hold'em No Limit  ($0.02/$0.05) - 2023/04/14 21:05:19
Table 'NLHBlue33' 6-max Seat #6 is the button
Seat 1: 7603e8c ($3.46 in chips)
Seat 3: efe4b22d ($7.84 in chips)
Seat 4: Hero ($5.15 in chips)
Seat 5: c507e1cb ($6.95 in chips)
Seat 6: 5fa03e5e ($6.03 in chips)
7603e8c: posts small blind $0.02
efe4b22d: posts big blind $0.05
*** HOLE CARDS ***
Dealt to 7603e8c 
Dealt to efe4b22d 
Dealt to Hero [9c 4c]
Dealt to c507e1cb 
Dealt to 5fa03e5e 
Hero: folds
c507e1cb: folds
5fa03e5e: raises $0.08 to $0.13
7603e8c: folds
efe4b22d: raises $0.28 to $0.41
5fa03e5e: folds
Uncalled bet ($0.28) returned to efe4b22d
*** SHOWDOWN ***
efe4b22d collected $0.27 from pot
*** SUMMARY ***
Total pot $0.28 | Rake $0.01 | Jackpot $0 | Bingo $0 | Fortune $0
Seat 1: 7603e8c (small blind) folded before Flop
Seat 3: efe4b22d (big blind) collected ($0.27)
Seat 4: Hero folded before Flop (didn't bet)
Seat 5: c507e1cb folded before Flop (didn't bet)
Seat 6: 5fa03e5e (button) folded before Flop


Poker Hand #HD1203204275: Hold'em No Limit  ($0.02/$0.05) - 2023/04/14 21:04:30
Table 'NLHBlue33' 6-max Seat #5 is the button
Seat 1: 7603e8c ($3.23 in chips)
Seat 2: f3157152 ($5.17 in chips)
Seat 3: efe4b22d ($7.84 in chips)
Seat 4: Hero ($5.15 in chips)
Seat 5: c507e1cb ($7.18 in chips)
Seat 6: 5fa03e5e ($6.05 in chips)
5fa03e5e: posts small blind $0.02
7603e8c: posts big blind $0.05
*** HOLE CARDS ***
Dealt to 7603e8c 
Dealt to f3157152 
Dealt to efe4b22d 
Dealt to Hero [9s 3c]
Dealt to c507e1cb 
Dealt to 5fa03e5e 
f3157152: folds
efe4b22d: folds
Hero: folds
c507e1cb: raises $0.08 to $0.13
5fa03e5e: folds
7603e8c: calls $0.08
*** FLOP *** [5h Ts Tc]
7603e8c: checks
c507e1cb: bets $0.1
7603e8c: calls $0.1
*** TURN *** [5h Ts Tc] [Jd]
7603e8c: checks
c507e1cb: checks
*** RIVER *** [5h Ts Tc Jd] [4s]
7603e8c: bets $0.24
c507e1cb: folds
Uncalled bet ($0.24) returned to 7603e8c
*** SHOWDOWN ***
7603e8c collected $0.46 from pot
*** SUMMARY ***
Total pot $0.48 | Rake $0.02 | Jackpot $0 | Bingo $0 | Fortune $0
Board [5h Ts Tc Jd 4s]
Seat 1: 7603e8c (big blind) won ($0.46)
Seat 2: f3157152 folded before Flop (didn't bet)
Seat 3: efe4b22d folded before Flop (didn't bet)
Seat 4: Hero folded before Flop (didn't bet)
Seat 5: c507e1cb (button) folded on the River
Seat 6: 5fa03e5e (small blind) folded before Flop


Poker Hand #HD1203204222: Hold'em No Limit  ($0.02/$0.05) - 2023/04/14 21:04:00
Table 'NLHBlue33' 6-max Seat #4 is the button
Seat 1: 7603e8c ($3.02 in chips)
Seat 2: f3157152 ($5.17 in chips)
Seat 3: efe4b22d ($7.99 in chips)
Seat 4: Hero ($5.15 in chips)
Seat 5: c507e1cb ($7.2 in chips)
Seat 6: 5fa03e5e ($6.1 in chips)
c507e1cb: posts small blind $0.02
5fa03e5e: posts big blind $0.05
*** HOLE CARDS ***
Dealt to 7603e8c 
Dealt to f3157152 
Dealt to efe4b22d 
Dealt to Hero [9s Qh]
Dealt to c507e1cb 
Dealt to 5fa03e5e 
7603e8c: raises $0.1 to $0.15
f3157152: folds
efe4b22d: calls $0.15
Hero: folds
c507e1cb: folds
5fa03e5e: folds
*** FLOP *** [8c 3h 9d]
7603e8c: bets $0.19
efe4b22d: folds
Uncalled bet ($0.19) returned to 7603e8c
*** SHOWDOWN ***
7603e8c collected $0.36 from pot
*** SUMMARY ***
Total pot $0.37 | Rake $0.01 | Jackpot $0 | Bingo $0 | Fortune $0
Board [8c 3h 9d]
Seat 1: 7603e8c won ($0.36)
Seat 2: f3157152 folded before Flop (didn't bet)
Seat 3: efe4b22d folded on the Flop
Seat 4: Hero (button) folded before Flop (didn't bet)
Seat 5: c507e1cb (small blind) folded before Flop
Seat 6: 5fa03e5e (big blind) folded before Flop


Poker Hand #HD1203204203: Hold'em No Limit  ($0.02/$0.05) - 2023/04/14 21:03:48
Table 'NLHBlue33' 6-max Seat #3 is the button
Seat 1: 7603e8c ($2.95 in chips)
Seat 2: f3157152 ($5.17 in chips)
Seat 3: efe4b22d ($7.99 in chips)
Seat 4: Hero ($5.17 in chips)
Seat 5: c507e1cb ($7.25 in chips)
Seat 6: 5fa03e5e ($6.1 in chips)
Hero: posts small blind $0.02
c507e1cb: posts big blind $0.05
*** HOLE CARDS ***
Dealt to 7603e8c 
Dealt to f3157152 
Dealt to efe4b22d 
Dealt to Hero [Qh 2d]
Dealt to c507e1cb 
Dealt to 5fa03e5e 
5fa03e5e: folds
7603e8c: raises $0.1 to $0.15
f3157152: folds
efe4b22d: folds
Hero: folds
c507e1cb: folds
Uncalled bet ($0.1) returned to 7603e8c
*** SHOWDOWN ***
7603e8c collected $0.12 from pot
*** SUMMARY ***
Total pot $0.12 | Rake $0 | Jackpot $0 | Bingo $0 | Fortune $0
Seat 1: 7603e8c collected ($0.12)
Seat 2: f3157152 folded before Flop (didn't bet)
Seat 3: efe4b22d (button) folded before Flop (didn't bet)
Seat 4: Hero (small blind) folded before Flop
Seat 5: c507e1cb (big blind) folded before Flop
Seat 6: 5fa03e5e folded before Flop (didn't bet)


Poker Hand #HD1203204109: Hold'em No Limit  ($0.02/$0.05) - 2023/04/14 21:02:50
Table 'NLHBlue33' 6-max Seat #2 is the button
Seat 1: 7603e8c ($2.95 in chips)
Seat 2: f3157152 ($5.17 in chips)
Seat 3: efe4b22d ($8.01 in chips)
Seat 4: Hero ($5.22 in chips)
Seat 5: c507e1cb ($6.45 in chips)
Seat 6: 5fa03e5e ($6.96 in chips)
efe4b22d: posts small blind $0.02
Hero: posts big blind $0.05
*** HOLE CARDS ***
Dealt to 7603e8c 
Dealt to f3157152 
Dealt to efe4b22d 
Dealt to Hero [8h Ah]
Dealt to c507e1cb 
Dealt to 5fa03e5e 
c507e1cb: raises $0.1 to $0.15
5fa03e5e: raises $0.35 to $0.5
7603e8c: folds
f3157152: folds
efe4b22d: folds
Hero: folds
c507e1cb: calls $0.35
*** FLOP *** [5d 2c Jc]
c507e1cb: checks
5fa03e5e: bets $0.36
c507e1cb: calls $0.36
*** TURN *** [5d 2c Jc] [8s]
c507e1cb: checks
5fa03e5e: checks
*** RIVER *** [5d 2c Jc 8s] [Qs]
c507e1cb: bets $1.35
5fa03e5e: folds
Uncalled bet ($1.35) returned to c507e1cb
*** SHOWDOWN ***
c507e1cb collected $1.66 from pot
*** SUMMARY ***
Total pot $1.79 | Rake $0.08 | Jackpot $0.05 | Bingo $0 | Fortune $0
Board [5d 2c Jc 8s Qs]
Seat 1: 7603e8c folded before Flop (didn't bet)
Seat 2: f3157152 (button) folded before Flop (didn't bet)
Seat 3: efe4b22d (small blind) folded before Flop
Seat 4: Hero (big blind) folded before Flop
Seat 5: c507e1cb won ($1.66)
Seat 6: 5fa03e5e folded on the River


Poker Hand #HD1203204077: Hold'em No Limit  ($0.02/$0.05) - 2023/04/14 21:02:28
Table 'NLHBlue33' 6-max Seat #1 is the button
Seat 1: 7603e8c ($2.95 in chips)
Seat 2: f3157152 ($5 in chips)
Seat 3: efe4b22d ($8.06 in chips)
Seat 4: Hero ($5.22 in chips)
Seat 5: c507e1cb ($6.45 in chips)
Seat 6: 5fa03e5e ($7.09 in chips)
f3157152: posts small blind $0.02
efe4b22d: posts big blind $0.05
*** HOLE CARDS ***
Dealt to 7603e8c 
Dealt to f3157152 
Dealt to efe4b22d 
Dealt to Hero [8s Kh]
Dealt to c507e1cb 
Dealt to 5fa03e5e 
Hero: folds
c507e1cb: folds
5fa03e5e: raises $0.08 to $0.13
7603e8c: folds
f3157152: raises $0.38 to $0.51
efe4b22d: folds
5fa03e5e: folds
Uncalled bet ($0.38) returned to f3157152
*** SHOWDOWN ***
f3157152 collected $0.3 from pot
*** SUMMARY ***
Total pot $0.31 | Rake $0.01 | Jackpot $0 | Bingo $0 | Fortune $0
Seat 1: 7603e8c (button) folded before Flop (didn't bet)
Seat 2: f3157152 (small blind) collected ($0.3)
Seat 3: efe4b22d (big blind) folded before Flop
Seat 4: Hero folded before Flop (didn't bet)
Seat 5: c507e1cb folded before Flop (didn't bet)
Seat 6: 5fa03e5e folded before Flop


Poker Hand #HD1203204049: Hold'em No Limit  ($0.02/$0.05) - 2023/04/14 21:02:13
Table 'NLHBlue33' 6-max Seat #6 is the button
Seat 1: 7603e8c ($2.97 in chips)
Seat 2: f3157152 ($5.05 in chips)
Seat 3: efe4b22d ($8.06 in chips)
Seat 4: Hero ($5.22 in chips)
Seat 5: c507e1cb ($6.38 in chips)
Seat 6: 5fa03e5e ($7.09 in chips)
7603e8c: posts small blind $0.02
f3157152: posts big blind $0.05
*** HOLE CARDS ***
Dealt to 7603e8c 
Dealt to f3157152 
Dealt to efe4b22d 
Dealt to Hero [8d 9h]
Dealt to c507e1cb 
Dealt to 5fa03e5e 
efe4b22d: folds
Hero: folds
c507e1cb: raises $0.1 to $0.15
5fa03e5e: folds
7603e8c: folds
f3157152: folds
Uncalled bet ($0.1) returned to c507e1cb
*** SHOWDOWN ***
c507e1cb collected $0.12 from pot
*** SUMMARY ***
Total pot $0.12 | Rake $0 | Jackpot $0 | Bingo $0 | Fortune $0
Seat 1: 7603e8c (small blind) folded before Flop
Seat 2: f3157152 (big blind) folded before Flop
Seat 3: efe4b22d folded before Flop (didn't bet)
Seat 4: Hero folded before Flop (didn't bet)
Seat 5: c507e1cb collected ($0.12)
Seat 6: 5fa03e5e (button) folded before Flop (didn't bet)


Poker Hand #HD1203204027: Hold'em No Limit  ($0.02/$0.05) - 2023/04/14 21:02:00
Table 'NLHBlue33' 6-max Seat #5 is the button
Seat 1: 7603e8c ($3.02 in chips)
Seat 2: f3157152 ($5.05 in chips)
Seat 3: efe4b22d ($8.06 in chips)
Seat 4: Hero ($5.22 in chips)
Seat 5: c507e1cb ($6.31 in chips)
Seat 6: 5fa03e5e ($7.11 in chips)
5fa03e5e: posts small blind $0.02
7603e8c: posts big blind $0.05
*** HOLE CARDS ***
Dealt to 7603e8c 
Dealt to f3157152 
Dealt to efe4b22d 
Dealt to Hero [Ts 7h]
Dealt to c507e1cb 
Dealt to 5fa03e5e 
f3157152: folds
efe4b22d: folds
Hero: folds
c507e1cb: raises $0.08 to $0.13
5fa03e5e: folds
7603e8c: folds
Uncalled bet ($0.08) returned to c507e1cb
*** SHOWDOWN ***
c507e1cb collected $0.12 from pot
*** SUMMARY ***
Total pot $0.12 | Rake $0 | Jackpot $0 | Bingo $0 | Fortune $0
Seat 1: 7603e8c (big blind) folded before Flop
Seat 2: f3157152 folded before Flop (didn't bet)
Seat 3: efe4b22d folded before Flop (didn't bet)
Seat 4: Hero folded before Flop (didn't bet)
Seat 5: c507e1cb (button) collected ($0.12)
Seat 6: 5fa03e5e (small blind) folded before Flop


Poker Hand #HD1203203987: Hold'em No Limit  ($0.02/$0.05) - 2023/04/14 21:01:34
Table 'NLHBlue33' 6-max Seat #4 is the button
Seat 1: 7603e8c ($3.28 in chips)
Seat 2: f3157152 ($5.05 in chips)
Seat 3: efe4b22d ($8.06 in chips)
Seat 4: Hero ($5.22 in chips)
Seat 5: c507e1cb ($6.33 in chips)
Seat 6: 5fa03e5e ($6.85 in chips)
c507e1cb: posts small blind $0.02
5fa03e5e: posts big blind $0.05
*** HOLE CARDS ***
Dealt to 7603e8c 
Dealt to f3157152 
Dealt to efe4b22d 
Dealt to Hero [6s 5d]
Dealt to c507e1cb 
Dealt to 5fa03e5e 
7603e8c: raises $0.1 to $0.15
f3157152: folds
efe4b22d: folds
Hero: folds
c507e1cb: folds
5fa03e5e: calls $0.1
*** FLOP *** [5c 8h 3d]
5fa03e5e: checks
7603e8c: bets $0.11
5fa03e5e: raises $0.29 to $0.4
7603e8c: folds
Uncalled bet ($0.29) returned to 5fa03e5e
*** SHOWDOWN ***
5fa03e5e collected $0.52 from pot
*** SUMMARY ***
Total pot $0.54 | Rake $0.02 | Jackpot $0 | Bingo $0 | Fortune $0
Board [5c 8h 3d]
Seat 1: 7603e8c folded on the Flop
Seat 2: f3157152 folded before Flop (didn't bet)
Seat 3: efe4b22d folded before Flop (didn't bet)
Seat 4: Hero (button) folded before Flop (didn't bet)
Seat 5: c507e1cb (small blind) folded before Flop
Seat 6: 5fa03e5e (big blind) won ($0.52)


Poker Hand #HD1203203953: Hold'em No Limit  ($0.02/$0.05) - 2023/04/14 21:01:13
Table 'NLHBlue33' 6-max Seat #3 is the button
Seat 1: 7603e8c ($3.28 in chips)
Seat 2: f3157152 ($5.05 in chips)
Seat 3: efe4b22d ($7.99 in chips)
Seat 4: Hero ($5.24 in chips)
Seat 5: c507e1cb ($6.38 in chips)
Seat 6: 5fa03e5e ($6.85 in chips)
Hero: posts small blind $0.02
c507e1cb: posts big blind $0.05
*** HOLE CARDS ***
Dealt to 7603e8c 
Dealt to f3157152 
Dealt to efe4b22d 
Dealt to Hero [9d 8d]
Dealt to c507e1cb 
Dealt to 5fa03e5e 
5fa03e5e: folds
7603e8c: folds
f3157152: folds
efe4b22d: raises $0.08 to $0.13
Hero: folds
c507e1cb: folds
Uncalled bet ($0.08) returned to efe4b22d
*** SHOWDOWN ***
efe4b22d collected $0.12 from pot
*** SUMMARY ***
Total pot $0.12 | Rake $0 | Jackpot $0 | Bingo $0 | Fortune $0
Seat 1: 7603e8c folded before Flop (didn't bet)
Seat 2: f3157152 folded before Flop (didn't bet)
Seat 3: efe4b22d (button) collected ($0.12)
Seat 4: Hero (small blind) folded before Flop
Seat 5: c507e1cb (big blind) folded before Flop
Seat 6: 5fa03e5e folded before Flop (didn't bet)


Poker Hand #HD1203203934: Hold'em No Limit  ($0.02/$0.05) - 2023/04/14 21:01:00
Table 'NLHBlue33' 6-max Seat #2 is the button
Seat 1: 7603e8c ($3.28 in chips)
Seat 2: f3157152 ($5.05 in chips)
Seat 3: efe4b22d ($8.01 in chips)
Seat 4: Hero ($5.29 in chips)
Seat 5: c507e1cb ($6.38 in chips)
Seat 6: 5fa03e5e ($6.78 in chips)
efe4b22d: posts small blind $0.02
Hero: posts big blind $0.05
*** HOLE CARDS ***
Dealt to 7603e8c 
Dealt to f3157152 
Dealt to efe4b22d 
Dealt to Hero [9c 6h]
Dealt to c507e1cb 
Dealt to 5fa03e5e 
c507e1cb: folds
5fa03e5e: raises $0.1 to $0.15
7603e8c: folds
f3157152: folds
efe4b22d: folds
Hero: folds
Uncalled bet ($0.1) returned to 5fa03e5e
*** SHOWDOWN ***
5fa03e5e collected $0.12 from pot
*** SUMMARY ***
Total pot $0.12 | Rake $0 | Jackpot $0 | Bingo $0 | Fortune $0
Seat 1: 7603e8c folded before Flop (didn't bet)
Seat 2: f3157152 (button) folded before Flop (didn't bet)
Seat 3: efe4b22d (small blind) folded before Flop
Seat 4: Hero (big blind) folded before Flop
Seat 5: c507e1cb folded before Flop (didn't bet)
Seat 6: 5fa03e5e collected ($0.12)


Poker Hand #HD1203203911: Hold'em No Limit  ($0.02/$0.05) - 2023/04/14 21:00:46
Table 'NLHBlue33' 6-max Seat #1 is the button
Seat 1: 7603e8c ($3.28 in chips)
Seat 2: f3157152 ($5 in chips)
Seat 3: efe4b22d ($8.06 in chips)
Seat 4: Hero ($5.29 in chips)
Seat 5: c507e1cb ($6.38 in chips)
Seat 6: 5fa03e5e ($6.78 in chips)
f3157152: posts small blind $0.02
efe4b22d: posts big blind $0.05
*** HOLE CARDS ***
Dealt to 7603e8c 
Dealt to f3157152 
Dealt to efe4b22d 
Dealt to Hero [7s Kh]
Dealt to c507e1cb 
Dealt to 5fa03e5e 
Hero: folds
c507e1cb: folds
5fa03e5e: folds
7603e8c: folds
f3157152: raises $0.1 to $0.15
efe4b22d: folds
Uncalled bet ($0.1) returned to f3157152
*** SHOWDOWN ***
f3157152 collected $0.1 from pot
*** SUMMARY ***
Total pot $0.1 | Rake $0 | Jackpot $0 | Bingo $0 | Fortune $0
Seat 1: 7603e8c (button) folded before Flop (didn't bet)
Seat 2: f3157152 (small blind) collected ($0.1)
Seat 3: efe4b22d (big blind) folded before Flop
Seat 4: Hero folded before Flop (didn't bet)
Seat 5: c507e1cb folded before Flop (didn't bet)
Seat 6: 5fa03e5e folded before Flop (didn't bet)


Poker Hand #HD1203203874: Hold'em No Limit  ($0.02/$0.05) - 2023/04/14 21:00:27
Table 'NLHBlue33' 6-max Seat #6 is the button
Seat 1: 7603e8c ($3.12 in chips)
Seat 2: f3157152 ($5 in chips)
Seat 3: efe4b22d ($8.06 in chips)
Seat 4: Hero ($5.41 in chips)
Seat 5: c507e1cb ($6.38 in chips)
Seat 6: 5fa03e5e ($6.78 in chips)
7603e8c: posts small blind $0.02
f3157152: posts big blind $0.05
*** HOLE CARDS ***
Dealt to 7603e8c 
Dealt to f3157152 
Dealt to efe4b22d 
Dealt to Hero [Qd Jc]
Dealt to c507e1cb 
Dealt to 5fa03e5e 
efe4b22d: folds
Hero: raises $0.07 to $0.12
c507e1cb: folds
5fa03e5e: folds
7603e8c: raises $0.29 to $0.41
f3157152: folds
Hero: folds
Uncalled bet ($0.29) returned to 7603e8c
*** SHOWDOWN ***
7603e8c collected $0.28 from pot
*** SUMMARY ***
Total pot $0.29 | Rake $0.01 | Jackpot $0 | Bingo $0 | Fortune $0
Seat 1: 7603e8c (small blind) collected ($0.28)
Seat 2: f3157152 (big blind) folded before Flop
Seat 3: efe4b22d folded before Flop (didn't bet)
Seat 4: Hero folded before Flop
Seat 5: c507e1cb folded before Flop (didn't bet)
Seat 6: 5fa03e5e (button) folded before Flop (didn't bet)


Poker Hand #HD1203203833: Hold'em No Limit  ($0.02/$0.05) - 2023/04/14 21:00:05
Table 'NLHBlue33' 6-max Seat #5 is the button
Seat 1: 7603e8c ($2.98 in chips)
Seat 2: f3157152 ($5 in chips)
Seat 3: efe4b22d ($8.19 in chips)
Seat 4: Hero ($5.41 in chips)
Seat 5: c507e1cb ($6.38 in chips)
Seat 6: 5fa03e5e ($6.8 in chips)
5fa03e5e: posts small blind $0.02
7603e8c: posts big blind $0.05
*** HOLE CARDS ***
Dealt to 7603e8c 
Dealt to f3157152 
Dealt to efe4b22d 
Dealt to Hero [4h Kc]
Dealt to c507e1cb 
Dealt to 5fa03e5e 
f3157152: folds
efe4b22d: raises $0.08 to $0.13
Hero: folds
c507e1cb: folds
5fa03e5e: folds
7603e8c: raises $0.28 to $0.41
efe4b22d: folds
Uncalled bet ($0.28) returned to 7603e8c
*** SHOWDOWN ***
7603e8c collected $0.27 from pot
*** SUMMARY ***
Total pot $0.28 | Rake $0.01 | Jackpot $0 | Bingo $0 | Fortune $0
Seat 1: 7603e8c (big blind) collected ($0.27)
Seat 2: f3157152 folded before Flop (didn't bet)
Seat 3: efe4b22d folded before Flop
Seat 4: Hero folded before Flop (didn't bet)
Seat 5: c507e1cb (button) folded before Flop (didn't bet)
Seat 6: 5fa03e5e (small blind) folded before Flop


Poker Hand #HD1203203818: Hold'em No Limit  ($0.02/$0.05) - 2023/04/14 20:59:51
Table 'NLHBlue33' 6-max Seat #4 is the button
Seat 1: 7603e8c ($2.98 in chips)
Seat 2: f3157152 ($5 in chips)
Seat 3: efe4b22d ($8.19 in chips)
Seat 4: Hero ($5.34 in chips)
Seat 5: c507e1cb ($6.4 in chips)
Seat 6: 5fa03e5e ($6.85 in chips)
c507e1cb: posts small blind $0.02
5fa03e5e: posts big blind $0.05
*** HOLE CARDS ***
Dealt to 7603e8c 
Dealt to f3157152 
Dealt to efe4b22d 
Dealt to Hero [Kc 7c]
Dealt to c507e1cb 
Dealt to 5fa03e5e 
7603e8c: folds
f3157152: folds
efe4b22d: folds
Hero: raises $0.07 to $0.12
c507e1cb: folds
5fa03e5e: folds
Uncalled bet ($0.07) returned to Hero
*** SHOWDOWN ***
Hero collected $0.12 from pot
*** SUMMARY ***
Total pot $0.12 | Rake $0 | Jackpot $0 | Bingo $0 | Fortune $0
Seat 1: 7603e8c folded before Flop (didn't bet)
Seat 2: f3157152 folded before Flop (didn't bet)
Seat 3: efe4b22d folded before Flop (didn't bet)
Seat 4: Hero (button) collected ($0.12)
Seat 5: c507e1cb (small blind) folded before Flop
Seat 6: 5fa03e5e (big blind) folded before Flop


Poker Hand #HD1203203766: Hold'em No Limit  ($0.02/$0.05) - 2023/04/14 20:59:21
Table 'NLHBlue33' 6-max Seat #3 is the button
Seat 1: 7603e8c ($2.98 in chips)
Seat 2: f3157152 ($5 in chips)
Seat 3: efe4b22d ($8.19 in chips)
Seat 4: Hero ($5.36 in chips)
Seat 5: c507e1cb ($6.24 in chips)
Seat 6: 5fa03e5e ($6.85 in chips)
Hero: posts small blind $0.02
c507e1cb: posts big blind $0.05
*** HOLE CARDS ***
Dealt to 7603e8c 
Dealt to f3157152 
Dealt to efe4b22d 
Dealt to Hero [Kh 4c]
Dealt to c507e1cb 
Dealt to 5fa03e5e 
5fa03e5e: folds
7603e8c: folds
f3157152: raises $0.1 to $0.15
efe4b22d: folds
Hero: folds
c507e1cb: calls $0.1
*** FLOP *** [6h 3h Jd]
c507e1cb: checks
f3157152: checks
*** TURN *** [6h 3h Jd] [3c]
c507e1cb: bets $0.24
f3157152: folds
Uncalled bet ($0.24) returned to c507e1cb
*** SHOWDOWN ***
c507e1cb collected $0.31 from pot
*** SUMMARY ***
Total pot $0.32 | Rake $0.01 | Jackpot $0 | Bingo $0 | Fortune $0
Board [6h 3h Jd 3c]
Seat 1: 7603e8c folded before Flop (didn't bet)
Seat 2: f3157152 folded on the Turn
Seat 3: efe4b22d (button) folded before Flop (didn't bet)
Seat 4: Hero (small blind) folded before Flop
Seat 5: c507e1cb (big blind) won ($0.31)
Seat 6: 5fa03e5e folded before Flop (didn't bet)


Poker Hand #HD1203203731: Hold'em No Limit  ($0.02/$0.05) - 2023/04/14 20:58:52
Table 'NLHBlue33' 6-max Seat #2 is the button
Seat 1: 7603e8c ($2.98 in chips)
Seat 2: f3157152 ($5 in chips)
Seat 3: efe4b22d ($8 in chips)
Seat 4: Hero ($5.41 in chips)
Seat 5: c507e1cb ($6.24 in chips)
Seat 6: 5fa03e5e ($6.85 in chips)
efe4b22d: posts small blind $0.02
Hero: posts big blind $0.05
*** HOLE CARDS ***
Dealt to 7603e8c 
Dealt to f3157152 
Dealt to efe4b22d 
Dealt to Hero [3c 7h]
Dealt to c507e1cb 
Dealt to 5fa03e5e 
c507e1cb: folds
5fa03e5e: folds
7603e8c: folds
f3157152: raises $0.1 to $0.15
efe4b22d: raises $0.35 to $0.5
Hero: folds
f3157152: folds
Uncalled bet ($0.35) returned to efe4b22d
*** SHOWDOWN ***
efe4b22d collected $0.34 from pot
*** SUMMARY ***
Total pot $0.35 | Rake $0.01 | Jackpot $0 | Bingo $0 | Fortune $0
Seat 1: 7603e8c folded before Flop (didn't bet)
Seat 2: f3157152 (button) folded before Flop
Seat 3: efe4b22d (small blind) collected ($0.34)
Seat 4: Hero (big blind) folded before Flop
Seat 5: c507e1cb folded before Flop (didn't bet)
Seat 6: 5fa03e5e folded before Flop (didn't bet)


Poker Hand #HD1203203702: Hold'em No Limit  ($0.02/$0.05) - 2023/04/14 20:58:40
Table 'NLHBlue33' 6-max Seat #1 is the button
Seat 1: 7603e8c ($2.91 in chips)
Seat 2: f3157152 ($5 in chips)
Seat 3: efe4b22d ($8.05 in chips)
Seat 4: Hero ($5.41 in chips)
Seat 5: c507e1cb ($6.24 in chips)
Seat 6: 5fa03e5e ($6.85 in chips)
f3157152: posts small blind $0.02
efe4b22d: posts big blind $0.05
*** HOLE CARDS ***
Dealt to 7603e8c 
Dealt to f3157152 
Dealt to efe4b22d 
Dealt to Hero [Jd 5s]
Dealt to c507e1cb 
Dealt to 5fa03e5e 
Hero: folds
c507e1cb: folds
5fa03e5e: folds
7603e8c: raises $0.1 to $0.15
f3157152: folds
efe4b22d: folds
Uncalled bet ($0.1) returned to 7603e8c
*** SHOWDOWN ***
7603e8c collected $0.12 from pot
*** SUMMARY ***
Total pot $0.12 | Rake $0 | Jackpot $0 | Bingo $0 | Fortune $0
Seat 1: 7603e8c (button) collected ($0.12)
Seat 2: f3157152 (small blind) folded before Flop
Seat 3: efe4b22d (big blind) folded before Flop
Seat 4: Hero folded before Flop (didn't bet)
Seat 5: c507e1cb folded before Flop (didn't bet)
Seat 6: 5fa03e5e folded before Flop (didn't bet)


Poker Hand #HD1203203685: Hold'em No Limit  ($0.02/$0.05) - 2023/04/14 20:58:29
Table 'NLHBlue33' 6-max Seat #6 is the button
Seat 1: 7603e8c ($2.93 in chips)
Seat 2: f3157152 ($5 in chips)
Seat 3: efe4b22d ($7.98 in chips)
Seat 4: Hero ($5.41 in chips)
Seat 5: c507e1cb ($6.24 in chips)
Seat 6: 5fa03e5e ($6.85 in chips)
7603e8c: posts small blind $0.02
f3157152: posts big blind $0.05
*** HOLE CARDS ***
Dealt to 7603e8c 
Dealt to f3157152 
Dealt to efe4b22d 
Dealt to Hero [Tc 4d]
Dealt to c507e1cb 
Dealt to 5fa03e5e 
efe4b22d: raises $0.08 to $0.13
Hero: folds
c507e1cb: folds
5fa03e5e: folds
7603e8c: folds
f3157152: folds
Uncalled bet ($0.08) returned to efe4b22d
*** SHOWDOWN ***
efe4b22d collected $0.12 from pot
*** SUMMARY ***
Total pot $0.12 | Rake $0 | Jackpot $0 | Bingo $0 | Fortune $0
Seat 1: 7603e8c (small blind) folded before Flop
Seat 2: f3157152 (big blind) folded before Flop
Seat 3: efe4b22d collected ($0.12)
Seat 4: Hero folded before Flop (didn't bet)
Seat 5: c507e1cb folded before Flop (didn't bet)
Seat 6: 5fa03e5e (button) folded before Flop (didn't bet)


Poker Hand #HD1203203619: Hold'em No Limit  ($0.02/$0.05) - 2023/04/14 20:57:50
Table 'NLHBlue33' 6-max Seat #5 is the button
Seat 1: 7603e8c ($3.36 in chips)
Seat 2: f3157152 ($5 in chips)
Seat 3: efe4b22d ($7.98 in chips)
Seat 4: Hero ($5 in chips)
Seat 5: c507e1cb ($6.24 in chips)
Seat 6: 5fa03e5e ($6.87 in chips)
5fa03e5e: posts small blind $0.02
7603e8c: posts big blind $0.05
*** HOLE CARDS ***
Dealt to 7603e8c 
Dealt to f3157152 
Dealt to efe4b22d 
Dealt to Hero [Ah Qh]
Dealt to c507e1cb 
Dealt to 5fa03e5e 
f3157152: folds
efe4b22d: folds
Hero: raises $0.07 to $0.12
c507e1cb: folds
5fa03e5e: folds
7603e8c: calls $0.07
*** FLOP *** [4h Ks 5s]
7603e8c: checks
Hero: bets $0.13
7603e8c: calls $0.13
*** TURN *** [4h Ks 5s] [Qs]
7603e8c: checks
Hero: checks
*** RIVER *** [4h Ks 5s Qs] [5c]
7603e8c: bets $0.18
Hero: calls $0.18
7603e8c: shows [9s Qd] (Pair of Queens and Pair of Fives)
Hero: shows [Ah Qh] (Pair of Queens and Pair of Fives)
*** SHOWDOWN ***
Hero collected $0.84 from pot
*** SUMMARY ***
Total pot $0.88 | Rake $0.04 | Jackpot $0 | Bingo $0 | Fortune $0
Board [4h Ks 5s Qs 5c]
Seat 1: 7603e8c (big blind) showed [9s Qd] and lost with Pair of Queens and Pair of Fives
Seat 2: f3157152 folded before Flop (didn't bet)
Seat 3: efe4b22d folded before Flop (didn't bet)
Seat 4: Hero showed [Ah Qh] and won ($0.84) with Pair of Queens and Pair of Fives
Seat 5: c507e1cb (button) folded before Flop (didn't bet)
Seat 6: 5fa03e5e (small blind) folded before Flop


Poker Hand #HD1203203563: Hold'em No Limit  ($0.02/$0.05) - 2023/04/14 20:57:14
Table 'NLHBlue33' 6-max Seat #4 is the button
Seat 1: 7603e8c ($3.96 in chips)
Seat 2: f3157152 ($5 in chips)
Seat 3: efe4b22d ($7.98 in chips)
Seat 4: Hero ($5 in chips)
Seat 5: c507e1cb ($5.65 in chips)
Seat 6: 5fa03e5e ($6.92 in chips)
c507e1cb: posts small blind $0.02
5fa03e5e: posts big blind $0.05
*** HOLE CARDS ***
Dealt to 7603e8c 
Dealt to f3157152 
Dealt to efe4b22d 
Dealt to Hero [Kc 8d]
Dealt to c507e1cb 
Dealt to 5fa03e5e 
7603e8c: raises $0.1 to $0.15
f3157152: folds
efe4b22d: folds
Hero: folds
c507e1cb: raises $0.45 to $0.6
5fa03e5e: folds
7603e8c: calls $0.45
*** FLOP *** [8c 5s 9s]
c507e1cb: bets $0.63
7603e8c: folds
Uncalled bet ($0.63) returned to c507e1cb
*** SHOWDOWN ***
c507e1cb collected $1.19 from pot
*** SUMMARY ***
Total pot $1.25 | Rake $0.06 | Jackpot $0 | Bingo $0 | Fortune $0
Board [8c 5s 9s]
Seat 1: 7603e8c folded on the Flop
Seat 2: f3157152 folded before Flop (didn't bet)
Seat 3: efe4b22d folded before Flop (didn't bet)
Seat 4: Hero (button) folded before Flop (didn't bet)
Seat 5: c507e1cb (small blind) won ($1.19)
Seat 6: 5fa03e5e (big blind) folded before Flop


Poker Hand #HD1203203463: Hold'em No Limit  ($0.02/$0.05) - 2023/04/14 20:56:14
Table 'NLHBlue33' 6-max Seat #3 is the button
Seat 1: 7603e8c ($3.96 in chips)
Seat 2: f3157152 ($5 in chips)
Seat 3: efe4b22d ($7.08 in chips)
Seat 4: Hero ($5.4 in chips)
Seat 5: c507e1cb ($5.7 in chips)
Seat 6: 5fa03e5e ($6.92 in chips)
Hero: posts small blind $0.02
c507e1cb: posts big blind $0.05
*** HOLE CARDS ***
Dealt to 7603e8c 
Dealt to f3157152 
Dealt to efe4b22d 
Dealt to Hero [7s 7h]
Dealt to c507e1cb 
Dealt to 5fa03e5e 
5fa03e5e: folds
7603e8c: folds
f3157152: folds
efe4b22d: raises $0.08 to $0.13
Hero: raises $0.47 to $0.6
c507e1cb: folds
efe4b22d: calls $0.47
*** FLOP *** [3h 8d 8c]
Hero: bets $0.4
efe4b22d: calls $0.4
*** TURN *** [3h 8d 8c] [Qh]
Hero: checks
efe4b22d: checks
*** RIVER *** [3h 8d 8c Qh] [6d]
Hero: checks
efe4b22d: checks
Hero: shows [7s 7h] (Pair of Eights and Pair of Sevens)
efe4b22d: shows [Ts Th] (Pair of Tens and Pair of Eights)
*** SHOWDOWN ***
efe4b22d collected $1.9 from pot
*** SUMMARY ***
Total pot $2.05 | Rake $0.1 | Jackpot $0.05 | Bingo $0 | Fortune $0
Board [3h 8d 8c Qh 6d]
Seat 1: 7603e8c folded before Flop (didn't bet)
Seat 2: f3157152 folded before Flop (didn't bet)
Seat 3: efe4b22d (button) showed [Ts Th] and won ($1.9) with Pair of Tens and Pair of Eights
Seat 4: Hero (small blind) showed [7s 7h] and lost with Pair of Eights and Pair of Sevens
Seat 5: c507e1cb (big blind) folded before Flop
Seat 6: 5fa03e5e folded before Flop (didn't bet)


Poker Hand #HD1203203445: Hold'em No Limit  ($0.02/$0.05) - 2023/04/14 20:56:03
Table 'NLHBlue33' 6-max Seat #2 is the button
Seat 1: 7603e8c ($3.89 in chips)
Seat 2: f3157152 ($5 in chips)
Seat 3: efe4b22d ($7.1 in chips)
Seat 4: Hero ($5.45 in chips)
Seat 5: c507e1cb ($5.7 in chips)
Seat 6: 5fa03e5e ($6.92 in chips)
efe4b22d: posts small blind $0.02
Hero: posts big blind $0.05
*** HOLE CARDS ***
Dealt to 7603e8c 
Dealt to f3157152 
Dealt to efe4b22d 
Dealt to Hero [7d 8c]
Dealt to c507e1cb 
Dealt to 5fa03e5e 
c507e1cb: folds
5fa03e5e: folds
7603e8c: raises $0.1 to $0.15
f3157152: folds
efe4b22d: folds
Hero: folds
Uncalled bet ($0.1) returned to 7603e8c
*** SHOWDOWN ***
7603e8c collected $0.12 from pot
*** SUMMARY ***
Total pot $0.12 | Rake $0 | Jackpot $0 | Bingo $0 | Fortune $0
Seat 1: 7603e8c collected ($0.12)
Seat 2: f3157152 (button) folded before Flop (didn't bet)
Seat 3: efe4b22d (small blind) folded before Flop
Seat 4: Hero (big blind) folded before Flop
Seat 5: c507e1cb folded before Flop (didn't bet)
Seat 6: 5fa03e5e folded before Flop (didn't bet)


Poker Hand #HD1203203415: Hold'em No Limit  ($0.02/$0.05) - 2023/04/14 20:55:47
Table 'NLHBlue33' 6-max Seat #1 is the button
Seat 1: 7603e8c ($3.82 in chips)
Seat 2: f3157152 ($5.02 in chips)
Seat 3: efe4b22d ($7.15 in chips)
Seat 4: Hero ($5.45 in chips)
Seat 5: c507e1cb ($5.7 in chips)
Seat 6: 5fa03e5e ($6.92 in chips)
f3157152: posts small blind $0.02
efe4b22d: posts big blind $0.05
*** HOLE CARDS ***
Dealt to 7603e8c 
Dealt to f3157152 
Dealt to efe4b22d 
Dealt to Hero [3c Qh]
Dealt to c507e1cb 
Dealt to 5fa03e5e 
Hero: folds
c507e1cb: folds
5fa03e5e: folds
7603e8c: raises $0.1 to $0.15
f3157152: folds
efe4b22d: folds
Uncalled bet ($0.1) returned to 7603e8c
*** SHOWDOWN ***
7603e8c collected $0.12 from pot
*** SUMMARY ***
Total pot $0.12 | Rake $0 | Jackpot $0 | Bingo $0 | Fortune $0
Seat 1: 7603e8c (button) collected ($0.12)
Seat 2: f3157152 (small blind) folded before Flop
Seat 3: efe4b22d (big blind) folded before Flop
Seat 4: Hero folded before Flop (didn't bet)
Seat 5: c507e1cb folded before Flop (didn't bet)
Seat 6: 5fa03e5e folded before Flop (didn't bet)


Poker Hand #HD1203203399: Hold'em No Limit  ($0.02/$0.05) - 2023/04/14 20:55:39
Table 'NLHBlue33' 6-max Seat #6 is the button
Seat 1: 7603e8c ($3.84 in chips)
Seat 2: f3157152 ($5 in chips)
Seat 3: efe4b22d ($7.15 in chips)
Seat 4: Hero ($5.45 in chips)
Seat 5: c507e1cb ($5.7 in chips)
Seat 6: 5fa03e5e ($6.92 in chips)
7603e8c: posts small blind $0.02
f3157152: posts big blind $0.05
*** HOLE CARDS ***
Dealt to 7603e8c 
Dealt to f3157152 
Dealt to efe4b22d 
Dealt to Hero [7c 4d]
Dealt to c507e1cb 
Dealt to 5fa03e5e 
efe4b22d: folds
Hero: folds
c507e1cb: folds
5fa03e5e: folds
7603e8c: folds
Uncalled bet ($0.03) returned to f3157152
*** SHOWDOWN ***
f3157152 collected $0.04 from pot
*** SUMMARY ***
Total pot $0.04 | Rake $0 | Jackpot $0 | Bingo $0 | Fortune $0
Seat 1: 7603e8c (small blind) folded before Flop
Seat 2: f3157152 (big blind) collected ($0.04)
Seat 3: efe4b22d folded before Flop (didn't bet)
Seat 4: Hero folded before Flop (didn't bet)
Seat 5: c507e1cb folded before Flop (didn't bet)
Seat 6: 5fa03e5e (button) folded before Flop (didn't bet)


Poker Hand #HD1203203346: Hold'em No Limit  ($0.02/$0.05) - 2023/04/14 20:55:05
Table 'NLHBlue33' 6-max Seat #5 is the button
Seat 1: 7603e8c ($4.4 in chips)
Seat 2: f3157152 ($5 in chips)
Seat 3: efe4b22d ($6.16 in chips)
Seat 4: Hero ($5.45 in chips)
Seat 5: c507e1cb ($5.7 in chips)
Seat 6: 5fa03e5e ($7.48 in chips)
5fa03e5e: posts small blind $0.02
7603e8c: posts big blind $0.05
*** HOLE CARDS ***
Dealt to 7603e8c 
Dealt to f3157152 
Dealt to efe4b22d 
Dealt to Hero [2s 3c]
Dealt to c507e1cb 
Dealt to 5fa03e5e 
f3157152: folds
efe4b22d: raises $0.08 to $0.13
Hero: folds
c507e1cb: folds
5fa03e5e: raises $0.43 to $0.56
7603e8c: calls $0.51
efe4b22d: raises $5.6 to $6.16 and is all-in
5fa03e5e: folds
7603e8c: folds
Uncalled bet ($5.6) returned to efe4b22d
*** SHOWDOWN ***
efe4b22d collected $1.55 from pot
*** SUMMARY ***
Total pot $1.68 | Rake $0.08 | Jackpot $0.05 | Bingo $0 | Fortune $0
Seat 1: 7603e8c (big blind) folded before Flop
Seat 2: f3157152 folded before Flop (didn't bet)
Seat 3: efe4b22d collected ($1.55)
Seat 4: Hero folded before Flop (didn't bet)
Seat 5: c507e1cb (button) folded before Flop (didn't bet)
Seat 6: 5fa03e5e (small blind) folded before Flop


Poker Hand #HD1203203278: Hold'em No Limit  ($0.02/$0.05) - 2023/04/14 20:54:33
Table 'NLHBlue33' 6-max Seat #4 is the button
Seat 1: 7603e8c ($5 in chips)
Seat 2: f3157152 ($5 in chips)
Seat 3: efe4b22d ($6.16 in chips)
Seat 4: Hero ($5.45 in chips)
Seat 5: c507e1cb ($5.11 in chips)
Seat 6: 5fa03e5e ($7.53 in chips)
c507e1cb: posts small blind $0.02
5fa03e5e: posts big blind $0.05
*** HOLE CARDS ***
Dealt to 7603e8c 
Dealt to f3157152 
Dealt to efe4b22d 
Dealt to Hero [7s Qc]
Dealt to c507e1cb 
Dealt to 5fa03e5e 
7603e8c: raises $0.1 to $0.15
f3157152: folds
efe4b22d: folds
Hero: folds
c507e1cb: raises $0.45 to $0.6
5fa03e5e: folds
7603e8c: calls $0.45
*** FLOP *** [9s 9c 4h]
c507e1cb: bets $0.63
7603e8c: folds
Uncalled bet ($0.63) returned to c507e1cb
*** SHOWDOWN ***
c507e1cb collected $1.19 from pot
*** SUMMARY ***
Total pot $1.25 | Rake $0.06 | Jackpot $0 | Bingo $0 | Fortune $0
Board [9s 9c 4h]
Seat 1: 7603e8c folded on the Flop
Seat 2: f3157152 folded before Flop (didn't bet)
Seat 3: efe4b22d folded before Flop (didn't bet)
Seat 4: Hero (button) folded before Flop (didn't bet)
Seat 5: c507e1cb (small blind) won ($1.19)
Seat 6: 5fa03e5e (big blind) folded before Flop


Poker Hand #HD1203203252: Hold'em No Limit  ($0.02/$0.05) - 2023/04/14 20:54:18
Table 'NLHBlue33' 6-max Seat #3 is the button
Seat 2: f3157152 ($5 in chips)
Seat 3: efe4b22d ($6.16 in chips)
Seat 4: Hero ($5.4 in chips)
Seat 5: c507e1cb ($5.16 in chips)
Seat 6: 5fa03e5e ($7.53 in chips)
Hero: posts small blind $0.02
c507e1cb: posts big blind $0.05
*** HOLE CARDS ***
Dealt to f3157152 
Dealt to efe4b22d 
Dealt to Hero [Kc Ks]
Dealt to c507e1cb 
Dealt to 5fa03e5e 
5fa03e5e: folds
f3157152: folds
efe4b22d: folds
Hero: raises $0.09 to $0.14
c507e1cb: folds
Uncalled bet ($0.09) returned to Hero
*** SHOWDOWN ***
Hero collected $0.1 from pot
*** SUMMARY ***
Total pot $0.1 | Rake $0 | Jackpot $0 | Bingo $0 | Fortune $0
Seat 2: f3157152 folded before Flop (didn't bet)
Seat 3: efe4b22d (button) folded before Flop (didn't bet)
Seat 4: Hero (small blind) collected ($0.1)
Seat 5: c507e1cb (big blind) folded before Flop
Seat 6: 5fa03e5e folded before Flop (didn't bet)


Poker Hand #HD1203203152: Hold'em No Limit  ($0.02/$0.05) - 2023/04/14 20:53:25
Table 'NLHBlue33' 6-max Seat #2 is the button
Seat 1: 7603e8c ($2.35 in chips)
Seat 2: f3157152 ($5 in chips)
Seat 3: efe4b22d ($6.31 in chips)
Seat 4: Hero ($5.45 in chips)
Seat 5: c507e1cb ($5.16 in chips)
Seat 6: 5fa03e5e ($5.27 in chips)
efe4b22d: posts small blind $0.02
Hero: posts big blind $0.05
*** HOLE CARDS ***
Dealt to 7603e8c 
Dealt to f3157152 
Dealt to efe4b22d 
Dealt to Hero [9h Qc]
Dealt to c507e1cb 
Dealt to 5fa03e5e 
c507e1cb: folds
5fa03e5e: raises $0.1 to $0.15
7603e8c: calls $0.15
f3157152: folds
efe4b22d: calls $0.13
Hero: folds
*** FLOP *** [Qh Qd 9s]
efe4b22d: checks
5fa03e5e: checks
7603e8c: checks
*** TURN *** [Qh Qd 9s] [7s]
efe4b22d: checks
5fa03e5e: checks
7603e8c: bets $0.17
efe4b22d: folds
5fa03e5e: calls $0.17
*** RIVER *** [Qh Qd 9s 7s] [Ts]
5fa03e5e: checks
7603e8c: bets $0.42
5fa03e5e: raises $2.28 to $2.7
7603e8c: calls $1.61 and is all-in
Uncalled bet ($0.67) returned to 5fa03e5e
5fa03e5e: shows [As 8s] (Ace High Flush)
7603e8c: shows [3s Ks] (King High Flush)
*** SHOWDOWN ***
5fa03e5e collected $4.61 from pot
*** SUMMARY ***
Total pot $4.9 | Rake $0.24 | Jackpot $0.05 | Bingo $0 | Fortune $0
Board [Qh Qd 9s 7s Ts]
Seat 1: 7603e8c showed [3s Ks] and lost with King High Flush
Seat 2: f3157152 (button) folded before Flop (didn't bet)
Seat 3: efe4b22d (small blind) folded on the Turn
Seat 4: Hero (big blind) folded before Flop
Seat 5: c507e1cb folded before Flop (didn't bet)
Seat 6: 5fa03e5e showed [As 8s] and won ($4.61) with Ace High Flush


Poker Hand #HD1203203133: Hold'em No Limit  ($0.02/$0.05) - 2023/04/14 20:53:12
Table 'NLHBlue33' 6-max Seat #1 is the button
Seat 1: 7603e8c ($2.28 in chips)
Seat 2: f3157152 ($5 in chips)
Seat 3: efe4b22d ($6.36 in chips)
Seat 4: Hero ($5.45 in chips)
Seat 5: c507e1cb ($5.16 in chips)
Seat 6: 5fa03e5e ($5.27 in chips)
f3157152: posts small blind $0.02
efe4b22d: posts big blind $0.05
*** HOLE CARDS ***
Dealt to 7603e8c 
Dealt to f3157152 
Dealt to efe4b22d 
Dealt to Hero [Kc 4d]
Dealt to c507e1cb 
Dealt to 5fa03e5e 
Hero: folds
c507e1cb: folds
5fa03e5e: folds
7603e8c: raises $0.1 to $0.15
f3157152: folds
efe4b22d: folds
Uncalled bet ($0.1) returned to 7603e8c
*** SHOWDOWN ***
7603e8c collected $0.12 from pot
*** SUMMARY ***
Total pot $0.12 | Rake $0 | Jackpot $0 | Bingo $0 | Fortune $0
Seat 1: 7603e8c (button) collected ($0.12)
Seat 2: f3157152 (small blind) folded before Flop
Seat 3: efe4b22d (big blind) folded before Flop
Seat 4: Hero folded before Flop (didn't bet)
Seat 5: c507e1cb folded before Flop (didn't bet)
Seat 6: 5fa03e5e folded before Flop (didn't bet)


Poker Hand #HD1203203074: Hold'em No Limit  ($0.02/$0.05) - 2023/04/14 20:52:39
Table 'NLHBlue33' 6-max Seat #6 is the button
Seat 1: 7603e8c ($2.52 in chips)
Seat 2: f3157152 ($5 in chips)
Seat 3: efe4b22d ($6.36 in chips)
Seat 4: Hero ($5.45 in chips)
Seat 5: c507e1cb ($5.16 in chips)
Seat 6: 5fa03e5e ($5 in chips)
7603e8c: posts small blind $0.02
f3157152: posts big blind $0.05
*** HOLE CARDS ***
Dealt to 7603e8c 
Dealt to f3157152 
Dealt to efe4b22d 
Dealt to Hero [8h Qd]
Dealt to c507e1cb 
Dealt to 5fa03e5e 
efe4b22d: folds
Hero: folds
c507e1cb: folds
5fa03e5e: raises $0.08 to $0.13
7603e8c: calls $0.11
f3157152: folds
*** FLOP *** [2h 9c Ac]
7603e8c: checks
5fa03e5e: checks
*** TURN *** [2h 9c Ac] [7d]
7603e8c: bets $0.11
5fa03e5e: calls $0.11
*** RIVER *** [2h 9c Ac 7d] [6c]
7603e8c: checks
5fa03e5e: checks
7603e8c: shows [3c 7s] (Pair of Sevens)
5fa03e5e: shows [Ad 4h] (Pair of Aces)
*** SHOWDOWN ***
5fa03e5e collected $0.51 from pot
*** SUMMARY ***
Total pot $0.53 | Rake $0.02 | Jackpot $0 | Bingo $0 | Fortune $0
Board [2h 9c Ac 7d 6c]
Seat 1: 7603e8c (small blind) showed [3c 7s] and lost with Pair of Sevens
Seat 2: f3157152 (big blind) folded before Flop
Seat 3: efe4b22d folded before Flop (didn't bet)
Seat 4: Hero folded before Flop (didn't bet)
Seat 5: c507e1cb folded before Flop (didn't bet)
Seat 6: 5fa03e5e (button) showed [Ad 4h] and won ($0.51) with Pair of Aces


Poker Hand #HD1203203005: Hold'em No Limit  ($0.02/$0.05) - 2023/04/14 20:52:03
Table 'NLHBlue33' 6-max Seat #5 is the button
Seat 1: 7603e8c ($2.38 in chips)
Seat 2: f3157152 ($5 in chips)
Seat 3: efe4b22d ($6.36 in chips)
Seat 4: Hero ($5.45 in chips)
Seat 5: c507e1cb ($5.16 in chips)
Seat 6: 5fa03e5e ($5 in chips)
5fa03e5e: posts small blind $0.02
7603e8c: posts big blind $0.05
*** HOLE CARDS ***
Dealt to 7603e8c 
Dealt to f3157152 
Dealt to efe4b22d 
Dealt to Hero [4h 2d]
Dealt to c507e1cb 
Dealt to 5fa03e5e 
f3157152: folds
efe4b22d: folds
Hero: folds
c507e1cb: folds
5fa03e5e: raises $0.1 to $0.15
7603e8c: calls $0.1
*** FLOP *** [Qc 3s Tc]
5fa03e5e: checks
7603e8c: checks
*** TURN *** [Qc 3s Tc] [7s]
5fa03e5e: checks
7603e8c: bets $0.1
5fa03e5e: folds
Uncalled bet ($0.1) returned to 7603e8c
*** SHOWDOWN ***
7603e8c collected $0.29 from pot
*** SUMMARY ***
Total pot $0.3 | Rake $0.01 | Jackpot $0 | Bingo $0 | Fortune $0
Board [Qc 3s Tc 7s]
Seat 1: 7603e8c (big blind) won ($0.29)
Seat 2: f3157152 folded before Flop (didn't bet)
Seat 3: efe4b22d folded before Flop (didn't bet)
Seat 4: Hero folded before Flop (didn't bet)
Seat 5: c507e1cb (button) folded before Flop (didn't bet)
Seat 6: 5fa03e5e (small blind) folded on the Turn


Poker Hand #HD1203202978: Hold'em No Limit  ($0.02/$0.05) - 2023/04/14 20:51:49
Table 'NLHBlue33' 6-max Seat #4 is the button
Seat 1: 7603e8c ($2.38 in chips)
Seat 2: f3157152 ($5 in chips)
Seat 3: efe4b22d ($6.36 in chips)
Seat 4: Hero ($5.38 in chips)
Seat 5: c507e1cb ($5.18 in chips)
Seat 6: 5fa03e5e ($5 in chips)
c507e1cb: posts small blind $0.02
5fa03e5e: posts big blind $0.05
*** HOLE CARDS ***
Dealt to 7603e8c 
Dealt to f3157152 
Dealt to efe4b22d 
Dealt to Hero [Kd Jc]
Dealt to c507e1cb 
Dealt to 5fa03e5e 
7603e8c: folds
f3157152: folds
efe4b22d: folds
Hero: raises $0.07 to $0.12
c507e1cb: folds
5fa03e5e: folds
Uncalled bet ($0.07) returned to Hero
*** SHOWDOWN ***
Hero collected $0.12 from pot
*** SUMMARY ***
Total pot $0.12 | Rake $0 | Jackpot $0 | Bingo $0 | Fortune $0
Seat 1: 7603e8c folded before Flop (didn't bet)
Seat 2: f3157152 folded before Flop (didn't bet)
Seat 3: efe4b22d folded before Flop (didn't bet)
Seat 4: Hero (button) collected ($0.12)
Seat 5: c507e1cb (small blind) folded before Flop
Seat 6: 5fa03e5e (big blind) folded before Flop


Poker Hand #HD1203202882: Hold'em No Limit  ($0.02/$0.05) - 2023/04/14 20:50:54
Table 'NLHBlue33' 6-max Seat #3 is the button
Seat 1: 7603e8c ($2.64 in chips)
Seat 2: f3157152 ($5 in chips)
Seat 3: efe4b22d ($6.36 in chips)
Seat 4: Hero ($5.4 in chips)
Seat 5: c507e1cb ($4.92 in chips)
Seat 6: 5fa03e5e ($5 in chips)
Hero: posts small blind $0.02
c507e1cb: posts big blind $0.05
*** HOLE CARDS ***
Dealt to 7603e8c 
Dealt to f3157152 
Dealt to efe4b22d 
Dealt to Hero [2d Js]
Dealt to c507e1cb 
Dealt to 5fa03e5e 
5fa03e5e: folds
7603e8c: raises $0.1 to $0.15
f3157152: folds
efe4b22d: folds
Hero: folds
c507e1cb: calls $0.1
*** FLOP *** [Ts As 8c]
c507e1cb: checks
7603e8c: bets $0.11
c507e1cb: calls $0.11
*** TURN *** [Ts As 8c] [Kc]
c507e1cb: bets $0.32
7603e8c: folds
Uncalled bet ($0.32) returned to c507e1cb
*** SHOWDOWN ***
c507e1cb collected $0.52 from pot
*** SUMMARY ***
Total pot $0.54 | Rake $0.02 | Jackpot $0 | Bingo $0 | Fortune $0
Board [Ts As 8c Kc]
Seat 1: 7603e8c folded on the Turn
Seat 2: f3157152 folded before Flop (didn't bet)
Seat 3: efe4b22d (button) folded before Flop (didn't bet)
Seat 4: Hero (small blind) folded before Flop
Seat 5: c507e1cb (big blind) won ($0.52)
Seat 6: 5fa03e5e folded before Flop (didn't bet)


Poker Hand #HD1203202772: Hold'em No Limit  ($0.02/$0.05) - 2023/04/14 20:49:49
Table 'NLHBlue33' 6-max Seat #2 is the button
Seat 1: 7603e8c ($1.3 in chips)
Seat 2: f3157152 ($5 in chips)
Seat 3: efe4b22d ($6.38 in chips)
Seat 4: Hero ($5.45 in chips)
Seat 5: c507e1cb ($5.07 in chips)
Seat 6: 5fa03e5e ($5 in chips)
efe4b22d: posts small blind $0.02
Hero: posts big blind $0.05
*** HOLE CARDS ***
Dealt to 7603e8c 
Dealt to f3157152 
Dealt to efe4b22d 
Dealt to Hero [6c Ah]
Dealt to c507e1cb 
Dealt to 5fa03e5e 
c507e1cb: raises $0.1 to $0.15
5fa03e5e: raises $0.35 to $0.5
7603e8c: raises $0.8 to $1.3 and is all-in
f3157152: folds
efe4b22d: folds
Hero: folds
c507e1cb: folds
5fa03e5e: calls $0.8
7603e8c: shows [2h 2s]
5fa03e5e: shows [8d Ad]
*** FLOP *** [Ts 9d 3s]
*** TURN *** [Ts 9d 3s] [Jh]
*** RIVER *** [Ts 9d 3s Jh] [2d]
*** SHOWDOWN ***
7603e8c collected $2.64 from pot
*** SUMMARY ***
Total pot $2.82 | Rake $0.13 | Jackpot $0.05 | Bingo $0 | Fortune $0
Board [Ts 9d 3s Jh 2d]
Seat 1: 7603e8c showed [2h 2s] and won ($2.64) with Three Twos
Seat 2: f3157152 (button) folded before Flop (didn't bet)
Seat 3: efe4b22d (small blind) folded before Flop
Seat 4: Hero (big blind) folded before Flop
Seat 5: c507e1cb folded before Flop
Seat 6: 5fa03e5e showed [8d Ad] and lost with Ace-High


Poker Hand #HD1203202664: Hold'em No Limit  ($0.02/$0.05) - 2023/04/14 20:48:46
Table 'NLHBlue33' 6-max Seat #1 is the button
Seat 1: 7603e8c ($1.58 in chips)
Seat 2: f3157152 ($5 in chips)
Seat 3: efe4b22d ($6.43 in chips)
Seat 4: Hero ($5.45 in chips)
Seat 5: c507e1cb ($4.75 in chips)
Seat 6: 5fa03e5e ($5 in chips)
f3157152: posts small blind $0.02
efe4b22d: posts big blind $0.05
*** HOLE CARDS ***
Dealt to 7603e8c 
Dealt to f3157152 
Dealt to efe4b22d 
Dealt to Hero [8d 3d]
Dealt to c507e1cb 
Dealt to 5fa03e5e 
Hero: folds
c507e1cb: raises $0.1 to $0.15
5fa03e5e: folds
7603e8c: calls $0.15
f3157152: folds
efe4b22d: folds
*** FLOP *** [2s Kd 6c]
c507e1cb: checks
7603e8c: checks
*** TURN *** [2s Kd 6c] [Jc]
c507e1cb: checks
7603e8c: bets $0.13
c507e1cb: calls $0.13
*** RIVER *** [2s Kd 6c Jc] [3h]
c507e1cb: checks
7603e8c: checks
c507e1cb: shows [9c 9s] (Pair of Nines)
7603e8c: shows [2d Qd] (Pair of Twos)
*** SHOWDOWN ***
c507e1cb collected $0.6 from pot
*** SUMMARY ***
Total pot $0.63 | Rake $0.03 | Jackpot $0 | Bingo $0 | Fortune $0
Board [2s Kd 6c Jc 3h]
Seat 1: 7603e8c (button) showed [2d Qd] and lost with Pair of Twos
Seat 2: f3157152 (small blind) folded before Flop
Seat 3: efe4b22d (big blind) folded before Flop
Seat 4: Hero folded before Flop (didn't bet)
Seat 5: c507e1cb showed [9c 9s] and won ($0.6) with Pair of Nines
Seat 6: 5fa03e5e folded before Flop (didn't bet)


Poker Hand #HD1203202610: Hold'em No Limit  ($0.02/$0.05) - 2023/04/14 20:48:16
Table 'NLHBlue33' 6-max Seat #6 is the button
Seat 1: 7603e8c ($1.41 in chips)
Seat 2: f3157152 ($5 in chips)
Seat 3: efe4b22d ($6.43 in chips)
Seat 4: Hero ($5.45 in chips)
Seat 5: c507e1cb ($4.75 in chips)
Seat 6: 5fa03e5e ($5 in chips)
7603e8c: posts small blind $0.02
f3157152: posts big blind $0.05
*** HOLE CARDS ***
Dealt to 7603e8c 
Dealt to f3157152 
Dealt to efe4b22d 
Dealt to Hero [9s 2h]
Dealt to c507e1cb 
Dealt to 5fa03e5e 
efe4b22d: folds
Hero: folds
c507e1cb: folds
5fa03e5e: raises $0.08 to $0.13
7603e8c: calls $0.11
f3157152: folds
*** FLOP *** [6s 3d 2d]
7603e8c: checks
5fa03e5e: checks
*** TURN *** [6s 3d 2d] [Td]
7603e8c: bets $0.11
5fa03e5e: folds
Uncalled bet ($0.11) returned to 7603e8c
*** SHOWDOWN ***
7603e8c collected $0.3 from pot
*** SUMMARY ***
Total pot $0.31 | Rake $0.01 | Jackpot $0 | Bingo $0 | Fortune $0
Board [6s 3d 2d Td]
Seat 1: 7603e8c (small blind) won ($0.3)
Seat 2: f3157152 (big blind) folded before Flop
Seat 3: efe4b22d folded before Flop (didn't bet)
Seat 4: Hero folded before Flop (didn't bet)
Seat 5: c507e1cb folded before Flop (didn't bet)
Seat 6: 5fa03e5e (button) folded on the Turn


Poker Hand #HD1203202556: Hold'em No Limit  ($0.02/$0.05) - 2023/04/14 20:47:49
Table 'NLHBlue33' 6-max Seat #5 is the button
Seat 1: 7603e8c ($1.54 in chips)
Seat 2: f3157152 ($5 in chips)
Seat 3: efe4b22d ($6.29 in chips)
Seat 4: Hero ($5.45 in chips)
Seat 5: c507e1cb ($4.75 in chips)
Seat 6: 5fa03e5e ($5 in chips)
5fa03e5e: posts small blind $0.02
7603e8c: posts big blind $0.05
*** HOLE CARDS ***
Dealt to 7603e8c 
Dealt to f3157152 
Dealt to efe4b22d 
Dealt to Hero [6h 3s]
Dealt to c507e1cb 
Dealt to 5fa03e5e 
f3157152: folds
efe4b22d: raises $0.08 to $0.13
Hero: folds
c507e1cb: folds
5fa03e5e: folds
7603e8c: calls $0.08
*** FLOP *** [2h 2s 2d]
7603e8c: checks
efe4b22d: bets $0.19
7603e8c: folds
Uncalled bet ($0.19) returned to efe4b22d
*** SHOWDOWN ***
efe4b22d collected $0.27 from pot
*** SUMMARY ***
Total pot $0.28 | Rake $0.01 | Jackpot $0 | Bingo $0 | Fortune $0
Board [2h 2s 2d]
Seat 1: 7603e8c (big blind) folded on the Flop
Seat 2: f3157152 folded before Flop (didn't bet)
Seat 3: efe4b22d won ($0.27)
Seat 4: Hero folded before Flop (didn't bet)
Seat 5: c507e1cb (button) folded before Flop (didn't bet)
Seat 6: 5fa03e5e (small blind) folded before Flop


Poker Hand #HD1203202490: Hold'em No Limit  ($0.02/$0.05) - 2023/04/14 20:47:11
Table 'NLHBlue33' 6-max Seat #4 is the button
Seat 1: 7603e8c ($1.96 in chips)
Seat 2: f3157152 ($5 in chips)
Seat 3: efe4b22d ($6.29 in chips)
Seat 4: Hero ($5 in chips)
Seat 5: c507e1cb ($4.77 in chips)
Seat 6: 5fa03e5e ($5 in chips)
c507e1cb: posts small blind $0.02
5fa03e5e: posts big blind $0.05
*** HOLE CARDS ***
Dealt to 7603e8c 
Dealt to f3157152 
Dealt to efe4b22d 
Dealt to Hero [Kd Jd]
Dealt to c507e1cb 
Dealt to 5fa03e5e 
7603e8c: raises $0.1 to $0.15
f3157152: folds
efe4b22d: folds
Hero: raises $0.27 to $0.42
c507e1cb: folds
5fa03e5e: folds
7603e8c: calls $0.27
*** FLOP *** [Ts 5d 3d]
7603e8c: checks
Hero: bets $0.48
7603e8c: folds
Uncalled bet ($0.48) returned to Hero
*** SHOWDOWN ***
Hero collected $0.87 from pot
*** SUMMARY ***
Total pot $0.91 | Rake $0.04 | Jackpot $0 | Bingo $0 | Fortune $0
Board [Ts 5d 3d]
Seat 1: 7603e8c folded on the Flop
Seat 2: f3157152 folded before Flop (didn't bet)
Seat 3: efe4b22d folded before Flop (didn't bet)
Seat 4: Hero (button) won ($0.87)
Seat 5: c507e1cb (small blind) folded before Flop
Seat 6: 5fa03e5e (big blind) folded before Flop


Poker Hand #HD1203202331: Hold'em No Limit  ($0.02/$0.05) - 2023/04/14 20:45:47
Table 'NLHBlue33' 6-max Seat #3 is the button
Seat 1: 7603e8c ($3.29 in chips)
Seat 2: f3157152 ($5 in chips)
Seat 3: efe4b22d ($5.07 in chips)
Seat 4: Hero ($5 in chips)
Seat 5: c507e1cb ($4.82 in chips)
Seat 6: 5fa03e5e ($5 in chips)
Hero: posts small blind $0.02
c507e1cb: posts big blind $0.05
*** HOLE CARDS ***
Dealt to 7603e8c 
Dealt to f3157152 
Dealt to efe4b22d 
Dealt to Hero [4h Jh]
Dealt to c507e1cb 
Dealt to 5fa03e5e 
5fa03e5e: folds
7603e8c: raises $0.1 to $0.15
f3157152: folds
efe4b22d: raises $0.25 to $0.4
Hero: folds
c507e1cb: folds
7603e8c: calls $0.25
*** FLOP *** [9h 6s Jd]
7603e8c: checks
efe4b22d: checks
*** TURN *** [9h 6s Jd] [Th]
7603e8c: bets $0.29
efe4b22d: raises $0.64 to $0.93
7603e8c: calls $0.64
*** RIVER *** [9h 6s Jd Th] [4c]
7603e8c: checks
efe4b22d: bets $2.05
7603e8c: folds
Uncalled bet ($2.05) returned to efe4b22d
*** SHOWDOWN ***
efe4b22d collected $2.55 from pot
*** SUMMARY ***
Total pot $2.73 | Rake $0.13 | Jackpot $0.05 | Bingo $0 | Fortune $0
Board [9h 6s Jd Th 4c]
Seat 1: 7603e8c folded on the River
Seat 2: f3157152 folded before Flop (didn't bet)
Seat 3: efe4b22d (button) won ($2.55)
Seat 4: Hero (small blind) folded before Flop
Seat 5: c507e1cb (big blind) folded before Flop
Seat 6: 5fa03e5e folded before Flop (didn't bet)


Poker Hand #HD1203202267: Hold'em No Limit  ($0.02/$0.05) - 2023/04/14 20:45:08
Table 'NLHBlue33' 6-max Seat #2 is the button
Seat 1: 7603e8c ($3.44 in chips)
Seat 2: f3157152 ($5 in chips)
Seat 3: efe4b22d ($5.09 in chips)
Seat 4: Hero ($5 in chips)
Seat 5: c507e1cb ($4.61 in chips)
Seat 6: 5fa03e5e ($5 in chips)
efe4b22d: posts small blind $0.02
Hero: posts big blind $0.05
*** HOLE CARDS ***
Dealt to 7603e8c 
Dealt to f3157152 
Dealt to efe4b22d 
Dealt to Hero [Ks 8h]
Dealt to c507e1cb 
Dealt to 5fa03e5e 
c507e1cb: raises $0.1 to $0.15
5fa03e5e: folds
7603e8c: calls $0.15
f3157152: folds
efe4b22d: folds
Hero: folds
*** FLOP *** [5s 4d Qc]
c507e1cb: bets $0.19
7603e8c: folds
Uncalled bet ($0.19) returned to c507e1cb
*** SHOWDOWN ***
c507e1cb collected $0.36 from pot
*** SUMMARY ***
Total pot $0.37 | Rake $0.01 | Jackpot $0 | Bingo $0 | Fortune $0
Board [5s 4d Qc]
Seat 1: 7603e8c folded on the Flop
Seat 2: f3157152 (button) folded before Flop (didn't bet)
Seat 3: efe4b22d (small blind) folded before Flop
Seat 4: Hero (big blind) folded before Flop
Seat 5: c507e1cb won ($0.36)
Seat 6: 5fa03e5e folded before Flop (didn't bet)


Poker Hand #HD1203202242: Hold'em No Limit  ($0.02/$0.05) - 2023/04/14 20:44:55
Table 'NLHBlue33' 6-max Seat #1 is the button
Seat 1: 7603e8c ($3.44 in chips)
Seat 2: f3157152 ($5 in chips)
Seat 3: efe4b22d ($5.07 in chips)
Seat 4: Hero ($5 in chips)
Seat 5: c507e1cb ($4.61 in chips)
Seat 6: 5fa03e5e ($5 in chips)
f3157152: posts small blind $0.02
efe4b22d: posts big blind $0.05
*** HOLE CARDS ***
Dealt to 7603e8c 
Dealt to f3157152 
Dealt to efe4b22d 
Dealt to Hero [Qs 5s]
Dealt to c507e1cb 
Dealt to 5fa03e5e 
Hero: folds
c507e1cb: folds
5fa03e5e: folds
7603e8c: folds
f3157152: folds
Uncalled bet ($0.03) returned to efe4b22d
*** SHOWDOWN ***
efe4b22d collected $0.04 from pot
*** SUMMARY ***
Total pot $0.04 | Rake $0 | Jackpot $0 | Bingo $0 | Fortune $0
Seat 1: 7603e8c (button) folded before Flop (didn't bet)
Seat 2: f3157152 (small blind) folded before Flop
Seat 3: efe4b22d (big blind) collected ($0.04)
Seat 4: Hero folded before Flop (didn't bet)
Seat 5: c507e1cb folded before Flop (didn't bet)
Seat 6: 5fa03e5e folded before Flop (didn't bet)


Poker Hand #HD1203202154: Hold'em No Limit  ($0.02/$0.05) - 2023/04/14 20:44:15
Table 'NLHBlue33' 6-max Seat #6 is the button
Seat 1: 7603e8c ($2.63 in chips)
Seat 2: f3157152 ($5 in chips)
Seat 3: efe4b22d ($5.07 in chips)
Seat 4: Hero ($5 in chips)
Seat 5: c507e1cb ($4.61 in chips)
Seat 6: 5fa03e5e ($5.04 in chips)
7603e8c: posts small blind $0.02
f3157152: posts big blind $0.05
*** HOLE CARDS ***
Dealt to 7603e8c 
Dealt to f3157152 
Dealt to efe4b22d 
Dealt to Hero [Ah 9d]
Dealt to c507e1cb 
Dealt to 5fa03e5e 
efe4b22d: folds
Hero: folds
c507e1cb: folds
5fa03e5e: raises $0.08 to $0.13
7603e8c: calls $0.11
f3157152: raises $0.68 to $0.81
5fa03e5e: folds
7603e8c: calls $0.68
*** FLOP *** [Tc 9c 7c]
7603e8c: bets $1.82 and is all-in
f3157152: folds
Uncalled bet ($1.82) returned to 7603e8c
*** SHOWDOWN ***
7603e8c collected $1.62 from pot
*** SUMMARY ***
Total pot $1.75 | Rake $0.08 | Jackpot $0.05 | Bingo $0 | Fortune $0
Board [Tc 9c 7c]
Seat 1: 7603e8c (small blind) won ($1.62)
Seat 2: f3157152 (big blind) folded on the Flop
Seat 3: efe4b22d folded before Flop (didn't bet)
Seat 4: Hero folded before Flop (didn't bet)
Seat 5: c507e1cb folded before Flop (didn't bet)
Seat 6: 5fa03e5e (button) folded before Flop


Poker Hand #HD1203202136: Hold'em No Limit  ($0.02/$0.05) - 2023/04/14 20:44:05
Table 'NLHBlue33' 6-max Seat #5 is the button
Seat 1: 7603e8c ($2.61 in chips)
Seat 2: f3157152 ($5 in chips)
Seat 3: efe4b22d ($5.07 in chips)
Seat 4: Hero ($5 in chips)
Seat 5: c507e1cb ($4.61 in chips)
Seat 6: 5fa03e5e ($5.06 in chips)
5fa03e5e: posts small blind $0.02
7603e8c: posts big blind $0.05
*** HOLE CARDS ***
Dealt to 7603e8c 
Dealt to f3157152 
Dealt to efe4b22d 
Dealt to Hero [3s 6s]
Dealt to c507e1cb 
Dealt to 5fa03e5e 
f3157152: folds
efe4b22d: folds
Hero: folds
c507e1cb: folds
5fa03e5e: folds
Uncalled bet ($0.03) returned to 7603e8c
*** SHOWDOWN ***
7603e8c collected $0.04 from pot
*** SUMMARY ***
Total pot $0.04 | Rake $0 | Jackpot $0 | Bingo $0 | Fortune $0
Seat 1: 7603e8c (big blind) collected ($0.04)
Seat 2: f3157152 folded before Flop (didn't bet)
Seat 3: efe4b22d folded before Flop (didn't bet)
Seat 4: Hero folded before Flop (didn't bet)
Seat 5: c507e1cb (button) folded before Flop (didn't bet)
Seat 6: 5fa03e5e (small blind) folded before Flop


Poker Hand #HD1203202060: Hold'em No Limit  ($0.02/$0.05) - 2023/04/14 20:43:20
Table 'NLHBlue33' 6-max Seat #4 is the button
Seat 1: 7603e8c ($2.76 in chips)
Seat 2: f3157152 ($5 in chips)
Seat 3: efe4b22d ($5.07 in chips)
Seat 4: Hero ($5 in chips)
Seat 5: c507e1cb ($4.63 in chips)
Seat 6: 5fa03e5e ($5.2 in chips)
c507e1cb: posts small blind $0.02
5fa03e5e: posts big blind $0.05
*** HOLE CARDS ***
Dealt to 7603e8c 
Dealt to f3157152 
Dealt to efe4b22d 
Dealt to Hero [Qh 7d]
Dealt to c507e1cb 
Dealt to 5fa03e5e 
7603e8c: raises $0.15 to $0.2
f3157152: folds
efe4b22d: folds
Hero: folds
c507e1cb: folds
5fa03e5e: calls $0.15
*** FLOP *** [7s 6s Ah]
5fa03e5e: checks
7603e8c: bets $0.21
5fa03e5e: calls $0.21
*** TURN *** [7s 6s Ah] [4c]
5fa03e5e: checks
7603e8c: bets $0.28
5fa03e5e: raises $0.7 to $0.98
7603e8c: calls $0.7
*** RIVER *** [7s 6s Ah 4c] [6h]
5fa03e5e: bets $1.86
7603e8c: calls $1.37 and is all-in
Uncalled bet ($0.49) returned to 5fa03e5e
5fa03e5e: shows [As Qd] (Pair of Aces and Pair of Sixes)
7603e8c: shows [Ad Qc] (Pair of Aces and Pair of Sixes)
*** SHOWDOWN ***
5fa03e5e collected $2.62 from pot
7603e8c collected $2.61 from pot
*** SUMMARY ***
Total pot $5.54 | Rake $0.26 | Jackpot $0.05 | Bingo $0 | Fortune $0
Board [7s 6s Ah 4c 6h]
Seat 1: 7603e8c showed [Ad Qc] and won ($2.61) with Pair of Aces and Pair of Sixes
Seat 2: f3157152 folded before Flop (didn't bet)
Seat 3: efe4b22d folded before Flop (didn't bet)
Seat 4: Hero (button) folded before Flop (didn't bet)
Seat 5: c507e1cb (small blind) folded before Flop
Seat 6: 5fa03e5e (big blind) showed [As Qd] and won ($2.62) with Pair of Aces and Pair of Sixes


Poker Hand #HD1203202018: Hold'em No Limit  ($0.02/$0.05) - 2023/04/14 20:42:56
Table 'NLHBlue33' 6-max Seat #3 is the button
Seat 1: 7603e8c ($2.56 in chips)
Seat 2: f3157152 ($5 in chips)
Seat 3: efe4b22d ($5.07 in chips)
Seat 4: Hero ($5 in chips)
Seat 5: c507e1cb ($4.68 in chips)
Seat 6: 5fa03e5e ($5.2 in chips)
Hero: posts small blind $0.02
c507e1cb: posts big blind $0.05
*** HOLE CARDS ***
Dealt to 7603e8c 
Dealt to f3157152 
Dealt to efe4b22d 
Dealt to Hero [Ad Td]
Dealt to c507e1cb 
Dealt to 5fa03e5e 
5fa03e5e: folds
7603e8c: raises $0.12 to $0.17
f3157152: folds
efe4b22d: folds
Hero: calls $0.15
c507e1cb: folds
*** FLOP *** [3c 5c Qc]
Hero: checks
7603e8c: bets $0.13
Hero: folds
Uncalled bet ($0.13) returned to 7603e8c
*** SHOWDOWN ***
7603e8c collected $0.37 from pot
*** SUMMARY ***
Total pot $0.39 | Rake $0.02 | Jackpot $0 | Bingo $0 | Fortune $0
Board [3c 5c Qc]
Seat 1: 7603e8c won ($0.37)
Seat 2: f3157152 folded before Flop (didn't bet)
Seat 3: efe4b22d (button) folded before Flop (didn't bet)
Seat 4: Hero (small blind) folded on the Flop
Seat 5: c507e1cb (big blind) folded before Flop
Seat 6: 5fa03e5e folded before Flop (didn't bet)


Poker Hand #HD1203201987: Hold'em No Limit  ($0.02/$0.05) - 2023/04/14 20:42:39
Table 'NLHBlue33' 6-max Seat #2 is the button
Seat 1: 7603e8c ($2.49 in chips)
Seat 2: f3157152 ($5 in chips)
Seat 3: efe4b22d ($5.09 in chips)
Seat 4: Hero ($5 in chips)
Seat 5: c507e1cb ($4.68 in chips)
Seat 6: 5fa03e5e ($5.2 in chips)
efe4b22d: posts small blind $0.02
Hero: posts big blind $0.05
*** HOLE CARDS ***
Dealt to 7603e8c 
Dealt to f3157152 
Dealt to efe4b22d 
Dealt to Hero [Jh 9d]
Dealt to c507e1cb 
Dealt to 5fa03e5e 
c507e1cb: folds
5fa03e5e: folds
7603e8c: raises $0.1 to $0.15
f3157152: folds
efe4b22d: folds
Hero: folds
Uncalled bet ($0.1) returned to 7603e8c
*** SHOWDOWN ***
7603e8c collected $0.12 from pot
*** SUMMARY ***
Total pot $0.12 | Rake $0 | Jackpot $0 | Bingo $0 | Fortune $0
Seat 1: 7603e8c collected ($0.12)
Seat 2: f3157152 (button) folded before Flop (didn't bet)
Seat 3: efe4b22d (small blind) folded before Flop
Seat 4: Hero (big blind) folded before Flop
Seat 5: c507e1cb folded before Flop (didn't bet)
Seat 6: 5fa03e5e folded before Flop (didn't bet)


