Poker Hand #HD1602337811: Hold'em No Limit ($0.02/$0.05) - 2024/01/23 14:05:34
Table 'NLHBlue86' 6-max Seat #4 is the button
Seat 1: 39bc028f ($5.23 in chips)
Seat 2: Hero ($6.06 in chips)
Seat 3: b5e4feca ($5.39 in chips)
Seat 4: 2d20dca5 ($7.33 in chips)
Seat 5: ea4a49f1 ($5.02 in chips)
ea4a49f1: posts small blind $0.02
39bc028f: posts big blind $0.05
*** HOLE CARDS ***
Dealt to 39bc028f 
Dealt to Hero [6d 6c]
Dealt to b5e4feca 
Dealt to 2d20dca5 
Dealt to ea4a49f1 
Hero: raises $0.07 to $0.12
b5e4feca: folds
2d20dca5: folds
ea4a49f1: folds
39bc028f: folds
Uncalled bet ($0.07) returned to Hero
*** SHOWDOWN ***
Hero collected $0.12 from pot
*** SUMMARY ***
Total pot $0.12 | Rake $0 | Jackpot $0 | Bingo $0 | Fortune $0 | Tax $0
Seat 1: 39bc028f (big blind) folded before Flop
Seat 2: Hero collected ($0.12)
Seat 3: b5e4feca folded before Flop (didn't bet)
Seat 4: 2d20dca5 (button) folded before Flop (didn't bet)
Seat 5: ea4a49f1 (small blind) folded before Flop


Poker Hand #HD1602337787: Hold'em No Limit ($0.02/$0.05) - 2024/01/23 14:05:21
Table 'NLHBlue86' 6-max Seat #3 is the button
Seat 1: 39bc028f ($5.23 in chips)
Seat 2: Hero ($6.06 in chips)
Seat 3: b5e4feca ($5.39 in chips)
Seat 4: 2d20dca5 ($7.35 in chips)
Seat 5: ea4a49f1 ($5 in chips)
2d20dca5: posts small blind $0.02
ea4a49f1: posts big blind $0.05
*** HOLE CARDS ***
Dealt to 39bc028f 
Dealt to Hero [7c 8h]
Dealt to b5e4feca 
Dealt to 2d20dca5 
Dealt to ea4a49f1 
39bc028f: folds
Hero: folds
b5e4feca: folds
2d20dca5: folds
Uncalled bet ($0.03) returned to ea4a49f1
*** SHOWDOWN ***
ea4a49f1 collected $0.04 from pot
*** SUMMARY ***
Total pot $0.04 | Rake $0 | Jackpot $0 | Bingo $0 | Fortune $0 | Tax $0
Seat 1: 39bc028f folded before Flop (didn't bet)
Seat 2: Hero folded before Flop (didn't bet)
Seat 3: b5e4feca (button) folded before Flop (didn't bet)
Seat 4: 2d20dca5 (small blind) folded before Flop
Seat 5: ea4a49f1 (big blind) collected ($0.04)


Poker Hand #HD1602337752: Hold'em No Limit ($0.02/$0.05) - 2024/01/23 14:05:04
Table 'NLHBlue86' 6-max Seat #2 is the button
Seat 1: 39bc028f ($5.23 in chips)
Seat 2: Hero ($6.06 in chips)
Seat 3: b5e4feca ($5.41 in chips)
Seat 4: 2d20dca5 ($7.33 in chips)
Seat 5: ea4a49f1 ($5 in chips)
b5e4feca: posts small blind $0.02
2d20dca5: posts big blind $0.05
*** HOLE CARDS ***
Dealt to 39bc028f 
Dealt to Hero [As 6c]
Dealt to b5e4feca 
Dealt to 2d20dca5 
Dealt to ea4a49f1 
ea4a49f1: folds
39bc028f: folds
Hero: folds
b5e4feca: folds
Uncalled bet ($0.03) returned to 2d20dca5
*** SHOWDOWN ***
2d20dca5 collected $0.04 from pot
*** SUMMARY ***
Total pot $0.04 | Rake $0 | Jackpot $0 | Bingo $0 | Fortune $0 | Tax $0
Seat 1: 39bc028f folded before Flop (didn't bet)
Seat 2: Hero (button) folded before Flop (didn't bet)
Seat 3: b5e4feca (small blind) folded before Flop
Seat 4: 2d20dca5 (big blind) collected ($0.04)
Seat 5: ea4a49f1 folded before Flop (didn't bet)


Poker Hand #HD1602337722: Hold'em No Limit ($0.02/$0.05) - 2024/01/23 14:04:49
Table 'NLHBlue86' 6-max Seat #1 is the button
Seat 1: 39bc028f ($5.23 in chips)
Seat 2: Hero ($6.01 in chips)
Seat 3: b5e4feca ($5.46 in chips)
Seat 4: 2d20dca5 ($7.33 in chips)
Seat 5: ea4a49f1 ($5 in chips)
Hero: posts small blind $0.02
b5e4feca: posts big blind $0.05
*** HOLE CARDS ***
Dealt to 39bc028f 
Dealt to Hero [3c Kc]
Dealt to b5e4feca 
Dealt to 2d20dca5 
Dealt to ea4a49f1 
2d20dca5: folds
ea4a49f1: folds
39bc028f: folds
Hero: raises $0.09 to $0.14
b5e4feca: folds
Uncalled bet ($0.09) returned to Hero
*** SHOWDOWN ***
Hero collected $0.1 from pot
*** SUMMARY ***
Total pot $0.1 | Rake $0 | Jackpot $0 | Bingo $0 | Fortune $0 | Tax $0
Seat 1: 39bc028f (button) folded before Flop (didn't bet)
Seat 2: Hero (small blind) collected ($0.1)
Seat 3: b5e4feca (big blind) folded before Flop
Seat 4: 2d20dca5 folded before Flop (didn't bet)
Seat 5: ea4a49f1 folded before Flop (didn't bet)


Poker Hand #HD1602337619: Hold'em No Limit ($0.02/$0.05) - 2024/01/23 14:03:56
Table 'NLHBlue86' 6-max Seat #5 is the button
Seat 1: 39bc028f ($5.21 in chips)
Seat 2: Hero ($6.01 in chips)
Seat 3: b5e4feca ($5.46 in chips)
Seat 4: 2d20dca5 ($7.33 in chips)
Seat 5: ea4a49f1 ($5 in chips)
Seat 6: 22747bd4 ($5.03 in chips)
22747bd4: posts small blind $0.02
39bc028f: posts big blind $0.05
*** HOLE CARDS ***
Dealt to 39bc028f 
Dealt to Hero [2h 9s]
Dealt to b5e4feca 
Dealt to 2d20dca5 
Dealt to ea4a49f1 
Dealt to 22747bd4 
Hero: folds
b5e4feca: folds
2d20dca5: folds
ea4a49f1: folds
22747bd4: folds
Uncalled bet ($0.03) returned to 39bc028f
*** SHOWDOWN ***
39bc028f collected $0.04 from pot
*** SUMMARY ***
Total pot $0.04 | Rake $0 | Jackpot $0 | Bingo $0 | Fortune $0 | Tax $0
Seat 1: 39bc028f (big blind) collected ($0.04)
Seat 2: Hero folded before Flop (didn't bet)
Seat 3: b5e4feca folded before Flop (didn't bet)
Seat 4: 2d20dca5 folded before Flop (didn't bet)
Seat 5: ea4a49f1 (button) folded before Flop (didn't bet)
Seat 6: 22747bd4 (small blind) folded before Flop


Poker Hand #HD1602337582: Hold'em No Limit ($0.02/$0.05) - 2024/01/23 14:03:39
Table 'NLHBlue86' 6-max Seat #4 is the button
Seat 1: 39bc028f ($5.21 in chips)
Seat 2: Hero ($6.01 in chips)
Seat 3: b5e4feca ($5.46 in chips)
Seat 4: 2d20dca5 ($7.33 in chips)
Seat 5: ea4a49f1 ($5 in chips)
Seat 6: 22747bd4 ($5.01 in chips)
ea4a49f1: posts small blind $0.02
22747bd4: posts big blind $0.05
*** HOLE CARDS ***
Dealt to 39bc028f 
Dealt to Hero [Jd Qc]
Dealt to b5e4feca 
Dealt to 2d20dca5 
Dealt to ea4a49f1 
Dealt to 22747bd4 
39bc028f: folds
Hero: folds
b5e4feca: folds
2d20dca5: folds
ea4a49f1: folds
Uncalled bet ($0.03) returned to 22747bd4
*** SHOWDOWN ***
22747bd4 collected $0.04 from pot
*** SUMMARY ***
Total pot $0.04 | Rake $0 | Jackpot $0 | Bingo $0 | Fortune $0 | Tax $0
Seat 1: 39bc028f folded before Flop (didn't bet)
Seat 2: Hero folded before Flop (didn't bet)
Seat 3: b5e4feca folded before Flop (didn't bet)
Seat 4: 2d20dca5 (button) folded before Flop (didn't bet)
Seat 5: ea4a49f1 (small blind) folded before Flop
Seat 6: 22747bd4 (big blind) collected ($0.04)


Poker Hand #HD1602337547: Hold'em No Limit ($0.02/$0.05) - 2024/01/23 14:03:18
Table 'NLHBlue86' 6-max Seat #3 is the button
Seat 1: 39bc028f ($5.14 in chips)
Seat 2: Hero ($6.01 in chips)
Seat 3: b5e4feca ($5.46 in chips)
Seat 4: 2d20dca5 ($7.35 in chips)
Seat 5: ea4a49f1 ($5 in chips)
Seat 6: 22747bd4 ($5.01 in chips)
2d20dca5: posts small blind $0.02
ea4a49f1: posts big blind $0.05
*** HOLE CARDS ***
Dealt to 39bc028f 
Dealt to Hero [Js 4c]
Dealt to b5e4feca 
Dealt to 2d20dca5 
Dealt to ea4a49f1 
Dealt to 22747bd4 
22747bd4: folds
39bc028f: raises $0.08 to $0.13
Hero: folds
b5e4feca: folds
2d20dca5: folds
ea4a49f1: folds
Uncalled bet ($0.08) returned to 39bc028f
*** SHOWDOWN ***
39bc028f collected $0.12 from pot
*** SUMMARY ***
Total pot $0.12 | Rake $0 | Jackpot $0 | Bingo $0 | Fortune $0 | Tax $0
Seat 1: 39bc028f collected ($0.12)
Seat 2: Hero folded before Flop (didn't bet)
Seat 3: b5e4feca (button) folded before Flop (didn't bet)
Seat 4: 2d20dca5 (small blind) folded before Flop
Seat 5: ea4a49f1 (big blind) folded before Flop
Seat 6: 22747bd4 folded before Flop (didn't bet)


Poker Hand #HD1602337505: Hold'em No Limit ($0.02/$0.05) - 2024/01/23 14:02:56
Table 'NLHBlue86' 6-max Seat #2 is the button
Seat 1: 39bc028f ($5.07 in chips)
Seat 2: Hero ($6.01 in chips)
Seat 3: b5e4feca ($5.48 in chips)
Seat 4: 2d20dca5 ($7.4 in chips)
Seat 5: ea4a49f1 ($5 in chips)
Seat 6: 22747bd4 ($5.01 in chips)
b5e4feca: posts small blind $0.02
2d20dca5: posts big blind $0.05
*** HOLE CARDS ***
Dealt to 39bc028f 
Dealt to Hero [Th 5d]
Dealt to b5e4feca 
Dealt to 2d20dca5 
Dealt to ea4a49f1 
Dealt to 22747bd4 
ea4a49f1: folds
22747bd4: folds
39bc028f: raises $0.08 to $0.13
Hero: folds
b5e4feca: folds
2d20dca5: folds
Uncalled bet ($0.08) returned to 39bc028f
*** SHOWDOWN ***
39bc028f collected $0.12 from pot
*** SUMMARY ***
Total pot $0.12 | Rake $0 | Jackpot $0 | Bingo $0 | Fortune $0 | Tax $0
Seat 1: 39bc028f collected ($0.12)
Seat 2: Hero (button) folded before Flop (didn't bet)
Seat 3: b5e4feca (small blind) folded before Flop
Seat 4: 2d20dca5 (big blind) folded before Flop
Seat 5: ea4a49f1 folded before Flop (didn't bet)
Seat 6: 22747bd4 folded before Flop (didn't bet)


Poker Hand #HD1602337459: Hold'em No Limit ($0.02/$0.05) - 2024/01/23 14:02:33
Table 'NLHBlue86' 6-max Seat #1 is the button
Seat 1: 39bc028f ($5 in chips)
Seat 2: Hero ($6.03 in chips)
Seat 3: b5e4feca ($5.53 in chips)
Seat 4: 2d20dca5 ($7.4 in chips)
Seat 5: ea4a49f1 ($5 in chips)
Seat 6: 22747bd4 ($5.01 in chips)
Hero: posts small blind $0.02
b5e4feca: posts big blind $0.05
*** HOLE CARDS ***
Dealt to 39bc028f 
Dealt to Hero [3h Kc]
Dealt to b5e4feca 
Dealt to 2d20dca5 
Dealt to ea4a49f1 
Dealt to 22747bd4 
2d20dca5: folds
ea4a49f1: folds
22747bd4: folds
39bc028f: raises $0.08 to $0.13
Hero: folds
b5e4feca: folds
Uncalled bet ($0.08) returned to 39bc028f
*** SHOWDOWN ***
39bc028f collected $0.12 from pot
*** SUMMARY ***
Total pot $0.12 | Rake $0 | Jackpot $0 | Bingo $0 | Fortune $0 | Tax $0
Seat 1: 39bc028f (button) collected ($0.12)
Seat 2: Hero (small blind) folded before Flop
Seat 3: b5e4feca (big blind) folded before Flop
Seat 4: 2d20dca5 folded before Flop (didn't bet)
Seat 5: ea4a49f1 folded before Flop (didn't bet)
Seat 6: 22747bd4 folded before Flop (didn't bet)


Poker Hand #HD1602337410: Hold'em No Limit ($0.02/$0.05) - 2024/01/23 14:02:12
Table 'NLHBlue86' 6-max Seat #6 is the button
Seat 1: 39bc028f ($5 in chips)
Seat 2: Hero ($6.01 in chips)
Seat 3: b5e4feca ($5.53 in chips)
Seat 4: 2d20dca5 ($7.4 in chips)
Seat 5: ea4a49f1 ($5 in chips)
Seat 6: 22747bd4 ($5.01 in chips)
39bc028f: posts small blind $0.02
Hero: posts big blind $0.05
*** HOLE CARDS ***
Dealt to 39bc028f 
Dealt to Hero [Ts 8h]
Dealt to b5e4feca 
Dealt to 2d20dca5 
Dealt to ea4a49f1 
Dealt to 22747bd4 
b5e4feca: folds
2d20dca5: folds
ea4a49f1: folds
22747bd4: folds
39bc028f: folds
Uncalled bet ($0.03) returned to Hero
*** SHOWDOWN ***
Hero collected $0.04 from pot
*** SUMMARY ***
Total pot $0.04 | Rake $0 | Jackpot $0 | Bingo $0 | Fortune $0 | Tax $0
Seat 1: 39bc028f (small blind) folded before Flop
Seat 2: Hero (big blind) collected ($0.04)
Seat 3: b5e4feca folded before Flop (didn't bet)
Seat 4: 2d20dca5 folded before Flop (didn't bet)
Seat 5: ea4a49f1 folded before Flop (didn't bet)
Seat 6: 22747bd4 (button) folded before Flop (didn't bet)


Poker Hand #HD1602337366: Hold'em No Limit ($0.02/$0.05) - 2024/01/23 14:01:53
Table 'NLHBlue86' 6-max Seat #5 is the button
Seat 1: 39bc028f ($5 in chips)
Seat 2: Hero ($6.01 in chips)
Seat 3: b5e4feca ($5.46 in chips)
Seat 4: 2d20dca5 ($7.4 in chips)
Seat 5: ea4a49f1 ($5 in chips)
Seat 6: 22747bd4 ($5.03 in chips)
22747bd4: posts small blind $0.02
39bc028f: posts big blind $0.05
*** HOLE CARDS ***
Dealt to 39bc028f 
Dealt to Hero [Jh 2c]
Dealt to b5e4feca 
Dealt to 2d20dca5 
Dealt to ea4a49f1 
Dealt to 22747bd4 
Hero: folds
b5e4feca: raises $0.08 to $0.13
2d20dca5: folds
ea4a49f1: folds
22747bd4: folds
39bc028f: folds
Uncalled bet ($0.08) returned to b5e4feca
*** SHOWDOWN ***
b5e4feca collected $0.12 from pot
*** SUMMARY ***
Total pot $0.12 | Rake $0 | Jackpot $0 | Bingo $0 | Fortune $0 | Tax $0
Seat 1: 39bc028f (big blind) folded before Flop
Seat 2: Hero folded before Flop (didn't bet)
Seat 3: b5e4feca collected ($0.12)
Seat 4: 2d20dca5 folded before Flop (didn't bet)
Seat 5: ea4a49f1 (button) folded before Flop (didn't bet)
Seat 6: 22747bd4 (small blind) folded before Flop


Poker Hand #HD1602337294: Hold'em No Limit ($0.02/$0.05) - 2024/01/23 14:01:12
Table 'NLHBlue86' 6-max Seat #4 is the button
Seat 2: Hero ($6.13 in chips)
Seat 3: b5e4feca ($5.46 in chips)
Seat 4: 2d20dca5 ($7.22 in chips)
Seat 5: ea4a49f1 ($5.02 in chips)
Seat 6: 22747bd4 ($5.08 in chips)
ea4a49f1: posts small blind $0.02
22747bd4: posts big blind $0.05
*** HOLE CARDS ***
Dealt to Hero [9s Ks]
Dealt to b5e4feca 
Dealt to 2d20dca5 
Dealt to ea4a49f1 
Dealt to 22747bd4 
Hero: raises $0.07 to $0.12
b5e4feca: folds
2d20dca5: calls $0.12
ea4a49f1: folds
22747bd4: folds
*** FLOP *** [As 8c 4c]
Hero: checks
2d20dca5: checks
*** TURN *** [As 8c 4c] [Jh]
Hero: checks
2d20dca5: bets $0.1
Hero: folds
Uncalled bet ($0.1) returned to 2d20dca5
*** SHOWDOWN ***
2d20dca5 collected $0.3 from pot
*** SUMMARY ***
Total pot $0.31 | Rake $0.01 | Jackpot $0 | Bingo $0 | Fortune $0 | Tax $0
Board [As 8c 4c Jh]
Seat 2: Hero folded on the Turn
Seat 3: b5e4feca folded before Flop (didn't bet)
Seat 4: 2d20dca5 (button) won ($0.3)
Seat 5: ea4a49f1 (small blind) folded before Flop
Seat 6: 22747bd4 (big blind) folded before Flop


Poker Hand #HD1602337269: Hold'em No Limit ($0.02/$0.05) - 2024/01/23 14:00:57
Table 'NLHBlue86' 6-max Seat #3 is the button
Seat 2: Hero ($6.13 in chips)
Seat 3: b5e4feca ($5.46 in chips)
Seat 4: 2d20dca5 ($7.24 in chips)
Seat 5: ea4a49f1 ($5 in chips)
Seat 6: 22747bd4 ($5.08 in chips)
2d20dca5: posts small blind $0.02
ea4a49f1: posts big blind $0.05
*** HOLE CARDS ***
Dealt to Hero [Qd 3c]
Dealt to b5e4feca 
Dealt to 2d20dca5 
Dealt to ea4a49f1 
Dealt to 22747bd4 
22747bd4: folds
Hero: folds
b5e4feca: folds
2d20dca5: folds
Uncalled bet ($0.03) returned to ea4a49f1
*** SHOWDOWN ***
ea4a49f1 collected $0.04 from pot
*** SUMMARY ***
Total pot $0.04 | Rake $0 | Jackpot $0 | Bingo $0 | Fortune $0 | Tax $0
Seat 2: Hero folded before Flop (didn't bet)
Seat 3: b5e4feca (button) folded before Flop (didn't bet)
Seat 4: 2d20dca5 (small blind) folded before Flop
Seat 5: ea4a49f1 (big blind) collected ($0.04)
Seat 6: 22747bd4 folded before Flop (didn't bet)


Poker Hand #HD1602337239: Hold'em No Limit ($0.02/$0.05) - 2024/01/23 14:00:47
Table 'NLHBlue86' 6-max Seat #2 is the button
Seat 2: Hero ($6.13 in chips)
Seat 3: b5e4feca ($5.48 in chips)
Seat 4: 2d20dca5 ($7.29 in chips)
Seat 5: ea4a49f1 ($5 in chips)
Seat 6: 22747bd4 ($5.01 in chips)
b5e4feca: posts small blind $0.02
2d20dca5: posts big blind $0.05
*** HOLE CARDS ***
Dealt to Hero [7s 2h]
Dealt to b5e4feca 
Dealt to 2d20dca5 
Dealt to ea4a49f1 
Dealt to 22747bd4 
ea4a49f1: folds
22747bd4: raises $0.1 to $0.15
Hero: folds
b5e4feca: folds
2d20dca5: folds
Uncalled bet ($0.1) returned to 22747bd4
*** SHOWDOWN ***
22747bd4 collected $0.12 from pot
*** SUMMARY ***
Total pot $0.12 | Rake $0 | Jackpot $0 | Bingo $0 | Fortune $0 | Tax $0
Seat 2: Hero (button) folded before Flop (didn't bet)
Seat 3: b5e4feca (small blind) folded before Flop
Seat 4: 2d20dca5 (big blind) folded before Flop
Seat 5: ea4a49f1 folded before Flop (didn't bet)
Seat 6: 22747bd4 collected ($0.12)


Poker Hand #HD1602337087: Hold'em No Limit ($0.02/$0.05) - 2024/01/23 13:59:42
Table 'NLHBlue86' 6-max Seat #6 is the button
Seat 2: Hero ($6.55 in chips)
Seat 3: b5e4feca ($5.1 in chips)
Seat 4: 2d20dca5 ($7.29 in chips)
Seat 5: ea4a49f1 ($5 in chips)
Seat 6: 22747bd4 ($5.01 in chips)
Hero: posts small blind $0.02
b5e4feca: posts big blind $0.05
*** HOLE CARDS ***
Dealt to Hero [4h Ah]
Dealt to b5e4feca 
Dealt to 2d20dca5 
Dealt to ea4a49f1 
Dealt to 22747bd4 
2d20dca5: folds
ea4a49f1: folds
22747bd4: folds
Hero: raises $0.09 to $0.14
b5e4feca: raises $0.28 to $0.42
Hero: calls $0.28
*** FLOP *** [Kd 3d Jc]
Hero: checks
b5e4feca: checks
*** TURN *** [Kd 3d Jc] [7d]
Hero: checks
b5e4feca: checks
*** RIVER *** [Kd 3d Jc 7d] [7s]
Hero: checks
b5e4feca: bets $0.4
Hero: folds
Uncalled bet ($0.4) returned to b5e4feca
*** SHOWDOWN ***
b5e4feca collected $0.8 from pot
*** SUMMARY ***
Total pot $0.84 | Rake $0.04 | Jackpot $0 | Bingo $0 | Fortune $0 | Tax $0
Board [Kd 3d Jc 7d 7s]
Seat 2: Hero (small blind) folded on the River
Seat 3: b5e4feca (big blind) won ($0.8)
Seat 4: 2d20dca5 folded before Flop (didn't bet)
Seat 5: ea4a49f1 folded before Flop (didn't bet)
Seat 6: 22747bd4 (button) folded before Flop (didn't bet)


Poker Hand #HD1602337064: Hold'em No Limit ($0.02/$0.05) - 2024/01/23 13:59:28
Table 'NLHBlue86' 6-max Seat #5 is the button
Seat 2: Hero ($6.53 in chips)
Seat 3: b5e4feca ($5.1 in chips)
Seat 4: 2d20dca5 ($7.29 in chips)
Seat 5: ea4a49f1 ($5 in chips)
Seat 6: 22747bd4 ($5.03 in chips)
22747bd4: posts small blind $0.02
Hero: posts big blind $0.05
*** HOLE CARDS ***
Dealt to Hero [6c Kh]
Dealt to b5e4feca 
Dealt to 2d20dca5 
Dealt to ea4a49f1 
Dealt to 22747bd4 
b5e4feca: folds
2d20dca5: folds
ea4a49f1: folds
22747bd4: folds
Uncalled bet ($0.03) returned to Hero
*** SHOWDOWN ***
Hero collected $0.04 from pot
*** SUMMARY ***
Total pot $0.04 | Rake $0 | Jackpot $0 | Bingo $0 | Fortune $0 | Tax $0
Seat 2: Hero (big blind) collected ($0.04)
Seat 3: b5e4feca folded before Flop (didn't bet)
Seat 4: 2d20dca5 folded before Flop (didn't bet)
Seat 5: ea4a49f1 (button) folded before Flop (didn't bet)
Seat 6: 22747bd4 (small blind) folded before Flop


Poker Hand #HD1602336989: Hold'em No Limit ($0.02/$0.05) - 2024/01/23 13:58:42
Table 'NLHBlue86' 6-max Seat #4 is the button
Seat 2: Hero ($6.53 in chips)
Seat 3: b5e4feca ($5.1 in chips)
Seat 4: 2d20dca5 ($7.1 in chips)
Seat 5: ea4a49f1 ($5 in chips)
Seat 6: 22747bd4 ($5.21 in chips)
ea4a49f1: posts small blind $0.02
22747bd4: posts big blind $0.05
*** HOLE CARDS ***
Dealt to Hero [Kd 8h]
Dealt to b5e4feca 
Dealt to 2d20dca5 
Dealt to ea4a49f1 
Dealt to 22747bd4 
Hero: folds
b5e4feca: folds
2d20dca5: raises $0.05 to $0.1
ea4a49f1: folds
22747bd4: calls $0.05
*** FLOP *** [8s 4s 6d]
22747bd4: checks
2d20dca5: checks
*** TURN *** [8s 4s 6d] [Jd]
22747bd4: bets $0.08
2d20dca5: calls $0.08
*** RIVER *** [8s 4s 6d Jd] [4d]
22747bd4: checks
2d20dca5: bets $0.32
22747bd4: folds
Uncalled bet ($0.32) returned to 2d20dca5
*** SHOWDOWN ***
2d20dca5 collected $0.37 from pot
*** SUMMARY ***
Total pot $0.38 | Rake $0.01 | Jackpot $0 | Bingo $0 | Fortune $0 | Tax $0
Board [8s 4s 6d Jd 4d]
Seat 2: Hero folded before Flop (didn't bet)
Seat 3: b5e4feca folded before Flop (didn't bet)
Seat 4: 2d20dca5 (button) won ($0.37)
Seat 5: ea4a49f1 (small blind) folded before Flop
Seat 6: 22747bd4 (big blind) folded on the River


Poker Hand #HD1602336965: Hold'em No Limit ($0.02/$0.05) - 2024/01/23 13:58:28
Table 'NLHBlue86' 6-max Seat #3 is the button
Seat 2: Hero ($6.53 in chips)
Seat 3: b5e4feca ($5.1 in chips)
Seat 4: 2d20dca5 ($7.05 in chips)
Seat 5: ea4a49f1 ($5 in chips)
Seat 6: 22747bd4 ($5.21 in chips)
2d20dca5: posts small blind $0.02
ea4a49f1: posts big blind $0.05
*** HOLE CARDS ***
Dealt to Hero [7s Qc]
Dealt to b5e4feca 
Dealt to 2d20dca5 
Dealt to ea4a49f1 
Dealt to 22747bd4 
22747bd4: folds
Hero: folds
b5e4feca: folds
2d20dca5: raises $0.05 to $0.1
ea4a49f1: folds
Uncalled bet ($0.05) returned to 2d20dca5
*** SHOWDOWN ***
2d20dca5 collected $0.1 from pot
*** SUMMARY ***
Total pot $0.1 | Rake $0 | Jackpot $0 | Bingo $0 | Fortune $0 | Tax $0
Seat 2: Hero folded before Flop (didn't bet)
Seat 3: b5e4feca (button) folded before Flop (didn't bet)
Seat 4: 2d20dca5 (small blind) collected ($0.1)
Seat 5: ea4a49f1 (big blind) folded before Flop
Seat 6: 22747bd4 folded before Flop (didn't bet)


Poker Hand #HD1602336935: Hold'em No Limit ($0.02/$0.05) - 2024/01/23 13:58:15
Table 'NLHBlue86' 6-max Seat #2 is the button
Seat 2: Hero ($6.53 in chips)
Seat 3: b5e4feca ($5.12 in chips)
Seat 4: 2d20dca5 ($7.03 in chips)
Seat 5: ea4a49f1 ($5 in chips)
Seat 6: 22747bd4 ($5.21 in chips)
b5e4feca: posts small blind $0.02
2d20dca5: posts big blind $0.05
*** HOLE CARDS ***
Dealt to Hero [2h 4s]
Dealt to b5e4feca 
Dealt to 2d20dca5 
Dealt to ea4a49f1 
Dealt to 22747bd4 
ea4a49f1: folds
22747bd4: folds
Hero: folds
b5e4feca: folds
Uncalled bet ($0.03) returned to 2d20dca5
*** SHOWDOWN ***
2d20dca5 collected $0.04 from pot
*** SUMMARY ***
Total pot $0.04 | Rake $0 | Jackpot $0 | Bingo $0 | Fortune $0 | Tax $0
Seat 2: Hero (button) folded before Flop (didn't bet)
Seat 3: b5e4feca (small blind) folded before Flop
Seat 4: 2d20dca5 (big blind) collected ($0.04)
Seat 5: ea4a49f1 folded before Flop (didn't bet)
Seat 6: 22747bd4 folded before Flop (didn't bet)


Poker Hand #HD1602336901: Hold'em No Limit ($0.02/$0.05) - 2024/01/23 13:58:02
Table 'NLHBlue86' 6-max Seat #6 is the button
Seat 2: Hero ($6.55 in chips)
Seat 3: b5e4feca ($5.17 in chips)
Seat 4: 2d20dca5 ($6.96 in chips)
Seat 5: ea4a49f1 ($5 in chips)
Seat 6: 22747bd4 ($5.21 in chips)
Hero: posts small blind $0.02
b5e4feca: posts big blind $0.05
*** HOLE CARDS ***
Dealt to Hero [9h 5d]
Dealt to b5e4feca 
Dealt to 2d20dca5 
Dealt to ea4a49f1 
Dealt to 22747bd4 
2d20dca5: raises $0.05 to $0.1
ea4a49f1: folds
22747bd4: folds
Hero: folds
b5e4feca: folds
Uncalled bet ($0.05) returned to 2d20dca5
*** SHOWDOWN ***
2d20dca5 collected $0.12 from pot
*** SUMMARY ***
Total pot $0.12 | Rake $0 | Jackpot $0 | Bingo $0 | Fortune $0 | Tax $0
Seat 2: Hero (small blind) folded before Flop
Seat 3: b5e4feca (big blind) folded before Flop
Seat 4: 2d20dca5 collected ($0.12)
Seat 5: ea4a49f1 folded before Flop (didn't bet)
Seat 6: 22747bd4 (button) folded before Flop (didn't bet)


Poker Hand #HD1602336802: Hold'em No Limit ($0.02/$0.05) - 2024/01/23 13:57:14
Table 'NLHBlue86' 6-max Seat #5 is the button
Seat 2: Hero ($4.37 in chips)
Seat 3: b5e4feca ($5.17 in chips)
Seat 4: 2d20dca5 ($8.82 in chips)
Seat 5: ea4a49f1 ($5.07 in chips)
Seat 6: 22747bd4 ($5.23 in chips)
22747bd4: posts small blind $0.02
Hero: posts big blind $0.05
*** HOLE CARDS ***
Dealt to Hero [Qs Qc]
Dealt to b5e4feca 
Dealt to 2d20dca5 
Dealt to ea4a49f1 
Dealt to 22747bd4 
b5e4feca: folds
2d20dca5: raises $0.05 to $0.1
ea4a49f1: calls $0.1
22747bd4: folds
Hero: raises $0.46 to $0.56
2d20dca5: calls $0.46
ea4a49f1: calls $0.46
*** FLOP *** [9s 9d 2h]
Hero: bets $0.57
2d20dca5: raises $0.73 to $1.3
ea4a49f1: folds
Hero: raises $2.51 to $3.81 and is all-in
2d20dca5: folds
Uncalled bet ($2.51) returned to Hero
*** SHOWDOWN ***
Hero collected $4.04 from pot
*** SUMMARY ***
Total pot $4.3 | Rake $0.21 | Jackpot $0.05 | Bingo $0 | Fortune $0 | Tax $0
Board [9s 9d 2h]
Seat 2: Hero (big blind) won ($4.04)
Seat 3: b5e4feca folded before Flop (didn't bet)
Seat 4: 2d20dca5 folded on the Flop
Seat 5: ea4a49f1 (button) folded on the Flop
Seat 6: 22747bd4 (small blind) folded before Flop


Poker Hand #HD1602336772: Hold'em No Limit ($0.02/$0.05) - 2024/01/23 13:57:03
Table 'NLHBlue86' 6-max Seat #4 is the button
Seat 2: Hero ($4.37 in chips)
Seat 3: b5e4feca ($5.17 in chips)
Seat 4: 2d20dca5 ($8.82 in chips)
Seat 5: ea4a49f1 ($5.09 in chips)
Seat 6: 22747bd4 ($5.21 in chips)
ea4a49f1: posts small blind $0.02
22747bd4: posts big blind $0.05
*** HOLE CARDS ***
Dealt to Hero [7s Qc]
Dealt to b5e4feca 
Dealt to 2d20dca5 
Dealt to ea4a49f1 
Dealt to 22747bd4 
Hero: folds
b5e4feca: folds
2d20dca5: folds
ea4a49f1: folds
Uncalled bet ($0.03) returned to 22747bd4
*** SHOWDOWN ***
22747bd4 collected $0.04 from pot
*** SUMMARY ***
Total pot $0.04 | Rake $0 | Jackpot $0 | Bingo $0 | Fortune $0 | Tax $0
Seat 2: Hero folded before Flop (didn't bet)
Seat 3: b5e4feca folded before Flop (didn't bet)
Seat 4: 2d20dca5 (button) folded before Flop (didn't bet)
Seat 5: ea4a49f1 (small blind) folded before Flop
Seat 6: 22747bd4 (big blind) collected ($0.04)


Poker Hand #HD1602336744: Hold'em No Limit ($0.02/$0.05) - 2024/01/23 13:56:49
Table 'NLHBlue86' 6-max Seat #3 is the button
Seat 2: Hero ($4.3 in chips)
Seat 3: b5e4feca ($5.17 in chips)
Seat 4: 2d20dca5 ($8.84 in chips)
Seat 5: ea4a49f1 ($5.14 in chips)
Seat 6: 22747bd4 ($5.21 in chips)
2d20dca5: posts small blind $0.02
ea4a49f1: posts big blind $0.05
*** HOLE CARDS ***
Dealt to Hero [8s 8c]
Dealt to b5e4feca 
Dealt to 2d20dca5 
Dealt to ea4a49f1 
Dealt to 22747bd4 
22747bd4: folds
Hero: raises $0.07 to $0.12
b5e4feca: folds
2d20dca5: folds
ea4a49f1: folds
Uncalled bet ($0.07) returned to Hero
*** SHOWDOWN ***
Hero collected $0.12 from pot
*** SUMMARY ***
Total pot $0.12 | Rake $0 | Jackpot $0 | Bingo $0 | Fortune $0 | Tax $0
Seat 2: Hero collected ($0.12)
Seat 3: b5e4feca (button) folded before Flop (didn't bet)
Seat 4: 2d20dca5 (small blind) folded before Flop
Seat 5: ea4a49f1 (big blind) folded before Flop
Seat 6: 22747bd4 folded before Flop (didn't bet)


Poker Hand #HD1602336633: Hold'em No Limit ($0.02/$0.05) - 2024/01/23 13:55:49
Table 'NLHBlue86' 6-max Seat #2 is the button
Seat 2: Hero ($5.34 in chips)
Seat 3: b5e4feca ($5.19 in chips)
Seat 4: 2d20dca5 ($7.79 in chips)
Seat 5: ea4a49f1 ($5.14 in chips)
Seat 6: 22747bd4 ($5.36 in chips)
b5e4feca: posts small blind $0.02
2d20dca5: posts big blind $0.05
*** HOLE CARDS ***
Dealt to Hero [5c 5h]
Dealt to b5e4feca 
Dealt to 2d20dca5 
Dealt to ea4a49f1 
Dealt to 22747bd4 
ea4a49f1: folds
22747bd4: raises $0.1 to $0.15
Hero: calls $0.15
b5e4feca: folds
2d20dca5: raises $0.39 to $0.54
22747bd4: folds
Hero: calls $0.39
*** FLOP *** [4s 8d Qh]
2d20dca5: checks
Hero: checks
*** TURN *** [4s 8d Qh] [Kc]
2d20dca5: checks
Hero: checks
*** RIVER *** [4s 8d Qh Kc] [4c]
2d20dca5: bets $0.5
Hero: calls $0.5
2d20dca5: shows [Qd As] (Pair of Queens and Pair of Fours)
Hero: shows [5c 5h] (Pair of Fives and Pair of Fours)
*** SHOWDOWN ***
2d20dca5 collected $2.09 from pot
*** SUMMARY ***
Total pot $2.25 | Rake $0.11 | Jackpot $0.05 | Bingo $0 | Fortune $0 | Tax $0
Board [4s 8d Qh Kc 4c]
Seat 2: Hero (button) showed [5c 5h] and lost with Pair of Fives and Pair of Fours
Seat 3: b5e4feca (small blind) folded before Flop
Seat 4: 2d20dca5 (big blind) showed [Qd As] and won ($2.09) with Pair of Queens and Pair of Fours
Seat 5: ea4a49f1 folded before Flop (didn't bet)
Seat 6: 22747bd4 folded before Flop


Poker Hand #HD1602336610: Hold'em No Limit ($0.02/$0.05) - 2024/01/23 13:55:41
Table 'NLHBlue86' 6-max Seat #6 is the button
Seat 2: Hero ($5.36 in chips)
Seat 3: b5e4feca ($5.17 in chips)
Seat 4: 2d20dca5 ($7.79 in chips)
Seat 5: ea4a49f1 ($5.14 in chips)
Seat 6: 22747bd4 ($5.36 in chips)
Hero: posts small blind $0.02
b5e4feca: posts big blind $0.05
*** HOLE CARDS ***
Dealt to Hero [Jd 3s]
Dealt to b5e4feca 
Dealt to 2d20dca5 
Dealt to ea4a49f1 
Dealt to 22747bd4 
2d20dca5: folds
ea4a49f1: folds
22747bd4: folds
Hero: folds
Uncalled bet ($0.03) returned to b5e4feca
*** SHOWDOWN ***
b5e4feca collected $0.04 from pot
*** SUMMARY ***
Total pot $0.04 | Rake $0 | Jackpot $0 | Bingo $0 | Fortune $0 | Tax $0
Seat 2: Hero (small blind) folded before Flop
Seat 3: b5e4feca (big blind) collected ($0.04)
Seat 4: 2d20dca5 folded before Flop (didn't bet)
Seat 5: ea4a49f1 folded before Flop (didn't bet)
Seat 6: 22747bd4 (button) folded before Flop (didn't bet)


Poker Hand #HD1602336566: Hold'em No Limit ($0.02/$0.05) - 2024/01/23 13:55:15
Table 'NLHBlue86' 6-max Seat #5 is the button
Seat 2: Hero ($5.49 in chips)
Seat 3: b5e4feca ($5.17 in chips)
Seat 4: 2d20dca5 ($7.79 in chips)
Seat 5: ea4a49f1 ($5 in chips)
Seat 6: 22747bd4 ($5.38 in chips)
22747bd4: posts small blind $0.02
Hero: posts big blind $0.05
*** HOLE CARDS ***
Dealt to Hero [Ts Kd]
Dealt to b5e4feca 
Dealt to 2d20dca5 
Dealt to ea4a49f1 
Dealt to 22747bd4 
b5e4feca: folds
2d20dca5: folds
ea4a49f1: raises $0.08 to $0.13
22747bd4: folds
Hero: calls $0.08
*** FLOP *** [5c Qc 4h]
Hero: checks
ea4a49f1: bets $0.14
Hero: folds
Uncalled bet ($0.14) returned to ea4a49f1
*** SHOWDOWN ***
ea4a49f1 collected $0.27 from pot
*** SUMMARY ***
Total pot $0.28 | Rake $0.01 | Jackpot $0 | Bingo $0 | Fortune $0 | Tax $0
Board [5c Qc 4h]
Seat 2: Hero (big blind) folded on the Flop
Seat 3: b5e4feca folded before Flop (didn't bet)
Seat 4: 2d20dca5 folded before Flop (didn't bet)
Seat 5: ea4a49f1 (button) won ($0.27)
Seat 6: 22747bd4 (small blind) folded before Flop


Poker Hand #HD1602336546: Hold'em No Limit ($0.02/$0.05) - 2024/01/23 13:55:01
Table 'NLHBlue86' 6-max Seat #4 is the button
Seat 2: Hero ($5.49 in chips)
Seat 3: b5e4feca ($5.17 in chips)
Seat 4: 2d20dca5 ($7.79 in chips)
Seat 5: ea4a49f1 ($5.02 in chips)
Seat 6: 22747bd4 ($5.36 in chips)
ea4a49f1: posts small blind $0.02
22747bd4: posts big blind $0.05
*** HOLE CARDS ***
Dealt to Hero [4s 7h]
Dealt to b5e4feca 
Dealt to 2d20dca5 
Dealt to ea4a49f1 
Dealt to 22747bd4 
Hero: folds
b5e4feca: folds
2d20dca5: folds
ea4a49f1: folds
Uncalled bet ($0.03) returned to 22747bd4
*** SHOWDOWN ***
22747bd4 collected $0.04 from pot
*** SUMMARY ***
Total pot $0.04 | Rake $0 | Jackpot $0 | Bingo $0 | Fortune $0 | Tax $0
Seat 2: Hero folded before Flop (didn't bet)
Seat 3: b5e4feca folded before Flop (didn't bet)
Seat 4: 2d20dca5 (button) folded before Flop (didn't bet)
Seat 5: ea4a49f1 (small blind) folded before Flop
Seat 6: 22747bd4 (big blind) collected ($0.04)


Poker Hand #HD1602336483: Hold'em No Limit ($0.02/$0.05) - 2024/01/23 13:54:31
Table 'NLHBlue86' 6-max Seat #3 is the button
Seat 2: Hero ($5 in chips)
Seat 3: b5e4feca ($5.17 in chips)
Seat 4: 2d20dca5 ($7.81 in chips)
Seat 5: ea4a49f1 ($5.07 in chips)
Seat 6: 22747bd4 ($5.83 in chips)
2d20dca5: posts small blind $0.02
ea4a49f1: posts big blind $0.05
*** HOLE CARDS ***
Dealt to Hero [Qc Ad]
Dealt to b5e4feca 
Dealt to 2d20dca5 
Dealt to ea4a49f1 
Dealt to 22747bd4 
22747bd4: raises $0.1 to $0.15
Hero: raises $0.32 to $0.47
b5e4feca: folds
2d20dca5: folds
ea4a49f1: folds
22747bd4: calls $0.32
*** FLOP *** [Qs 4h 8s]
22747bd4: checks
Hero: bets $0.56
22747bd4: folds
Uncalled bet ($0.56) returned to Hero
*** SHOWDOWN ***
Hero collected $0.96 from pot
*** SUMMARY ***
Total pot $1.01 | Rake $0.05 | Jackpot $0 | Bingo $0 | Fortune $0 | Tax $0
Board [Qs 4h 8s]
Seat 2: Hero won ($0.96)
Seat 3: b5e4feca (button) folded before Flop (didn't bet)
Seat 4: 2d20dca5 (small blind) folded before Flop
Seat 5: ea4a49f1 (big blind) folded before Flop
Seat 6: 22747bd4 folded on the Flop


Poker Hand #HD1602336436: Hold'em No Limit ($0.02/$0.05) - 2024/01/23 13:54:14
Table 'NLHBlue86' 6-max Seat #2 is the button
Seat 2: Hero ($4.86 in chips)
Seat 3: b5e4feca ($5.19 in chips)
Seat 4: 2d20dca5 ($7.86 in chips)
Seat 5: ea4a49f1 ($5.07 in chips)
Seat 6: 22747bd4 ($5.83 in chips)
b5e4feca: posts small blind $0.02
2d20dca5: posts big blind $0.05
*** HOLE CARDS ***
Dealt to Hero [Ts Qc]
Dealt to b5e4feca 
Dealt to 2d20dca5 
Dealt to ea4a49f1 
Dealt to 22747bd4 
ea4a49f1: folds
22747bd4: folds
Hero: raises $0.07 to $0.12
b5e4feca: folds
2d20dca5: folds
Uncalled bet ($0.07) returned to Hero
*** SHOWDOWN ***
Hero collected $0.12 from pot
*** SUMMARY ***
Total pot $0.12 | Rake $0 | Jackpot $0 | Bingo $0 | Fortune $0 | Tax $0
Seat 2: Hero (button) collected ($0.12)
Seat 3: b5e4feca (small blind) folded before Flop
Seat 4: 2d20dca5 (big blind) folded before Flop
Seat 5: ea4a49f1 folded before Flop (didn't bet)
Seat 6: 22747bd4 folded before Flop (didn't bet)


Poker Hand #HD1602336413: Hold'em No Limit ($0.02/$0.05) - 2024/01/23 13:54:03
Table 'NLHBlue86' 6-max Seat #6 is the button
Seat 2: Hero ($4.88 in chips)
Seat 3: b5e4feca ($5.24 in chips)
Seat 4: 2d20dca5 ($7.79 in chips)
Seat 5: ea4a49f1 ($5.07 in chips)
Seat 6: 22747bd4 ($5.83 in chips)
Hero: posts small blind $0.02
b5e4feca: posts big blind $0.05
*** HOLE CARDS ***
Dealt to Hero [Jc 3s]
Dealt to b5e4feca 
Dealt to 2d20dca5 
Dealt to ea4a49f1 
Dealt to 22747bd4 
2d20dca5: raises $0.05 to $0.1
ea4a49f1: folds
22747bd4: folds
Hero: folds
b5e4feca: folds
Uncalled bet ($0.05) returned to 2d20dca5
*** SHOWDOWN ***
2d20dca5 collected $0.12 from pot
*** SUMMARY ***
Total pot $0.12 | Rake $0 | Jackpot $0 | Bingo $0 | Fortune $0 | Tax $0
Seat 2: Hero (small blind) folded before Flop
Seat 3: b5e4feca (big blind) folded before Flop
Seat 4: 2d20dca5 collected ($0.12)
Seat 5: ea4a49f1 folded before Flop (didn't bet)
Seat 6: 22747bd4 (button) folded before Flop (didn't bet)


Poker Hand #HD1602336394: Hold'em No Limit ($0.02/$0.05) - 2024/01/23 13:53:51
Table 'NLHBlue86' 6-max Seat #5 is the button
Seat 2: Hero ($4.93 in chips)
Seat 3: b5e4feca ($5.24 in chips)
Seat 4: 2d20dca5 ($7.79 in chips)
Seat 5: ea4a49f1 ($5 in chips)
Seat 6: 22747bd4 ($5.85 in chips)
22747bd4: posts small blind $0.02
Hero: posts big blind $0.05
*** HOLE CARDS ***
Dealt to Hero [9s Qh]
Dealt to b5e4feca 
Dealt to 2d20dca5 
Dealt to ea4a49f1 
Dealt to 22747bd4 
b5e4feca: folds
2d20dca5: folds
ea4a49f1: raises $0.08 to $0.13
22747bd4: folds
Hero: folds
Uncalled bet ($0.08) returned to ea4a49f1
*** SHOWDOWN ***
ea4a49f1 collected $0.12 from pot
*** SUMMARY ***
Total pot $0.12 | Rake $0 | Jackpot $0 | Bingo $0 | Fortune $0 | Tax $0
Seat 2: Hero (big blind) folded before Flop
Seat 3: b5e4feca folded before Flop (didn't bet)
Seat 4: 2d20dca5 folded before Flop (didn't bet)
Seat 5: ea4a49f1 (button) collected ($0.12)
Seat 6: 22747bd4 (small blind) folded before Flop


Poker Hand #HD1602336355: Hold'em No Limit ($0.02/$0.05) - 2024/01/23 13:53:36
Table 'NLHBlue86' 6-max Seat #4 is the button
Seat 2: Hero ($4.86 in chips)
Seat 3: b5e4feca ($5.24 in chips)
Seat 4: 2d20dca5 ($7.79 in chips)
Seat 5: ea4a49f1 ($5 in chips)
Seat 6: 22747bd4 ($5.9 in chips)
ea4a49f1: posts small blind $0.02
22747bd4: posts big blind $0.05
*** HOLE CARDS ***
Dealt to Hero [4h 4s]
Dealt to b5e4feca 
Dealt to 2d20dca5 
Dealt to ea4a49f1 
Dealt to 22747bd4 
Hero: raises $0.07 to $0.12
b5e4feca: folds
2d20dca5: folds
ea4a49f1: folds
22747bd4: folds
Uncalled bet ($0.07) returned to Hero
*** SHOWDOWN ***
Hero collected $0.12 from pot
*** SUMMARY ***
Total pot $0.12 | Rake $0 | Jackpot $0 | Bingo $0 | Fortune $0 | Tax $0
Seat 2: Hero collected ($0.12)
Seat 3: b5e4feca folded before Flop (didn't bet)
Seat 4: 2d20dca5 (button) folded before Flop (didn't bet)
Seat 5: ea4a49f1 (small blind) folded before Flop
Seat 6: 22747bd4 (big blind) folded before Flop


Poker Hand #HD1602336325: Hold'em No Limit ($0.02/$0.05) - 2024/01/23 13:53:18
Table 'NLHBlue86' 6-max Seat #3 is the button
Seat 2: Hero ($4.79 in chips)
Seat 3: b5e4feca ($5.24 in chips)
Seat 4: 2d20dca5 ($7.81 in chips)
Seat 5: ea4a49f1 ($5 in chips)
Seat 6: 22747bd4 ($5.9 in chips)
2d20dca5: posts small blind $0.02
ea4a49f1: posts big blind $0.05
*** HOLE CARDS ***
Dealt to Hero [Ad Kd]
Dealt to b5e4feca 
Dealt to 2d20dca5 
Dealt to ea4a49f1 
Dealt to 22747bd4 
22747bd4: folds
Hero: raises $0.07 to $0.12
b5e4feca: folds
2d20dca5: folds
ea4a49f1: folds
Uncalled bet ($0.07) returned to Hero
*** SHOWDOWN ***
Hero collected $0.12 from pot
*** SUMMARY ***
Total pot $0.12 | Rake $0 | Jackpot $0 | Bingo $0 | Fortune $0 | Tax $0
Seat 2: Hero collected ($0.12)
Seat 3: b5e4feca (button) folded before Flop (didn't bet)
Seat 4: 2d20dca5 (small blind) folded before Flop
Seat 5: ea4a49f1 (big blind) folded before Flop
Seat 6: 22747bd4 folded before Flop (didn't bet)


Poker Hand #HD1602336265: Hold'em No Limit ($0.02/$0.05) - 2024/01/23 13:52:50
Table 'NLHBlue86' 6-max Seat #2 is the button
Seat 2: Hero ($4.79 in chips)
Seat 3: b5e4feca ($5.12 in chips)
Seat 4: 2d20dca5 ($7.94 in chips)
Seat 5: ea4a49f1 ($5 in chips)
Seat 6: 22747bd4 ($5.9 in chips)
b5e4feca: posts small blind $0.02
2d20dca5: posts big blind $0.05
*** HOLE CARDS ***
Dealt to Hero [Ks 8h]
Dealt to b5e4feca 
Dealt to 2d20dca5 
Dealt to ea4a49f1 
Dealt to 22747bd4 
ea4a49f1: folds
22747bd4: folds
Hero: folds
b5e4feca: raises $0.08 to $0.13
2d20dca5: calls $0.08
*** FLOP *** [4d 4c 3s]
b5e4feca: bets $0.18
2d20dca5: folds
Uncalled bet ($0.18) returned to b5e4feca
*** SHOWDOWN ***
b5e4feca collected $0.25 from pot
*** SUMMARY ***
Total pot $0.26 | Rake $0.01 | Jackpot $0 | Bingo $0 | Fortune $0 | Tax $0
Board [4d 4c 3s]
Seat 2: Hero (button) folded before Flop (didn't bet)
Seat 3: b5e4feca (small blind) won ($0.25)
Seat 4: 2d20dca5 (big blind) folded on the Flop
Seat 5: ea4a49f1 folded before Flop (didn't bet)
Seat 6: 22747bd4 folded before Flop (didn't bet)


Poker Hand #HD1602336212: Hold'em No Limit ($0.02/$0.05) - 2024/01/23 13:52:26
Table 'NLHBlue86' 6-max Seat #6 is the button
Seat 2: Hero ($4.81 in chips)
Seat 3: b5e4feca ($5.17 in chips)
Seat 4: 2d20dca5 ($7.94 in chips)
Seat 5: ea4a49f1 ($5.05 in chips)
Seat 6: 22747bd4 ($5.71 in chips)
Hero: posts small blind $0.02
b5e4feca: posts big blind $0.05
*** HOLE CARDS ***
Dealt to Hero [4s 3c]
Dealt to b5e4feca 
Dealt to 2d20dca5 
Dealt to ea4a49f1 
Dealt to 22747bd4 
2d20dca5: folds
ea4a49f1: raises $0.08 to $0.13
22747bd4: raises $0.37 to $0.5
Hero: folds
b5e4feca: folds
ea4a49f1: folds
Uncalled bet ($0.37) returned to 22747bd4
*** SHOWDOWN ***
22747bd4 collected $0.32 from pot
*** SUMMARY ***
Total pot $0.33 | Rake $0.01 | Jackpot $0 | Bingo $0 | Fortune $0 | Tax $0
Seat 2: Hero (small blind) folded before Flop
Seat 3: b5e4feca (big blind) folded before Flop
Seat 4: 2d20dca5 folded before Flop (didn't bet)
Seat 5: ea4a49f1 folded before Flop
Seat 6: 22747bd4 (button) collected ($0.32)


Poker Hand #HD1602336118: Hold'em No Limit ($0.02/$0.05) - 2024/01/23 13:51:39
Table 'NLHBlue86' 6-max Seat #5 is the button
Seat 2: Hero ($5.08 in chips)
Seat 3: b5e4feca ($5.17 in chips)
Seat 4: 2d20dca5 ($7.6 in chips)
Seat 5: ea4a49f1 ($5.05 in chips)
Seat 6: 22747bd4 ($5.81 in chips)
22747bd4: posts small blind $0.02
Hero: posts big blind $0.05
*** HOLE CARDS ***
Dealt to Hero [Td Jh]
Dealt to b5e4feca 
Dealt to 2d20dca5 
Dealt to ea4a49f1 
Dealt to 22747bd4 
b5e4feca: folds
2d20dca5: raises $0.05 to $0.1
ea4a49f1: folds
22747bd4: calls $0.08
Hero: calls $0.05
*** FLOP *** [7h 4c Kc]
22747bd4: checks
Hero: checks
2d20dca5: checks
*** TURN *** [7h 4c Kc] [Ts]
22747bd4: checks
Hero: bets $0.17
2d20dca5: raises $0.23 to $0.4
22747bd4: folds
Hero: folds
Uncalled bet ($0.23) returned to 2d20dca5
*** SHOWDOWN ***
2d20dca5 collected $0.61 from pot
*** SUMMARY ***
Total pot $0.64 | Rake $0.03 | Jackpot $0 | Bingo $0 | Fortune $0 | Tax $0
Board [7h 4c Kc Ts]
Seat 2: Hero (big blind) folded on the Turn
Seat 3: b5e4feca folded before Flop (didn't bet)
Seat 4: 2d20dca5 won ($0.61)
Seat 5: ea4a49f1 (button) folded before Flop (didn't bet)
Seat 6: 22747bd4 (small blind) folded on the Turn


Poker Hand #HD1602336098: Hold'em No Limit ($0.02/$0.05) - 2024/01/23 13:51:28
Table 'NLHBlue86' 6-max Seat #4 is the button
Seat 2: Hero ($5.08 in chips)
Seat 3: b5e4feca ($5.17 in chips)
Seat 4: 2d20dca5 ($7.6 in chips)
Seat 5: ea4a49f1 ($5.07 in chips)
Seat 6: 22747bd4 ($5.79 in chips)
ea4a49f1: posts small blind $0.02
22747bd4: posts big blind $0.05
*** HOLE CARDS ***
Dealt to Hero [7c 5d]
Dealt to b5e4feca 
Dealt to 2d20dca5 
Dealt to ea4a49f1 
Dealt to 22747bd4 
Hero: folds
b5e4feca: folds
2d20dca5: folds
ea4a49f1: folds
Uncalled bet ($0.03) returned to 22747bd4
*** SHOWDOWN ***
22747bd4 collected $0.04 from pot
*** SUMMARY ***
Total pot $0.04 | Rake $0 | Jackpot $0 | Bingo $0 | Fortune $0 | Tax $0
Seat 2: Hero folded before Flop (didn't bet)
Seat 3: b5e4feca folded before Flop (didn't bet)
Seat 4: 2d20dca5 (button) folded before Flop (didn't bet)
Seat 5: ea4a49f1 (small blind) folded before Flop
Seat 6: 22747bd4 (big blind) collected ($0.04)


Poker Hand #HD1602336067: Hold'em No Limit ($0.02/$0.05) - 2024/01/23 13:51:14
Table 'NLHBlue86' 6-max Seat #3 is the button
Seat 2: Hero ($5.08 in chips)
Seat 3: b5e4feca ($5.1 in chips)
Seat 4: 2d20dca5 ($7.62 in chips)
Seat 5: ea4a49f1 ($5.12 in chips)
Seat 6: 22747bd4 ($5.79 in chips)
2d20dca5: posts small blind $0.02
ea4a49f1: posts big blind $0.05
*** HOLE CARDS ***
Dealt to Hero [6s Qh]
Dealt to b5e4feca 
Dealt to 2d20dca5 
Dealt to ea4a49f1 
Dealt to 22747bd4 
22747bd4: folds
Hero: folds
b5e4feca: raises $0.08 to $0.13
2d20dca5: folds
ea4a49f1: folds
Uncalled bet ($0.08) returned to b5e4feca
*** SHOWDOWN ***
b5e4feca collected $0.12 from pot
*** SUMMARY ***
Total pot $0.12 | Rake $0 | Jackpot $0 | Bingo $0 | Fortune $0 | Tax $0
Seat 2: Hero folded before Flop (didn't bet)
Seat 3: b5e4feca (button) collected ($0.12)
Seat 4: 2d20dca5 (small blind) folded before Flop
Seat 5: ea4a49f1 (big blind) folded before Flop
Seat 6: 22747bd4 folded before Flop (didn't bet)


Poker Hand #HD1602336036: Hold'em No Limit ($0.02/$0.05) - 2024/01/23 13:51:00
Table 'NLHBlue86' 6-max Seat #2 is the button
Seat 2: Hero ($5.08 in chips)
Seat 3: b5e4feca ($5.12 in chips)
Seat 4: 2d20dca5 ($7.6 in chips)
Seat 5: ea4a49f1 ($5.12 in chips)
Seat 6: 22747bd4 ($5.79 in chips)
b5e4feca: posts small blind $0.02
2d20dca5: posts big blind $0.05
*** HOLE CARDS ***
Dealt to Hero [7c Kd]
Dealt to b5e4feca 
Dealt to 2d20dca5 
Dealt to ea4a49f1 
Dealt to 22747bd4 
ea4a49f1: folds
22747bd4: folds
Hero: folds
b5e4feca: folds
Uncalled bet ($0.03) returned to 2d20dca5
*** SHOWDOWN ***
2d20dca5 collected $0.04 from pot
*** SUMMARY ***
Total pot $0.04 | Rake $0 | Jackpot $0 | Bingo $0 | Fortune $0 | Tax $0
Seat 2: Hero (button) folded before Flop (didn't bet)
Seat 3: b5e4feca (small blind) folded before Flop
Seat 4: 2d20dca5 (big blind) collected ($0.04)
Seat 5: ea4a49f1 folded before Flop (didn't bet)
Seat 6: 22747bd4 folded before Flop (didn't bet)


Poker Hand #HD1602336007: Hold'em No Limit ($0.02/$0.05) - 2024/01/23 13:50:46
Table 'NLHBlue86' 6-max Seat #6 is the button
Seat 2: Hero ($5.1 in chips)
Seat 3: b5e4feca ($5.17 in chips)
Seat 4: 2d20dca5 ($7.6 in chips)
Seat 5: ea4a49f1 ($5.12 in chips)
Seat 6: 22747bd4 ($5.72 in chips)
Hero: posts small blind $0.02
b5e4feca: posts big blind $0.05
*** HOLE CARDS ***
Dealt to Hero [Td 6h]
Dealt to b5e4feca 
Dealt to 2d20dca5 
Dealt to ea4a49f1 
Dealt to 22747bd4 
2d20dca5: folds
ea4a49f1: folds
22747bd4: raises $0.1 to $0.15
Hero: folds
b5e4feca: folds
Uncalled bet ($0.1) returned to 22747bd4
*** SHOWDOWN ***
22747bd4 collected $0.12 from pot
*** SUMMARY ***
Total pot $0.12 | Rake $0 | Jackpot $0 | Bingo $0 | Fortune $0 | Tax $0
Seat 2: Hero (small blind) folded before Flop
Seat 3: b5e4feca (big blind) folded before Flop
Seat 4: 2d20dca5 folded before Flop (didn't bet)
Seat 5: ea4a49f1 folded before Flop (didn't bet)
Seat 6: 22747bd4 (button) collected ($0.12)


Poker Hand #HD1602335977: Hold'em No Limit ($0.02/$0.05) - 2024/01/23 13:50:32
Table 'NLHBlue86' 6-max Seat #5 is the button
Seat 2: Hero ($5.15 in chips)
Seat 3: b5e4feca ($5.1 in chips)
Seat 4: 2d20dca5 ($7.6 in chips)
Seat 5: ea4a49f1 ($5.12 in chips)
Seat 6: 22747bd4 ($5.74 in chips)
22747bd4: posts small blind $0.02
Hero: posts big blind $0.05
*** HOLE CARDS ***
Dealt to Hero [4d 9h]
Dealt to b5e4feca 
Dealt to 2d20dca5 
Dealt to ea4a49f1 
Dealt to 22747bd4 
b5e4feca: raises $0.08 to $0.13
2d20dca5: folds
ea4a49f1: folds
22747bd4: folds
Hero: folds
Uncalled bet ($0.08) returned to b5e4feca
*** SHOWDOWN ***
b5e4feca collected $0.12 from pot
*** SUMMARY ***
Total pot $0.12 | Rake $0 | Jackpot $0 | Bingo $0 | Fortune $0 | Tax $0
Seat 2: Hero (big blind) folded before Flop
Seat 3: b5e4feca collected ($0.12)
Seat 4: 2d20dca5 folded before Flop (didn't bet)
Seat 5: ea4a49f1 (button) folded before Flop (didn't bet)
Seat 6: 22747bd4 (small blind) folded before Flop


Poker Hand #HD1602335953: Hold'em No Limit ($0.02/$0.05) - 2024/01/23 13:50:20
Table 'NLHBlue86' 6-max Seat #4 is the button
Seat 1: d1cfe097 ($10.17 in chips)
Seat 2: Hero ($5.08 in chips)
Seat 3: b5e4feca ($5.1 in chips)
Seat 4: 2d20dca5 ($7.6 in chips)
Seat 5: ea4a49f1 ($5.14 in chips)
Seat 6: 22747bd4 ($5.79 in chips)
ea4a49f1: posts small blind $0.02
22747bd4: posts big blind $0.05
*** HOLE CARDS ***
Dealt to d1cfe097 
Dealt to Hero [Kc Jc]
Dealt to b5e4feca 
Dealt to 2d20dca5 
Dealt to ea4a49f1 
Dealt to 22747bd4 
d1cfe097: folds
Hero: raises $0.07 to $0.12
b5e4feca: folds
2d20dca5: folds
ea4a49f1: folds
22747bd4: folds
Uncalled bet ($0.07) returned to Hero
*** SHOWDOWN ***
Hero collected $0.12 from pot
*** SUMMARY ***
Total pot $0.12 | Rake $0 | Jackpot $0 | Bingo $0 | Fortune $0 | Tax $0
Seat 1: d1cfe097 folded before Flop (didn't bet)
Seat 2: Hero collected ($0.12)
Seat 3: b5e4feca folded before Flop (didn't bet)
Seat 4: 2d20dca5 (button) folded before Flop (didn't bet)
Seat 5: ea4a49f1 (small blind) folded before Flop
Seat 6: 22747bd4 (big blind) folded before Flop


Poker Hand #HD1602335919: Hold'em No Limit ($0.02/$0.05) - 2024/01/23 13:50:05
Table 'NLHBlue86' 6-max Seat #3 is the button
Seat 1: d1cfe097 ($10.17 in chips)
Seat 2: Hero ($5.08 in chips)
Seat 3: b5e4feca ($5.03 in chips)
Seat 4: 2d20dca5 ($7.62 in chips)
Seat 5: ea4a49f1 ($5.19 in chips)
Seat 6: 22747bd4 ($5.79 in chips)
2d20dca5: posts small blind $0.02
ea4a49f1: posts big blind $0.05
*** HOLE CARDS ***
Dealt to d1cfe097 
Dealt to Hero [Tc 7d]
Dealt to b5e4feca 
Dealt to 2d20dca5 
Dealt to ea4a49f1 
Dealt to 22747bd4 
22747bd4: folds
d1cfe097: folds
Hero: folds
b5e4feca: raises $0.08 to $0.13
2d20dca5: folds
ea4a49f1: folds
Uncalled bet ($0.08) returned to b5e4feca
*** SHOWDOWN ***
b5e4feca collected $0.12 from pot
*** SUMMARY ***
Total pot $0.12 | Rake $0 | Jackpot $0 | Bingo $0 | Fortune $0 | Tax $0
Seat 1: d1cfe097 folded before Flop (didn't bet)
Seat 2: Hero folded before Flop (didn't bet)
Seat 3: b5e4feca (button) collected ($0.12)
Seat 4: 2d20dca5 (small blind) folded before Flop
Seat 5: ea4a49f1 (big blind) folded before Flop
Seat 6: 22747bd4 folded before Flop (didn't bet)


Poker Hand #HD1602335815: Hold'em No Limit ($0.02/$0.05) - 2024/01/23 13:49:15
Table 'NLHBlue86' 6-max Seat #2 is the button
Seat 1: d1cfe097 ($10 in chips)
Seat 2: Hero ($5.19 in chips)
Seat 3: b5e4feca ($5.05 in chips)
Seat 4: 2d20dca5 ($7.67 in chips)
Seat 5: ea4a49f1 ($5.19 in chips)
Seat 6: 22747bd4 ($5.79 in chips)
b5e4feca: posts small blind $0.02
2d20dca5: posts big blind $0.05
*** HOLE CARDS ***
Dealt to d1cfe097 
Dealt to Hero [6c 6d]
Dealt to b5e4feca 
Dealt to 2d20dca5 
Dealt to ea4a49f1 
Dealt to 22747bd4 
ea4a49f1: folds
22747bd4: folds
d1cfe097: raises $0.06 to $0.11
Hero: calls $0.11
b5e4feca: folds
2d20dca5: folds
*** FLOP *** [2h 9s 3s]
d1cfe097: checks
Hero: checks
*** TURN *** [2h 9s 3s] [As]
d1cfe097: checks
Hero: checks
*** RIVER *** [2h 9s 3s As] [Jc]
d1cfe097: bets $0.22
Hero: folds
Uncalled bet ($0.22) returned to d1cfe097
*** SHOWDOWN ***
d1cfe097 collected $0.28 from pot
*** SUMMARY ***
Total pot $0.29 | Rake $0.01 | Jackpot $0 | Bingo $0 | Fortune $0 | Tax $0
Board [2h 9s 3s As Jc]
Seat 1: d1cfe097 won ($0.28)
Seat 2: Hero (button) folded on the River
Seat 3: b5e4feca (small blind) folded before Flop
Seat 4: 2d20dca5 (big blind) folded before Flop
Seat 5: ea4a49f1 folded before Flop (didn't bet)
Seat 6: 22747bd4 folded before Flop (didn't bet)


Poker Hand #HD1602335714: Hold'em No Limit ($0.02/$0.05) - 2024/01/23 13:48:31
Table 'NLHBlue86' 6-max Seat #1 is the button
Seat 1: d1cfe097 ($10 in chips)
Seat 2: Hero ($5.51 in chips)
Seat 3: b5e4feca ($5.1 in chips)
Seat 4: 2d20dca5 ($7.33 in chips)
Seat 5: ea4a49f1 ($5.19 in chips)
Seat 6: 22747bd4 ($5.79 in chips)
Hero: posts small blind $0.02
b5e4feca: posts big blind $0.05
*** HOLE CARDS ***
Dealt to d1cfe097 
Dealt to Hero [Ks Qc]
Dealt to b5e4feca 
Dealt to 2d20dca5 
Dealt to ea4a49f1 
Dealt to 22747bd4 
2d20dca5: raises $0.05 to $0.1
ea4a49f1: folds
22747bd4: folds
d1cfe097: folds
Hero: raises $0.22 to $0.32
b5e4feca: folds
2d20dca5: calls $0.22
*** FLOP *** [Ts 2d 6h]
Hero: checks
2d20dca5: bets $0.32
Hero: folds
Uncalled bet ($0.32) returned to 2d20dca5
*** SHOWDOWN ***
2d20dca5 collected $0.66 from pot
*** SUMMARY ***
Total pot $0.69 | Rake $0.03 | Jackpot $0 | Bingo $0 | Fortune $0 | Tax $0
Board [Ts 2d 6h]
Seat 1: d1cfe097 (button) folded before Flop (didn't bet)
Seat 2: Hero (small blind) folded on the Flop
Seat 3: b5e4feca (big blind) folded before Flop
Seat 4: 2d20dca5 won ($0.66)
Seat 5: ea4a49f1 folded before Flop (didn't bet)
Seat 6: 22747bd4 folded before Flop (didn't bet)


Poker Hand #HD1602335698: Hold'em No Limit ($0.02/$0.05) - 2024/01/23 13:48:19
Table 'NLHBlue86' 6-max Seat #6 is the button
Seat 1: d1cfe097 ($9.95 in chips)
Seat 2: Hero ($5.56 in chips)
Seat 3: b5e4feca ($5.1 in chips)
Seat 4: 2d20dca5 ($7.33 in chips)
Seat 5: ea4a49f1 ($5.19 in chips)
Seat 6: 22747bd4 ($5.79 in chips)
d1cfe097: posts small blind $0.02
Hero: posts big blind $0.05
*** HOLE CARDS ***
Dealt to d1cfe097 
Dealt to Hero [4c Qh]
Dealt to b5e4feca 
Dealt to 2d20dca5 
Dealt to ea4a49f1 
Dealt to 22747bd4 
b5e4feca: folds
2d20dca5: folds
ea4a49f1: folds
22747bd4: folds
d1cfe097: raises $0.1 to $0.15
Hero: folds
Uncalled bet ($0.1) returned to d1cfe097
*** SHOWDOWN ***
d1cfe097 collected $0.1 from pot
*** SUMMARY ***
Total pot $0.1 | Rake $0 | Jackpot $0 | Bingo $0 | Fortune $0 | Tax $0
Seat 1: d1cfe097 (small blind) collected ($0.1)
Seat 2: Hero (big blind) folded before Flop
Seat 3: b5e4feca folded before Flop (didn't bet)
Seat 4: 2d20dca5 folded before Flop (didn't bet)
Seat 5: ea4a49f1 folded before Flop (didn't bet)
Seat 6: 22747bd4 (button) folded before Flop (didn't bet)


Poker Hand #HD1602225579: Hold'em No Limit ($0.02/$0.05) - 2024/01/23 13:47:19
Table 'NLHBlue86' 6-max Seat #5 is the button
Seat 1: d1cfe097 ($10.22 in chips)
Seat 2: Hero ($5.29 in chips)
Seat 3: b5e4feca ($5.1 in chips)
Seat 4: 2d20dca5 ($7.33 in chips)
Seat 5: ea4a49f1 ($5.19 in chips)
Seat 6: 22747bd4 ($5.81 in chips)
22747bd4: posts small blind $0.02
d1cfe097: posts big blind $0.05
*** HOLE CARDS ***
Dealt to d1cfe097 
Dealt to Hero [Jh Ad]
Dealt to b5e4feca 
Dealt to 2d20dca5 
Dealt to ea4a49f1 
Dealt to 22747bd4 
Hero: raises $0.07 to $0.12
b5e4feca: folds
2d20dca5: folds
ea4a49f1: folds
22747bd4: folds
d1cfe097: calls $0.07
*** FLOP *** [7h As Js]
d1cfe097: checks
Hero: bets $0.15
d1cfe097: calls $0.15
*** TURN *** [7h As Js] [4c]
d1cfe097: checks
Hero: bets $0.48
d1cfe097: folds
Uncalled bet ($0.48) returned to Hero
*** SHOWDOWN ***
Hero collected $0.54 from pot
*** SUMMARY ***
Total pot $0.56 | Rake $0.02 | Jackpot $0 | Bingo $0 | Fortune $0 | Tax $0
Board [7h As Js 4c]
Seat 1: d1cfe097 (big blind) folded on the Turn
Seat 2: Hero won ($0.54)
Seat 3: b5e4feca folded before Flop (didn't bet)
Seat 4: 2d20dca5 folded before Flop (didn't bet)
Seat 5: ea4a49f1 (button) folded before Flop (didn't bet)
Seat 6: 22747bd4 (small blind) folded before Flop


Poker Hand #HD1602225543: Hold'em No Limit ($0.02/$0.05) - 2024/01/23 13:47:02
Table 'NLHBlue86' 6-max Seat #4 is the button
Seat 1: d1cfe097 ($10.22 in chips)
Seat 2: Hero ($5.29 in chips)
Seat 3: b5e4feca ($5.1 in chips)
Seat 4: 2d20dca5 ($7.33 in chips)
Seat 5: ea4a49f1 ($5.21 in chips)
Seat 6: 22747bd4 ($5.79 in chips)
ea4a49f1: posts small blind $0.02
22747bd4: posts big blind $0.05
*** HOLE CARDS ***
Dealt to d1cfe097 
Dealt to Hero [4s 7s]
Dealt to b5e4feca 
Dealt to 2d20dca5 
Dealt to ea4a49f1 
Dealt to 22747bd4 
d1cfe097: folds
Hero: folds
b5e4feca: folds
2d20dca5: folds
ea4a49f1: folds
Uncalled bet ($0.03) returned to 22747bd4
*** SHOWDOWN ***
22747bd4 collected $0.04 from pot
*** SUMMARY ***
Total pot $0.04 | Rake $0 | Jackpot $0 | Bingo $0 | Fortune $0 | Tax $0
Seat 1: d1cfe097 folded before Flop (didn't bet)
Seat 2: Hero folded before Flop (didn't bet)
Seat 3: b5e4feca folded before Flop (didn't bet)
Seat 4: 2d20dca5 (button) folded before Flop (didn't bet)
Seat 5: ea4a49f1 (small blind) folded before Flop
Seat 6: 22747bd4 (big blind) collected ($0.04)


Poker Hand #HD1602225502: Hold'em No Limit ($0.02/$0.05) - 2024/01/23 13:46:42
Table 'NLHBlue86' 6-max Seat #3 is the button
Seat 1: d1cfe097 ($10.22 in chips)
Seat 2: Hero ($5.29 in chips)
Seat 3: b5e4feca ($5.1 in chips)
Seat 4: 2d20dca5 ($7.28 in chips)
Seat 5: ea4a49f1 ($5.26 in chips)
Seat 6: 22747bd4 ($5.79 in chips)
2d20dca5: posts small blind $0.02
ea4a49f1: posts big blind $0.05
*** HOLE CARDS ***
Dealt to d1cfe097 
Dealt to Hero [3c 2s]
Dealt to b5e4feca 
Dealt to 2d20dca5 
Dealt to ea4a49f1 
Dealt to 22747bd4 
22747bd4: folds
d1cfe097: folds
Hero: folds
b5e4feca: folds
2d20dca5: raises $0.05 to $0.1
ea4a49f1: folds
Uncalled bet ($0.05) returned to 2d20dca5
*** SHOWDOWN ***
2d20dca5 collected $0.1 from pot
*** SUMMARY ***
Total pot $0.1 | Rake $0 | Jackpot $0 | Bingo $0 | Fortune $0 | Tax $0
Seat 1: d1cfe097 folded before Flop (didn't bet)
Seat 2: Hero folded before Flop (didn't bet)
Seat 3: b5e4feca (button) folded before Flop (didn't bet)
Seat 4: 2d20dca5 (small blind) collected ($0.1)
Seat 5: ea4a49f1 (big blind) folded before Flop
Seat 6: 22747bd4 folded before Flop (didn't bet)


Poker Hand #HD1602225462: Hold'em No Limit ($0.02/$0.05) - 2024/01/23 13:46:26
Table 'NLHBlue86' 6-max Seat #2 is the button
Seat 1: d1cfe097 ($10.15 in chips)
Seat 2: Hero ($5.29 in chips)
Seat 3: b5e4feca ($5.12 in chips)
Seat 4: 2d20dca5 ($7.33 in chips)
Seat 5: ea4a49f1 ($5.26 in chips)
Seat 6: 22747bd4 ($5.79 in chips)
b5e4feca: posts small blind $0.02
2d20dca5: posts big blind $0.05
*** HOLE CARDS ***
Dealt to d1cfe097 
Dealt to Hero [5c Tc]
Dealt to b5e4feca 
Dealt to 2d20dca5 
Dealt to ea4a49f1 
Dealt to 22747bd4 
ea4a49f1: folds
22747bd4: folds
d1cfe097: raises $0.06 to $0.11
Hero: folds
b5e4feca: folds
2d20dca5: folds
Uncalled bet ($0.06) returned to d1cfe097
*** SHOWDOWN ***
d1cfe097 collected $0.12 from pot
*** SUMMARY ***
Total pot $0.12 | Rake $0 | Jackpot $0 | Bingo $0 | Fortune $0 | Tax $0
Seat 1: d1cfe097 collected ($0.12)
Seat 2: Hero (button) folded before Flop (didn't bet)
Seat 3: b5e4feca (small blind) folded before Flop
Seat 4: 2d20dca5 (big blind) folded before Flop
Seat 5: ea4a49f1 folded before Flop (didn't bet)
Seat 6: 22747bd4 folded before Flop (didn't bet)


Poker Hand #HD1602225445: Hold'em No Limit ($0.02/$0.05) - 2024/01/23 13:46:17
Table 'NLHBlue86' 6-max Seat #1 is the button
Seat 1: d1cfe097 ($10.15 in chips)
Seat 2: Hero ($5.31 in chips)
Seat 3: b5e4feca ($5.1 in chips)
Seat 4: 2d20dca5 ($7.33 in chips)
Seat 5: ea4a49f1 ($5.26 in chips)
Seat 6: 22747bd4 ($5.79 in chips)
Hero: posts small blind $0.02
b5e4feca: posts big blind $0.05
*** HOLE CARDS ***
Dealt to d1cfe097 
Dealt to Hero [3h Qd]
Dealt to b5e4feca 
Dealt to 2d20dca5 
Dealt to ea4a49f1 
Dealt to 22747bd4 
2d20dca5: folds
ea4a49f1: folds
22747bd4: folds
d1cfe097: folds
Hero: folds
Uncalled bet ($0.03) returned to b5e4feca
*** SHOWDOWN ***
b5e4feca collected $0.04 from pot
*** SUMMARY ***
Total pot $0.04 | Rake $0 | Jackpot $0 | Bingo $0 | Fortune $0 | Tax $0
Seat 1: d1cfe097 (button) folded before Flop (didn't bet)
Seat 2: Hero (small blind) folded before Flop
Seat 3: b5e4feca (big blind) collected ($0.04)
Seat 4: 2d20dca5 folded before Flop (didn't bet)
Seat 5: ea4a49f1 folded before Flop (didn't bet)
Seat 6: 22747bd4 folded before Flop (didn't bet)


Poker Hand #HD1602225406: Hold'em No Limit ($0.02/$0.05) - 2024/01/23 13:45:57
Table 'NLHBlue86' 6-max Seat #6 is the button
Seat 1: d1cfe097 ($10.17 in chips)
Seat 2: Hero ($5.36 in chips)
Seat 3: b5e4feca ($5.1 in chips)
Seat 4: 2d20dca5 ($7.33 in chips)
Seat 5: ea4a49f1 ($5.19 in chips)
Seat 6: 22747bd4 ($5.79 in chips)
d1cfe097: posts small blind $0.02
Hero: posts big blind $0.05
*** HOLE CARDS ***
Dealt to d1cfe097 
Dealt to Hero [8d Kh]
Dealt to b5e4feca 
Dealt to 2d20dca5 
Dealt to ea4a49f1 
Dealt to 22747bd4 
b5e4feca: folds
2d20dca5: folds
ea4a49f1: raises $0.08 to $0.13
22747bd4: folds
d1cfe097: folds
Hero: folds
Uncalled bet ($0.08) returned to ea4a49f1
*** SHOWDOWN ***
ea4a49f1 collected $0.12 from pot
*** SUMMARY ***
Total pot $0.12 | Rake $0 | Jackpot $0 | Bingo $0 | Fortune $0 | Tax $0
Seat 1: d1cfe097 (small blind) folded before Flop
Seat 2: Hero (big blind) folded before Flop
Seat 3: b5e4feca folded before Flop (didn't bet)
Seat 4: 2d20dca5 folded before Flop (didn't bet)
Seat 5: ea4a49f1 collected ($0.12)
Seat 6: 22747bd4 (button) folded before Flop (didn't bet)


Poker Hand #HD1602225373: Hold'em No Limit ($0.02/$0.05) - 2024/01/23 13:45:40
Table 'NLHBlue86' 6-max Seat #5 is the button
Seat 1: d1cfe097 ($10.22 in chips)
Seat 2: Hero ($5.36 in chips)
Seat 3: b5e4feca ($5.1 in chips)
Seat 4: 2d20dca5 ($7.26 in chips)
Seat 5: ea4a49f1 ($5.19 in chips)
Seat 6: 22747bd4 ($5.81 in chips)
22747bd4: posts small blind $0.02
d1cfe097: posts big blind $0.05
*** HOLE CARDS ***
Dealt to d1cfe097 
Dealt to Hero [6d Qd]
Dealt to b5e4feca 
Dealt to 2d20dca5 
Dealt to ea4a49f1 
Dealt to 22747bd4 
Hero: folds
b5e4feca: folds
2d20dca5: raises $0.05 to $0.1
ea4a49f1: folds
22747bd4: folds
d1cfe097: folds
Uncalled bet ($0.05) returned to 2d20dca5
*** SHOWDOWN ***
2d20dca5 collected $0.12 from pot
*** SUMMARY ***
Total pot $0.12 | Rake $0 | Jackpot $0 | Bingo $0 | Fortune $0 | Tax $0
Seat 1: d1cfe097 (big blind) folded before Flop
Seat 2: Hero folded before Flop (didn't bet)
Seat 3: b5e4feca folded before Flop (didn't bet)
Seat 4: 2d20dca5 collected ($0.12)
Seat 5: ea4a49f1 (button) folded before Flop (didn't bet)
Seat 6: 22747bd4 (small blind) folded before Flop


Poker Hand #HD1602225335: Hold'em No Limit ($0.02/$0.05) - 2024/01/23 13:45:16
Table 'NLHBlue86' 6-max Seat #4 is the button
Seat 1: d1cfe097 ($10.15 in chips)
Seat 2: Hero ($5.36 in chips)
Seat 3: b5e4feca ($5.1 in chips)
Seat 4: 2d20dca5 ($7.26 in chips)
Seat 5: ea4a49f1 ($5.21 in chips)
Seat 6: 22747bd4 ($5.86 in chips)
ea4a49f1: posts small blind $0.02
22747bd4: posts big blind $0.05
*** HOLE CARDS ***
Dealt to d1cfe097 
Dealt to Hero [Ah 3c]
Dealt to b5e4feca 
Dealt to 2d20dca5 
Dealt to ea4a49f1 
Dealt to 22747bd4 
d1cfe097: raises $0.05 to $0.1
Hero: folds
b5e4feca: folds
2d20dca5: folds
ea4a49f1: folds
22747bd4: folds
Uncalled bet ($0.05) returned to d1cfe097
*** SHOWDOWN ***
d1cfe097 collected $0.12 from pot
*** SUMMARY ***
Total pot $0.12 | Rake $0 | Jackpot $0 | Bingo $0 | Fortune $0 | Tax $0
Seat 1: d1cfe097 collected ($0.12)
Seat 2: Hero folded before Flop (didn't bet)
Seat 3: b5e4feca folded before Flop (didn't bet)
Seat 4: 2d20dca5 (button) folded before Flop (didn't bet)
Seat 5: ea4a49f1 (small blind) folded before Flop
Seat 6: 22747bd4 (big blind) folded before Flop


Poker Hand #HD1602225305: Hold'em No Limit ($0.02/$0.05) - 2024/01/23 13:45:00
Table 'NLHBlue86' 6-max Seat #3 is the button
Seat 1: d1cfe097 ($10.15 in chips)
Seat 2: Hero ($5.36 in chips)
Seat 3: b5e4feca ($5.1 in chips)
Seat 4: 2d20dca5 ($7.28 in chips)
Seat 5: ea4a49f1 ($5.26 in chips)
Seat 6: 22747bd4 ($5.79 in chips)
2d20dca5: posts small blind $0.02
ea4a49f1: posts big blind $0.05
*** HOLE CARDS ***
Dealt to d1cfe097 
Dealt to Hero [Jh 3h]
Dealt to b5e4feca 
Dealt to 2d20dca5 
Dealt to ea4a49f1 
Dealt to 22747bd4 
22747bd4: raises $0.1 to $0.15
d1cfe097: folds
Hero: folds
b5e4feca: folds
2d20dca5: folds
ea4a49f1: folds
Uncalled bet ($0.1) returned to 22747bd4
*** SHOWDOWN ***
22747bd4 collected $0.12 from pot
*** SUMMARY ***
Total pot $0.12 | Rake $0 | Jackpot $0 | Bingo $0 | Fortune $0 | Tax $0
Seat 1: d1cfe097 folded before Flop (didn't bet)
Seat 2: Hero folded before Flop (didn't bet)
Seat 3: b5e4feca (button) folded before Flop (didn't bet)
Seat 4: 2d20dca5 (small blind) folded before Flop
Seat 5: ea4a49f1 (big blind) folded before Flop
Seat 6: 22747bd4 collected ($0.12)


Poker Hand #HD1602225257: Hold'em No Limit ($0.02/$0.05) - 2024/01/23 13:44:41
Table 'NLHBlue86' 6-max Seat #2 is the button
Seat 1: d1cfe097 ($10.15 in chips)
Seat 2: Hero ($5.29 in chips)
Seat 3: b5e4feca ($5.12 in chips)
Seat 4: 2d20dca5 ($7.33 in chips)
Seat 5: ea4a49f1 ($5.26 in chips)
Seat 6: 22747bd4 ($5.79 in chips)
b5e4feca: posts small blind $0.02
2d20dca5: posts big blind $0.05
*** HOLE CARDS ***
Dealt to d1cfe097 
Dealt to Hero [Ad 9c]
Dealt to b5e4feca 
Dealt to 2d20dca5 
Dealt to ea4a49f1 
Dealt to 22747bd4 
ea4a49f1: folds
22747bd4: folds
d1cfe097: folds
Hero: raises $0.07 to $0.12
b5e4feca: folds
2d20dca5: folds
Uncalled bet ($0.07) returned to Hero
*** SHOWDOWN ***
Hero collected $0.12 from pot
*** SUMMARY ***
Total pot $0.12 | Rake $0 | Jackpot $0 | Bingo $0 | Fortune $0 | Tax $0
Seat 1: d1cfe097 folded before Flop (didn't bet)
Seat 2: Hero (button) collected ($0.12)
Seat 3: b5e4feca (small blind) folded before Flop
Seat 4: 2d20dca5 (big blind) folded before Flop
Seat 5: ea4a49f1 folded before Flop (didn't bet)
Seat 6: 22747bd4 folded before Flop (didn't bet)


Poker Hand #HD1602225227: Hold'em No Limit ($0.02/$0.05) - 2024/01/23 13:44:25
Table 'NLHBlue86' 6-max Seat #1 is the button
Seat 1: d1cfe097 ($10.15 in chips)
Seat 2: Hero ($5.24 in chips)
Seat 3: b5e4feca ($5.17 in chips)
Seat 4: 2d20dca5 ($7.33 in chips)
Seat 5: ea4a49f1 ($5.26 in chips)
Seat 6: 22747bd4 ($5.79 in chips)
Hero: posts small blind $0.02
b5e4feca: posts big blind $0.05
*** HOLE CARDS ***
Dealt to d1cfe097 
Dealt to Hero [As Tc]
Dealt to b5e4feca 
Dealt to 2d20dca5 
Dealt to ea4a49f1 
Dealt to 22747bd4 
2d20dca5: folds
ea4a49f1: folds
22747bd4: folds
d1cfe097: folds
Hero: raises $0.09 to $0.14
b5e4feca: folds
Uncalled bet ($0.09) returned to Hero
*** SHOWDOWN ***
Hero collected $0.1 from pot
*** SUMMARY ***
Total pot $0.1 | Rake $0 | Jackpot $0 | Bingo $0 | Fortune $0 | Tax $0
Seat 1: d1cfe097 (button) folded before Flop (didn't bet)
Seat 2: Hero (small blind) collected ($0.1)
Seat 3: b5e4feca (big blind) folded before Flop
Seat 4: 2d20dca5 folded before Flop (didn't bet)
Seat 5: ea4a49f1 folded before Flop (didn't bet)
Seat 6: 22747bd4 folded before Flop (didn't bet)


Poker Hand #HD1602225163: Hold'em No Limit ($0.02/$0.05) - 2024/01/23 13:43:53
Table 'NLHBlue86' 6-max Seat #6 is the button
Seat 1: d1cfe097 ($10.17 in chips)
Seat 2: Hero ($5.39 in chips)
Seat 3: b5e4feca ($5.17 in chips)
Seat 4: 2d20dca5 ($7.33 in chips)
Seat 5: ea4a49f1 ($5.26 in chips)
Seat 6: 22747bd4 ($5.63 in chips)
d1cfe097: posts small blind $0.02
Hero: posts big blind $0.05
*** HOLE CARDS ***
Dealt to d1cfe097 
Dealt to Hero [9d Ac]
Dealt to b5e4feca 
Dealt to 2d20dca5 
Dealt to ea4a49f1 
Dealt to 22747bd4 
b5e4feca: folds
2d20dca5: folds
ea4a49f1: folds
22747bd4: raises $0.1 to $0.15
d1cfe097: folds
Hero: calls $0.1
*** FLOP *** [Tc 7c Ts]
Hero: checks
22747bd4: bets $0.11
Hero: folds
Uncalled bet ($0.11) returned to 22747bd4
*** SHOWDOWN ***
22747bd4 collected $0.31 from pot
*** SUMMARY ***
Total pot $0.32 | Rake $0.01 | Jackpot $0 | Bingo $0 | Fortune $0 | Tax $0
Board [Tc 7c Ts]
Seat 1: d1cfe097 (small blind) folded before Flop
Seat 2: Hero (big blind) folded on the Flop
Seat 3: b5e4feca folded before Flop (didn't bet)
Seat 4: 2d20dca5 folded before Flop (didn't bet)
Seat 5: ea4a49f1 folded before Flop (didn't bet)
Seat 6: 22747bd4 (button) won ($0.31)


Poker Hand #HD1602225143: Hold'em No Limit ($0.02/$0.05) - 2024/01/23 13:43:42
Table 'NLHBlue86' 6-max Seat #5 is the button
Seat 1: d1cfe097 ($10.15 in chips)
Seat 2: Hero ($5.39 in chips)
Seat 3: b5e4feca ($5.17 in chips)
Seat 4: 2d20dca5 ($7.33 in chips)
Seat 5: ea4a49f1 ($5.26 in chips)
Seat 6: 22747bd4 ($5.65 in chips)
22747bd4: posts small blind $0.02
d1cfe097: posts big blind $0.05
*** HOLE CARDS ***
Dealt to d1cfe097 
Dealt to Hero [5d 8h]
Dealt to b5e4feca 
Dealt to 2d20dca5 
Dealt to ea4a49f1 
Dealt to 22747bd4 
Hero: folds
b5e4feca: folds
2d20dca5: folds
ea4a49f1: folds
22747bd4: folds
Uncalled bet ($0.03) returned to d1cfe097
*** SHOWDOWN ***
d1cfe097 collected $0.04 from pot
*** SUMMARY ***
Total pot $0.04 | Rake $0 | Jackpot $0 | Bingo $0 | Fortune $0 | Tax $0
Seat 1: d1cfe097 (big blind) collected ($0.04)
Seat 2: Hero folded before Flop (didn't bet)
Seat 3: b5e4feca folded before Flop (didn't bet)
Seat 4: 2d20dca5 folded before Flop (didn't bet)
Seat 5: ea4a49f1 (button) folded before Flop (didn't bet)
Seat 6: 22747bd4 (small blind) folded before Flop


Poker Hand #HD1602225051: Hold'em No Limit ($0.02/$0.05) - 2024/01/23 13:42:56
Table 'NLHBlue86' 6-max Seat #4 is the button
Seat 1: d1cfe097 ($10.15 in chips)
Seat 2: Hero ($5.39 in chips)
Seat 3: b5e4feca ($5.17 in chips)
Seat 4: 2d20dca5 ($7.26 in chips)
Seat 5: ea4a49f1 ($5.28 in chips)
Seat 6: 22747bd4 ($5.7 in chips)
ea4a49f1: posts small blind $0.02
22747bd4: posts big blind $0.05
*** HOLE CARDS ***
Dealt to d1cfe097 
Dealt to Hero [Qh 6h]
Dealt to b5e4feca 
Dealt to 2d20dca5 
Dealt to ea4a49f1 
Dealt to 22747bd4 
d1cfe097: folds
Hero: folds
b5e4feca: folds
2d20dca5: raises $0.05 to $0.1
ea4a49f1: folds
22747bd4: folds
Uncalled bet ($0.05) returned to 2d20dca5
*** SHOWDOWN ***
2d20dca5 collected $0.12 from pot
*** SUMMARY ***
Total pot $0.12 | Rake $0 | Jackpot $0 | Bingo $0 | Fortune $0 | Tax $0
Seat 1: d1cfe097 folded before Flop (didn't bet)
Seat 2: Hero folded before Flop (didn't bet)
Seat 3: b5e4feca folded before Flop (didn't bet)
Seat 4: 2d20dca5 (button) collected ($0.12)
Seat 5: ea4a49f1 (small blind) folded before Flop
Seat 6: 22747bd4 (big blind) folded before Flop


Poker Hand #HD1602224976: Hold'em No Limit ($0.02/$0.05) - 2024/01/23 13:42:16
Table 'NLHBlue86' 6-max Seat #3 is the button
Seat 1: d1cfe097 ($10.15 in chips)
Seat 2: Hero ($5.39 in chips)
Seat 3: b5e4feca ($5.17 in chips)
Seat 4: 2d20dca5 ($7.36 in chips)
Seat 5: ea4a49f1 ($5.19 in chips)
Seat 6: 22747bd4 ($5.7 in chips)
2d20dca5: posts small blind $0.02
ea4a49f1: posts big blind $0.05
*** HOLE CARDS ***
Dealt to d1cfe097 
Dealt to Hero [7d 8h]
Dealt to b5e4feca 
Dealt to 2d20dca5 
Dealt to ea4a49f1 
Dealt to 22747bd4 
22747bd4: folds
d1cfe097: folds
Hero: folds
b5e4feca: folds
2d20dca5: raises $0.05 to $0.1
ea4a49f1: calls $0.05
*** FLOP *** [5d 6s 8d]
2d20dca5: checks
ea4a49f1: bets $0.07
2d20dca5: folds
Uncalled bet ($0.07) returned to ea4a49f1
*** SHOWDOWN ***
ea4a49f1 collected $0.19 from pot
*** SUMMARY ***
Total pot $0.2 | Rake $0.01 | Jackpot $0 | Bingo $0 | Fortune $0 | Tax $0
Board [5d 6s 8d]
Seat 1: d1cfe097 folded before Flop (didn't bet)
Seat 2: Hero folded before Flop (didn't bet)
Seat 3: b5e4feca (button) folded before Flop (didn't bet)
Seat 4: 2d20dca5 (small blind) folded on the Flop
Seat 5: ea4a49f1 (big blind) won ($0.19)
Seat 6: 22747bd4 folded before Flop (didn't bet)


Poker Hand #HD1602224904: Hold'em No Limit ($0.02/$0.05) - 2024/01/23 13:41:40
Table 'NLHBlue86' 6-max Seat #2 is the button
Seat 1: d1cfe097 ($10.15 in chips)
Seat 2: Hero ($5.75 in chips)
Seat 3: b5e4feca ($5.19 in chips)
Seat 4: 2d20dca5 ($7.01 in chips)
Seat 5: ea4a49f1 ($5.19 in chips)
Seat 6: 22747bd4 ($5.7 in chips)
b5e4feca: posts small blind $0.02
2d20dca5: posts big blind $0.05
*** HOLE CARDS ***
Dealt to d1cfe097 
Dealt to Hero [Qd Kc]
Dealt to b5e4feca 
Dealt to 2d20dca5 
Dealt to ea4a49f1 
Dealt to 22747bd4 
ea4a49f1: folds
22747bd4: folds
d1cfe097: folds
Hero: raises $0.07 to $0.12
b5e4feca: folds
2d20dca5: raises $0.24 to $0.36
Hero: calls $0.24
*** FLOP *** [4c Ah Ad]
2d20dca5: bets $0.4
Hero: folds
Uncalled bet ($0.4) returned to 2d20dca5
*** SHOWDOWN ***
2d20dca5 collected $0.71 from pot
*** SUMMARY ***
Total pot $0.74 | Rake $0.03 | Jackpot $0 | Bingo $0 | Fortune $0 | Tax $0
Board [4c Ah Ad]
Seat 1: d1cfe097 folded before Flop (didn't bet)
Seat 2: Hero (button) folded on the Flop
Seat 3: b5e4feca (small blind) folded before Flop
Seat 4: 2d20dca5 (big blind) won ($0.71)
Seat 5: ea4a49f1 folded before Flop (didn't bet)
Seat 6: 22747bd4 folded before Flop (didn't bet)


Poker Hand #HD1602224860: Hold'em No Limit ($0.02/$0.05) - 2024/01/23 13:41:15
Table 'NLHBlue86' 6-max Seat #1 is the button
Seat 1: d1cfe097 ($10.15 in chips)
Seat 2: Hero ($5.56 in chips)
Seat 3: b5e4feca ($5.24 in chips)
Seat 4: 2d20dca5 ($7.01 in chips)
Seat 5: ea4a49f1 ($5.19 in chips)
Seat 6: 22747bd4 ($5.85 in chips)
Hero: posts small blind $0.02
b5e4feca: posts big blind $0.05
*** HOLE CARDS ***
Dealt to d1cfe097 
Dealt to Hero [Qc Ad]
Dealt to b5e4feca 
Dealt to 2d20dca5 
Dealt to ea4a49f1 
Dealt to 22747bd4 
2d20dca5: folds
ea4a49f1: folds
22747bd4: raises $0.1 to $0.15
d1cfe097: folds
Hero: raises $0.46 to $0.61
b5e4feca: folds
22747bd4: folds
Uncalled bet ($0.46) returned to Hero
*** SHOWDOWN ***
Hero collected $0.34 from pot
*** SUMMARY ***
Total pot $0.35 | Rake $0.01 | Jackpot $0 | Bingo $0 | Fortune $0 | Tax $0
Seat 1: d1cfe097 (button) folded before Flop (didn't bet)
Seat 2: Hero (small blind) collected ($0.34)
Seat 3: b5e4feca (big blind) folded before Flop
Seat 4: 2d20dca5 folded before Flop (didn't bet)
Seat 5: ea4a49f1 folded before Flop (didn't bet)
Seat 6: 22747bd4 folded before Flop


Poker Hand #HD1602224828: Hold'em No Limit ($0.02/$0.05) - 2024/01/23 13:41:02
Table 'NLHBlue86' 6-max Seat #6 is the button
Seat 1: d1cfe097 ($10.1 in chips)
Seat 2: Hero ($5.61 in chips)
Seat 3: b5e4feca ($5.24 in chips)
Seat 4: 2d20dca5 ($7.01 in chips)
Seat 5: ea4a49f1 ($5.19 in chips)
Seat 6: 22747bd4 ($5.85 in chips)
d1cfe097: posts small blind $0.02
Hero: posts big blind $0.05
*** HOLE CARDS ***
Dealt to d1cfe097 
Dealt to Hero [6s 5c]
Dealt to b5e4feca 
Dealt to 2d20dca5 
Dealt to ea4a49f1 
Dealt to 22747bd4 
b5e4feca: folds
2d20dca5: folds
ea4a49f1: folds
22747bd4: folds
d1cfe097: raises $0.1 to $0.15
Hero: folds
Uncalled bet ($0.1) returned to d1cfe097
*** SHOWDOWN ***
d1cfe097 collected $0.1 from pot
*** SUMMARY ***
Total pot $0.1 | Rake $0 | Jackpot $0 | Bingo $0 | Fortune $0 | Tax $0
Seat 1: d1cfe097 (small blind) collected ($0.1)
Seat 2: Hero (big blind) folded before Flop
Seat 3: b5e4feca folded before Flop (didn't bet)
Seat 4: 2d20dca5 folded before Flop (didn't bet)
Seat 5: ea4a49f1 folded before Flop (didn't bet)
Seat 6: 22747bd4 (button) folded before Flop (didn't bet)


Poker Hand #HD1602224801: Hold'em No Limit ($0.02/$0.05) - 2024/01/23 13:40:49
Table 'NLHBlue86' 6-max Seat #5 is the button
Seat 1: d1cfe097 ($10.15 in chips)
Seat 2: Hero ($5.61 in chips)
Seat 3: b5e4feca ($5.24 in chips)
Seat 4: 2d20dca5 ($7.01 in chips)
Seat 5: ea4a49f1 ($5.19 in chips)
Seat 6: 22747bd4 ($5.8 in chips)
22747bd4: posts small blind $0.02
d1cfe097: posts big blind $0.05
*** HOLE CARDS ***
Dealt to d1cfe097 
Dealt to Hero [6c 4h]
Dealt to b5e4feca 
Dealt to 2d20dca5 
Dealt to ea4a49f1 
Dealt to 22747bd4 
Hero: folds
b5e4feca: folds
2d20dca5: folds
ea4a49f1: folds
22747bd4: raises $0.1 to $0.15
d1cfe097: folds
Uncalled bet ($0.1) returned to 22747bd4
*** SHOWDOWN ***
22747bd4 collected $0.1 from pot
*** SUMMARY ***
Total pot $0.1 | Rake $0 | Jackpot $0 | Bingo $0 | Fortune $0 | Tax $0
Seat 1: d1cfe097 (big blind) folded before Flop
Seat 2: Hero folded before Flop (didn't bet)
Seat 3: b5e4feca folded before Flop (didn't bet)
Seat 4: 2d20dca5 folded before Flop (didn't bet)
Seat 5: ea4a49f1 (button) folded before Flop (didn't bet)
Seat 6: 22747bd4 (small blind) collected ($0.1)


Poker Hand #HD1602224746: Hold'em No Limit ($0.02/$0.05) - 2024/01/23 13:40:24
Table 'NLHBlue86' 6-max Seat #4 is the button
Seat 1: d1cfe097 ($10.15 in chips)
Seat 2: Hero ($5.61 in chips)
Seat 3: b5e4feca ($5.24 in chips)
Seat 4: 2d20dca5 ($7.01 in chips)
Seat 5: ea4a49f1 ($5.21 in chips)
Seat 6: 22747bd4 ($5.78 in chips)
ea4a49f1: posts small blind $0.02
22747bd4: posts big blind $0.05
*** HOLE CARDS ***
Dealt to d1cfe097 
Dealt to Hero [2c Ad]
Dealt to b5e4feca 
Dealt to 2d20dca5 
Dealt to ea4a49f1 
Dealt to 22747bd4 
d1cfe097: folds
Hero: folds
b5e4feca: folds
2d20dca5: folds
ea4a49f1: folds
Uncalled bet ($0.03) returned to 22747bd4
*** SHOWDOWN ***
22747bd4 collected $0.04 from pot
*** SUMMARY ***
Total pot $0.04 | Rake $0 | Jackpot $0 | Bingo $0 | Fortune $0 | Tax $0
Seat 1: d1cfe097 folded before Flop (didn't bet)
Seat 2: Hero folded before Flop (didn't bet)
Seat 3: b5e4feca folded before Flop (didn't bet)
Seat 4: 2d20dca5 (button) folded before Flop (didn't bet)
Seat 5: ea4a49f1 (small blind) folded before Flop
Seat 6: 22747bd4 (big blind) collected ($0.04)


Poker Hand #HD1602224700: Hold'em No Limit ($0.02/$0.05) - 2024/01/23 13:40:04
Table 'NLHBlue86' 6-max Seat #3 is the button
Seat 1: d1cfe097 ($10.15 in chips)
Seat 2: Hero ($5.61 in chips)
Seat 3: b5e4feca ($5.24 in chips)
Seat 4: 2d20dca5 ($6.96 in chips)
Seat 5: ea4a49f1 ($5.26 in chips)
Seat 6: 22747bd4 ($5.78 in chips)
2d20dca5: posts small blind $0.02
ea4a49f1: posts big blind $0.05
*** HOLE CARDS ***
Dealt to d1cfe097 
Dealt to Hero [Jh 3h]
Dealt to b5e4feca 
Dealt to 2d20dca5 
Dealt to ea4a49f1 
Dealt to 22747bd4 
22747bd4: folds
d1cfe097: folds
Hero: folds
b5e4feca: folds
2d20dca5: raises $0.05 to $0.1
ea4a49f1: folds
Uncalled bet ($0.05) returned to 2d20dca5
*** SHOWDOWN ***
2d20dca5 collected $0.1 from pot
*** SUMMARY ***
Total pot $0.1 | Rake $0 | Jackpot $0 | Bingo $0 | Fortune $0 | Tax $0
Seat 1: d1cfe097 folded before Flop (didn't bet)
Seat 2: Hero folded before Flop (didn't bet)
Seat 3: b5e4feca (button) folded before Flop (didn't bet)
Seat 4: 2d20dca5 (small blind) collected ($0.1)
Seat 5: ea4a49f1 (big blind) folded before Flop
Seat 6: 22747bd4 folded before Flop (didn't bet)


Poker Hand #HD1602224561: Hold'em No Limit ($0.02/$0.05) - 2024/01/23 13:38:57
Table 'NLHBlue86' 6-max Seat #2 is the button
Seat 1: d1cfe097 ($10.91 in chips)
Seat 2: Hero ($5.61 in chips)
Seat 3: b5e4feca ($5.26 in chips)
Seat 4: 2d20dca5 ($7.01 in chips)
Seat 5: ea4a49f1 ($5.26 in chips)
Seat 6: 22747bd4 ($5.07 in chips)
b5e4feca: posts small blind $0.02
2d20dca5: posts big blind $0.05
*** HOLE CARDS ***
Dealt to d1cfe097 
Dealt to Hero [2s Th]
Dealt to b5e4feca 
Dealt to 2d20dca5 
Dealt to ea4a49f1 
Dealt to 22747bd4 
ea4a49f1: folds
22747bd4: raises $0.1 to $0.15
d1cfe097: raises $0.29 to $0.44
Hero: folds
b5e4feca: folds
2d20dca5: folds
22747bd4: calls $0.29
*** FLOP *** [Jd 3h Ks]
22747bd4: checks
d1cfe097: bets $0.32
22747bd4: calls $0.32
*** TURN *** [Jd 3h Ks] [9s]
22747bd4: checks
d1cfe097: checks
*** RIVER *** [Jd 3h Ks 9s] [Kh]
22747bd4: bets $0.8
d1cfe097: folds
Uncalled bet ($0.8) returned to 22747bd4
*** SHOWDOWN ***
22747bd4 collected $1.47 from pot
*** SUMMARY ***
Total pot $1.59 | Rake $0.07 | Jackpot $0.05 | Bingo $0 | Fortune $0 | Tax $0
Board [Jd 3h Ks 9s Kh]
Seat 1: d1cfe097 folded on the River
Seat 2: Hero (button) folded before Flop (didn't bet)
Seat 3: b5e4feca (small blind) folded before Flop
Seat 4: 2d20dca5 (big blind) folded before Flop
Seat 5: ea4a49f1 folded before Flop (didn't bet)
Seat 6: 22747bd4 won ($1.47)


Poker Hand #HD1602224534: Hold'em No Limit ($0.02/$0.05) - 2024/01/23 13:38:46
Table 'NLHBlue86' 6-max Seat #1 is the button
Seat 1: d1cfe097 ($10.91 in chips)
Seat 2: Hero ($5.63 in chips)
Seat 3: b5e4feca ($5.31 in chips)
Seat 4: 2d20dca5 ($7.01 in chips)
Seat 5: ea4a49f1 ($5.19 in chips)
Seat 6: 22747bd4 ($5.07 in chips)
Hero: posts small blind $0.02
b5e4feca: posts big blind $0.05
*** HOLE CARDS ***
Dealt to d1cfe097 
Dealt to Hero [8d Qd]
Dealt to b5e4feca 
Dealt to 2d20dca5 
Dealt to ea4a49f1 
Dealt to 22747bd4 
2d20dca5: folds
ea4a49f1: raises $0.08 to $0.13
22747bd4: folds
d1cfe097: folds
Hero: folds
b5e4feca: folds
Uncalled bet ($0.08) returned to ea4a49f1
*** SHOWDOWN ***
ea4a49f1 collected $0.12 from pot
*** SUMMARY ***
Total pot $0.12 | Rake $0 | Jackpot $0 | Bingo $0 | Fortune $0 | Tax $0
Seat 1: d1cfe097 (button) folded before Flop (didn't bet)
Seat 2: Hero (small blind) folded before Flop
Seat 3: b5e4feca (big blind) folded before Flop
Seat 4: 2d20dca5 folded before Flop (didn't bet)
Seat 5: ea4a49f1 collected ($0.12)
Seat 6: 22747bd4 folded before Flop (didn't bet)


Poker Hand #HD1602224506: Hold'em No Limit ($0.02/$0.05) - 2024/01/23 13:38:30
Table 'NLHBlue86' 6-max Seat #6 is the button
Seat 1: d1cfe097 ($10.93 in chips)
Seat 2: Hero ($5.68 in chips)
Seat 3: b5e4feca ($5.31 in chips)
Seat 4: 2d20dca5 ($7.01 in chips)
Seat 5: ea4a49f1 ($5.19 in chips)
Seat 6: 22747bd4 ($5 in chips)
d1cfe097: posts small blind $0.02
Hero: posts big blind $0.05
*** HOLE CARDS ***
Dealt to d1cfe097 
Dealt to Hero [Tc 4s]
Dealt to b5e4feca 
Dealt to 2d20dca5 
Dealt to ea4a49f1 
Dealt to 22747bd4 
b5e4feca: folds
2d20dca5: folds
ea4a49f1: folds
22747bd4: raises $0.1 to $0.15
d1cfe097: folds
Hero: folds
Uncalled bet ($0.1) returned to 22747bd4
*** SHOWDOWN ***
22747bd4 collected $0.12 from pot
*** SUMMARY ***
Total pot $0.12 | Rake $0 | Jackpot $0 | Bingo $0 | Fortune $0 | Tax $0
Seat 1: d1cfe097 (small blind) folded before Flop
Seat 2: Hero (big blind) folded before Flop
Seat 3: b5e4feca folded before Flop (didn't bet)
Seat 4: 2d20dca5 folded before Flop (didn't bet)
Seat 5: ea4a49f1 folded before Flop (didn't bet)
Seat 6: 22747bd4 (button) collected ($0.12)


Poker Hand #HD1602224400: Hold'em No Limit ($0.02/$0.05) - 2024/01/23 13:37:46
Table 'NLHBlue86' 6-max Seat #5 is the button
Seat 1: d1cfe097 ($10.98 in chips)
Seat 2: Hero ($5.68 in chips)
Seat 3: b5e4feca ($5.31 in chips)
Seat 4: 2d20dca5 ($6.79 in chips)
Seat 5: ea4a49f1 ($5.19 in chips)
Seat 6: 22747bd4 ($5 in chips)
22747bd4: posts small blind $0.02
d1cfe097: posts big blind $0.05
*** HOLE CARDS ***
Dealt to d1cfe097 
Dealt to Hero [4c 3h]
Dealt to b5e4feca 
Dealt to 2d20dca5 
Dealt to ea4a49f1 
Dealt to 22747bd4 
Hero: folds
b5e4feca: folds
2d20dca5: raises $0.05 to $0.1
ea4a49f1: folds
22747bd4: calls $0.08
d1cfe097: folds
*** FLOP *** [5h 3d 4h]
22747bd4: checks
2d20dca5: checks
*** TURN *** [5h 3d 4h] [8c]
22747bd4: bets $0.09
2d20dca5: calls $0.09
*** RIVER *** [5h 3d 4h 8c] [9h]
22747bd4: checks
2d20dca5: bets $0.33
22747bd4: folds
Uncalled bet ($0.33) returned to 2d20dca5
*** SHOWDOWN ***
2d20dca5 collected $0.41 from pot
*** SUMMARY ***
Total pot $0.43 | Rake $0.02 | Jackpot $0 | Bingo $0 | Fortune $0 | Tax $0
Board [5h 3d 4h 8c 9h]
Seat 1: d1cfe097 (big blind) folded before Flop
Seat 2: Hero folded before Flop (didn't bet)
Seat 3: b5e4feca folded before Flop (didn't bet)
Seat 4: 2d20dca5 won ($0.41)
Seat 5: ea4a49f1 (button) folded before Flop (didn't bet)
Seat 6: 22747bd4 (small blind) folded on the River


Poker Hand #HD1602224368: Hold'em No Limit ($0.02/$0.05) - 2024/01/23 13:37:34
Table 'NLHBlue86' 6-max Seat #4 is the button
Seat 1: d1cfe097 ($10.98 in chips)
Seat 2: Hero ($5.68 in chips)
Seat 3: b5e4feca ($5.31 in chips)
Seat 4: 2d20dca5 ($6.79 in chips)
Seat 5: ea4a49f1 ($5.14 in chips)
Seat 6: 22747bd4 ($5 in chips)
ea4a49f1: posts small blind $0.02
22747bd4: posts big blind $0.05
*** HOLE CARDS ***
Dealt to d1cfe097 
Dealt to Hero [Qh 6c]
Dealt to b5e4feca 
Dealt to 2d20dca5 
Dealt to ea4a49f1 
Dealt to 22747bd4 
d1cfe097: folds
Hero: folds
b5e4feca: folds
2d20dca5: folds
ea4a49f1: raises $0.08 to $0.13
22747bd4: folds
Uncalled bet ($0.08) returned to ea4a49f1
*** SHOWDOWN ***
ea4a49f1 collected $0.1 from pot
*** SUMMARY ***
Total pot $0.1 | Rake $0 | Jackpot $0 | Bingo $0 | Fortune $0 | Tax $0
Seat 1: d1cfe097 folded before Flop (didn't bet)
Seat 2: Hero folded before Flop (didn't bet)
Seat 3: b5e4feca folded before Flop (didn't bet)
Seat 4: 2d20dca5 (button) folded before Flop (didn't bet)
Seat 5: ea4a49f1 (small blind) collected ($0.1)
Seat 6: 22747bd4 (big blind) folded before Flop


Poker Hand #HD1602224219: Hold'em No Limit ($0.02/$0.05) - 2024/01/23 13:36:23
Table 'NLHBlue86' 6-max Seat #3 is the button
Seat 1: d1cfe097 ($11.19 in chips)
Seat 2: Hero ($5.68 in chips)
Seat 3: b5e4feca ($5 in chips)
Seat 4: 2d20dca5 ($6.81 in chips)
Seat 5: ea4a49f1 ($5.24 in chips)
Seat 6: 22747bd4 ($5 in chips)
2d20dca5: posts small blind $0.02
ea4a49f1: posts big blind $0.05
*** HOLE CARDS ***
Dealt to d1cfe097 
Dealt to Hero [6c 6h]
Dealt to b5e4feca 
Dealt to 2d20dca5 
Dealt to ea4a49f1 
Dealt to 22747bd4 
22747bd4: folds
d1cfe097: raises $0.05 to $0.1
Hero: folds
b5e4feca: calls $0.1
2d20dca5: folds
ea4a49f1: calls $0.05
*** FLOP *** [Ks Kd 7h]
ea4a49f1: checks
d1cfe097: bets $0.11
b5e4feca: calls $0.11
ea4a49f1: folds
*** TURN *** [Ks Kd 7h] [4s]
d1cfe097: checks
b5e4feca: checks
*** RIVER *** [Ks Kd 7h 4s] [Qc]
d1cfe097: checks
b5e4feca: checks
d1cfe097: shows [Ad Td] (Pair of Kings)
b5e4feca: shows [9c 9h] (Pair of Kings and Pair of Nines)
*** SHOWDOWN ***
b5e4feca collected $0.52 from pot
*** SUMMARY ***
Total pot $0.54 | Rake $0.02 | Jackpot $0 | Bingo $0 | Fortune $0 | Tax $0
Board [Ks Kd 7h 4s Qc]
Seat 1: d1cfe097 showed [Ad Td] and lost with Pair of Kings
Seat 2: Hero folded before Flop (didn't bet)
Seat 3: b5e4feca (button) showed [9c 9h] and won ($0.52) with Pair of Kings and Pair of Nines
Seat 4: 2d20dca5 (small blind) folded before Flop
Seat 5: ea4a49f1 (big blind) folded on the Flop
Seat 6: 22747bd4 folded before Flop (didn't bet)


Poker Hand #HD1602224191: Hold'em No Limit ($0.02/$0.05) - 2024/01/23 13:36:09
Table 'NLHBlue86' 6-max Seat #2 is the button
Seat 1: d1cfe097 ($11.19 in chips)
Seat 2: Hero ($5.68 in chips)
Seat 3: b5e4feca ($5 in chips)
Seat 4: 2d20dca5 ($6.86 in chips)
Seat 5: ea4a49f1 ($5.17 in chips)
Seat 6: 22747bd4 ($5 in chips)
b5e4feca: posts small blind $0.02
2d20dca5: posts big blind $0.05
*** HOLE CARDS ***
Dealt to d1cfe097 
Dealt to Hero [9h Ac]
Dealt to b5e4feca 
Dealt to 2d20dca5 
Dealt to ea4a49f1 
Dealt to 22747bd4 
ea4a49f1: raises $0.08 to $0.13
22747bd4: folds
d1cfe097: folds
Hero: folds
b5e4feca: folds
2d20dca5: folds
Uncalled bet ($0.08) returned to ea4a49f1
*** SHOWDOWN ***
ea4a49f1 collected $0.12 from pot
*** SUMMARY ***
Total pot $0.12 | Rake $0 | Jackpot $0 | Bingo $0 | Fortune $0 | Tax $0
Seat 1: d1cfe097 folded before Flop (didn't bet)
Seat 2: Hero (button) folded before Flop (didn't bet)
Seat 3: b5e4feca (small blind) folded before Flop
Seat 4: 2d20dca5 (big blind) folded before Flop
Seat 5: ea4a49f1 collected ($0.12)
Seat 6: 22747bd4 folded before Flop (didn't bet)


Poker Hand #HD1602224134: Hold'em No Limit ($0.02/$0.05) - 2024/01/23 13:35:46
Table 'NLHBlue86' 6-max Seat #1 is the button
Seat 1: d1cfe097 ($11 in chips)
Seat 2: Hero ($5.7 in chips)
Seat 3: b5e4feca ($5 in chips)
Seat 4: 2d20dca5 ($6.86 in chips)
Seat 5: ea4a49f1 ($5.3 in chips)
Seat 6: 22747bd4 ($5 in chips)
Hero: posts small blind $0.02
b5e4feca: posts big blind $0.05
*** HOLE CARDS ***
Dealt to d1cfe097 
Dealt to Hero [Ah Ts]
Dealt to b5e4feca 
Dealt to 2d20dca5 
Dealt to ea4a49f1 
Dealt to 22747bd4 
2d20dca5: folds
ea4a49f1: raises $0.08 to $0.13
22747bd4: folds
d1cfe097: raises $0.27 to $0.4
Hero: folds
b5e4feca: folds
ea4a49f1: folds
Uncalled bet ($0.27) returned to d1cfe097
*** SHOWDOWN ***
d1cfe097 collected $0.32 from pot
*** SUMMARY ***
Total pot $0.33 | Rake $0.01 | Jackpot $0 | Bingo $0 | Fortune $0 | Tax $0
Seat 1: d1cfe097 (button) collected ($0.32)
Seat 2: Hero (small blind) folded before Flop
Seat 3: b5e4feca (big blind) folded before Flop
Seat 4: 2d20dca5 folded before Flop (didn't bet)
Seat 5: ea4a49f1 folded before Flop
Seat 6: 22747bd4 folded before Flop (didn't bet)


Poker Hand #HD1602223984: Hold'em No Limit ($0.02/$0.05) - 2024/01/23 13:34:38
Table 'NLHBlue86' 6-max Seat #6 is the button
Seat 1: d1cfe097 ($11.15 in chips)
Seat 2: Hero ($5.56 in chips)
Seat 3: b5e4feca ($5 in chips)
Seat 4: 2d20dca5 ($6.86 in chips)
Seat 5: ea4a49f1 ($5.3 in chips)
Seat 6: 22747bd4 ($5 in chips)
d1cfe097: posts small blind $0.02
Hero: posts big blind $0.05
*** HOLE CARDS ***
Dealt to d1cfe097 
Dealt to Hero [Ts Qh]
Dealt to b5e4feca 
Dealt to 2d20dca5 
Dealt to ea4a49f1 
Dealt to 22747bd4 
b5e4feca: folds
2d20dca5: folds
ea4a49f1: folds
22747bd4: folds
d1cfe097: raises $0.1 to $0.15
Hero: calls $0.1
*** FLOP *** [7s 4d Ah]
d1cfe097: checks
Hero: checks
*** TURN *** [7s 4d Ah] [2h]
d1cfe097: checks
Hero: checks
*** RIVER *** [7s 4d Ah 2h] [Tc]
d1cfe097: checks
Hero: bets $0.17
d1cfe097: folds
Uncalled bet ($0.17) returned to Hero
*** SHOWDOWN ***
Hero collected $0.29 from pot
*** SUMMARY ***
Total pot $0.3 | Rake $0.01 | Jackpot $0 | Bingo $0 | Fortune $0 | Tax $0
Board [7s 4d Ah 2h Tc]
Seat 1: d1cfe097 (small blind) folded on the River
Seat 2: Hero (big blind) won ($0.29)
Seat 3: b5e4feca folded before Flop (didn't bet)
Seat 4: 2d20dca5 folded before Flop (didn't bet)
Seat 5: ea4a49f1 folded before Flop (didn't bet)
Seat 6: 22747bd4 (button) folded before Flop (didn't bet)


Poker Hand #HD1602223963: Hold'em No Limit ($0.02/$0.05) - 2024/01/23 13:34:30
Table 'NLHBlue86' 6-max Seat #5 is the button
Seat 1: d1cfe097 ($11.13 in chips)
Seat 2: Hero ($5.56 in chips)
Seat 3: b5e4feca ($5 in chips)
Seat 4: 2d20dca5 ($6.86 in chips)
Seat 5: ea4a49f1 ($5.3 in chips)
Seat 6: 22747bd4 ($5 in chips)
22747bd4: posts small blind $0.02
d1cfe097: posts big blind $0.05
*** HOLE CARDS ***
Dealt to d1cfe097 
Dealt to Hero [Ah 5s]
Dealt to b5e4feca 
Dealt to 2d20dca5 
Dealt to ea4a49f1 
Dealt to 22747bd4 
Hero: folds
b5e4feca: folds
2d20dca5: folds
ea4a49f1: folds
22747bd4: folds
Uncalled bet ($0.03) returned to d1cfe097
*** SHOWDOWN ***
d1cfe097 collected $0.04 from pot
*** SUMMARY ***
Total pot $0.04 | Rake $0 | Jackpot $0 | Bingo $0 | Fortune $0 | Tax $0
Seat 1: d1cfe097 (big blind) collected ($0.04)
Seat 2: Hero folded before Flop (didn't bet)
Seat 3: b5e4feca folded before Flop (didn't bet)
Seat 4: 2d20dca5 folded before Flop (didn't bet)
Seat 5: ea4a49f1 (button) folded before Flop (didn't bet)
Seat 6: 22747bd4 (small blind) folded before Flop


Poker Hand #HD1602223919: Hold'em No Limit ($0.02/$0.05) - 2024/01/23 13:34:09
Table 'NLHBlue86' 6-max Seat #4 is the button
Seat 1: d1cfe097 ($11.13 in chips)
Seat 2: Hero ($5.56 in chips)
Seat 3: b5e4feca ($5 in chips)
Seat 4: 2d20dca5 ($6.96 in chips)
Seat 5: ea4a49f1 ($5.16 in chips)
Seat 6: 22747bd4 ($5 in chips)
ea4a49f1: posts small blind $0.02
22747bd4: posts big blind $0.05
*** HOLE CARDS ***
Dealt to d1cfe097 
Dealt to Hero [Td 8d]
Dealt to b5e4feca 
Dealt to 2d20dca5 
Dealt to ea4a49f1 
Dealt to 22747bd4 
d1cfe097: folds
Hero: folds
b5e4feca: folds
2d20dca5: raises $0.05 to $0.1
ea4a49f1: raises $0.39 to $0.49
22747bd4: folds
2d20dca5: folds
Uncalled bet ($0.39) returned to ea4a49f1
*** SHOWDOWN ***
ea4a49f1 collected $0.24 from pot
*** SUMMARY ***
Total pot $0.25 | Rake $0.01 | Jackpot $0 | Bingo $0 | Fortune $0 | Tax $0
Seat 1: d1cfe097 folded before Flop (didn't bet)
Seat 2: Hero folded before Flop (didn't bet)
Seat 3: b5e4feca folded before Flop (didn't bet)
Seat 4: 2d20dca5 (button) folded before Flop
Seat 5: ea4a49f1 (small blind) collected ($0.24)
Seat 6: 22747bd4 (big blind) folded before Flop


Poker Hand #HD1602223898: Hold'em No Limit ($0.02/$0.05) - 2024/01/23 13:33:59
Table 'NLHBlue86' 6-max Seat #3 is the button
Seat 1: d1cfe097 ($11.13 in chips)
Seat 2: Hero ($5.56 in chips)
Seat 3: b5e4feca ($5 in chips)
Seat 4: 2d20dca5 ($6.98 in chips)
Seat 5: ea4a49f1 ($5.14 in chips)
Seat 6: 22747bd4 ($5 in chips)
2d20dca5: posts small blind $0.02
ea4a49f1: posts big blind $0.05
*** HOLE CARDS ***
Dealt to d1cfe097 
Dealt to Hero [Jd 2s]
Dealt to b5e4feca 
Dealt to 2d20dca5 
Dealt to ea4a49f1 
Dealt to 22747bd4 
22747bd4: folds
d1cfe097: folds
Hero: folds
b5e4feca: folds
2d20dca5: folds
Uncalled bet ($0.03) returned to ea4a49f1
*** SHOWDOWN ***
ea4a49f1 collected $0.04 from pot
*** SUMMARY ***
Total pot $0.04 | Rake $0 | Jackpot $0 | Bingo $0 | Fortune $0 | Tax $0
Seat 1: d1cfe097 folded before Flop (didn't bet)
Seat 2: Hero folded before Flop (didn't bet)
Seat 3: b5e4feca (button) folded before Flop (didn't bet)
Seat 4: 2d20dca5 (small blind) folded before Flop
Seat 5: ea4a49f1 (big blind) collected ($0.04)
Seat 6: 22747bd4 folded before Flop (didn't bet)


Poker Hand #HD1602223805: Hold'em No Limit ($0.02/$0.05) - 2024/01/23 13:33:11
Table 'NLHBlue86' 6-max Seat #2 is the button
Seat 1: d1cfe097 ($11.47 in chips)
Seat 2: Hero ($5.56 in chips)
Seat 3: b5e4feca ($5 in chips)
Seat 4: 2d20dca5 ($6.65 in chips)
Seat 5: ea4a49f1 ($5.14 in chips)
Seat 6: 22747bd4 ($5 in chips)
b5e4feca: posts small blind $0.02
2d20dca5: posts big blind $0.05
*** HOLE CARDS ***
Dealt to d1cfe097 
Dealt to Hero [6h Ts]
Dealt to b5e4feca 
Dealt to 2d20dca5 
Dealt to ea4a49f1 
Dealt to 22747bd4 
ea4a49f1: folds
22747bd4: folds
d1cfe097: raises $0.06 to $0.11
Hero: folds
b5e4feca: folds
2d20dca5: raises $0.23 to $0.34
d1cfe097: calls $0.23
*** FLOP *** [6d As 3d]
2d20dca5: bets $0.3
d1cfe097: folds
Uncalled bet ($0.3) returned to 2d20dca5
*** SHOWDOWN ***
2d20dca5 collected $0.67 from pot
*** SUMMARY ***
Total pot $0.7 | Rake $0.03 | Jackpot $0 | Bingo $0 | Fortune $0 | Tax $0
Board [6d As 3d]
Seat 1: d1cfe097 folded on the Flop
Seat 2: Hero (button) folded before Flop (didn't bet)
Seat 3: b5e4feca (small blind) folded before Flop
Seat 4: 2d20dca5 (big blind) won ($0.67)
Seat 5: ea4a49f1 folded before Flop (didn't bet)
Seat 6: 22747bd4 folded before Flop (didn't bet)


Poker Hand #HD1602223733: Hold'em No Limit ($0.02/$0.05) - 2024/01/23 13:32:35
Table 'NLHBlue86' 6-max Seat #1 is the button
Seat 1: d1cfe097 ($11.47 in chips)
Seat 2: Hero ($5.58 in chips)
Seat 3: b5e4feca ($5.05 in chips)
Seat 4: 2d20dca5 ($6.65 in chips)
Seat 5: ea4a49f1 ($5 in chips)
Seat 6: 22747bd4 ($5 in chips)
Hero: posts small blind $0.02
b5e4feca: posts big blind $0.05
*** HOLE CARDS ***
Dealt to d1cfe097 
Dealt to Hero [5s Tc]
Dealt to b5e4feca 
Dealt to 2d20dca5 
Dealt to ea4a49f1 
Dealt to 22747bd4 
2d20dca5: folds
ea4a49f1: raises $0.08 to $0.13
22747bd4: folds
d1cfe097: folds
Hero: folds
b5e4feca: calls $0.08
*** FLOP *** [3c 5c 5h]
b5e4feca: checks
ea4a49f1: checks
*** TURN *** [3c 5c 5h] [3d]
b5e4feca: checks
ea4a49f1: checks
*** RIVER *** [3c 5c 5h 3d] [7s]
b5e4feca: checks
ea4a49f1: checks
b5e4feca: shows [Qh Kh] (Pair of Fives and Pair of Treys)
ea4a49f1: shows [Ah 9h] (Pair of Fives and Pair of Treys)
*** SHOWDOWN ***
ea4a49f1 collected $0.27 from pot
*** SUMMARY ***
Total pot $0.28 | Rake $0.01 | Jackpot $0 | Bingo $0 | Fortune $0 | Tax $0
Board [3c 5c 5h 3d 7s]
Seat 1: d1cfe097 (button) folded before Flop (didn't bet)
Seat 2: Hero (small blind) folded before Flop
Seat 3: b5e4feca (big blind) showed [Qh Kh] and lost with Pair of Fives and Pair of Treys
Seat 4: 2d20dca5 folded before Flop (didn't bet)
Seat 5: ea4a49f1 showed [Ah 9h] and won ($0.27) with Pair of Fives and Pair of Treys
Seat 6: 22747bd4 folded before Flop (didn't bet)


Poker Hand #HD1602223707: Hold'em No Limit ($0.02/$0.05) - 2024/01/23 13:32:24
Table 'NLHBlue86' 6-max Seat #6 is the button
Seat 1: d1cfe097 ($11.49 in chips)
Seat 2: Hero ($5.56 in chips)
Seat 3: b5e4feca ($5.05 in chips)
Seat 4: 2d20dca5 ($6.65 in chips)
Seat 5: ea4a49f1 ($5 in chips)
Seat 6: 22747bd4 ($5 in chips)
d1cfe097: posts small blind $0.02
Hero: posts big blind $0.05
*** HOLE CARDS ***
Dealt to d1cfe097 
Dealt to Hero [7c 5s]
Dealt to b5e4feca 
Dealt to 2d20dca5 
Dealt to ea4a49f1 
Dealt to 22747bd4 
b5e4feca: folds
2d20dca5: folds
ea4a49f1: folds
22747bd4: folds
d1cfe097: folds
Uncalled bet ($0.03) returned to Hero
*** SHOWDOWN ***
Hero collected $0.04 from pot
*** SUMMARY ***
Total pot $0.04 | Rake $0 | Jackpot $0 | Bingo $0 | Fortune $0 | Tax $0
Seat 1: d1cfe097 (small blind) folded before Flop
Seat 2: Hero (big blind) collected ($0.04)
Seat 3: b5e4feca folded before Flop (didn't bet)
Seat 4: 2d20dca5 folded before Flop (didn't bet)
Seat 5: ea4a49f1 folded before Flop (didn't bet)
Seat 6: 22747bd4 (button) folded before Flop (didn't bet)


Poker Hand #HD1602223545: Hold'em No Limit ($0.02/$0.05) - 2024/01/23 13:31:06
Table 'NLHBlue86' 6-max Seat #5 is the button
Seat 1: d1cfe097 ($11.69 in chips)
Seat 2: Hero ($5.56 in chips)
Seat 3: b5e4feca ($5.05 in chips)
Seat 4: 2d20dca5 ($6.45 in chips)
Seat 5: ea4a49f1 ($5 in chips)
Seat 6: 22747bd4 ($5 in chips)
22747bd4: posts small blind $0.02
d1cfe097: posts big blind $0.05
2d20dca5: posts missed blind $0.02
*** HOLE CARDS ***
Dealt to d1cfe097 
Dealt to Hero [5d Qd]
Dealt to b5e4feca 
Dealt to 2d20dca5 
Dealt to ea4a49f1 
Dealt to 22747bd4 
Hero: folds
b5e4feca: folds
2d20dca5: raises $0.05 to $0.1
ea4a49f1: folds
22747bd4: folds
d1cfe097: calls $0.05
*** FLOP *** [3s 8h 6h]
d1cfe097: checks
2d20dca5: checks
*** TURN *** [3s 8h 6h] [3h]
d1cfe097: checks
2d20dca5: bets $0.1
d1cfe097: calls $0.1
*** RIVER *** [3s 8h 6h 3h] [Ks]
d1cfe097: checks
2d20dca5: bets $0.3
d1cfe097: folds
Uncalled bet ($0.3) returned to 2d20dca5
*** SHOWDOWN ***
2d20dca5 collected $0.42 from pot
*** SUMMARY ***
Total pot $0.44 | Rake $0.02 | Jackpot $0 | Bingo $0 | Fortune $0 | Tax $0
Board [3s 8h 6h 3h Ks]
Seat 1: d1cfe097 (big blind) folded on the River
Seat 2: Hero folded before Flop (didn't bet)
Seat 3: b5e4feca folded before Flop (didn't bet)
Seat 4: 2d20dca5 won ($0.42)
Seat 5: ea4a49f1 (button) folded before Flop (didn't bet)
Seat 6: 22747bd4 (small blind) folded before Flop


Poker Hand #HD1602223502: Hold'em No Limit ($0.02/$0.05) - 2024/01/23 13:30:42
Table 'NLHBlue86' 6-max Seat #3 is the button
Seat 1: d1cfe097 ($11.62 in chips)
Seat 2: Hero ($5.56 in chips)
Seat 3: b5e4feca ($5.05 in chips)
Seat 5: ea4a49f1 ($5 in chips)
Seat 6: 22747bd4 ($5 in chips)
ea4a49f1: posts small blind $0.02
22747bd4: posts big blind $0.05
*** HOLE CARDS ***
Dealt to d1cfe097 
Dealt to Hero [Qs 7h]
Dealt to b5e4feca 
Dealt to ea4a49f1 
Dealt to 22747bd4 
d1cfe097: raises $0.05 to $0.1
Hero: folds
b5e4feca: folds
ea4a49f1: folds
22747bd4: folds
Uncalled bet ($0.05) returned to d1cfe097
*** SHOWDOWN ***
d1cfe097 collected $0.12 from pot
*** SUMMARY ***
Total pot $0.12 | Rake $0 | Jackpot $0 | Bingo $0 | Fortune $0 | Tax $0
Seat 1: d1cfe097 collected ($0.12)
Seat 2: Hero folded before Flop (didn't bet)
Seat 3: b5e4feca (button) folded before Flop (didn't bet)
Seat 5: ea4a49f1 (small blind) folded before Flop
Seat 6: 22747bd4 (big blind) folded before Flop


Poker Hand #HD1602223440: Hold'em No Limit ($0.02/$0.05) - 2024/01/23 13:30:17
Table 'NLHBlue86' 6-max Seat #2 is the button
Seat 1: d1cfe097 ($11.62 in chips)
Seat 2: Hero ($5.56 in chips)
Seat 3: b5e4feca ($5 in chips)
Seat 4: 2d20dca5 ($6.5 in chips)
Seat 5: ea4a49f1 ($5 in chips)
Seat 6: 22747bd4 ($5 in chips)
b5e4feca: posts small blind $0.02
2d20dca5: posts big blind $0.05
*** HOLE CARDS ***
Dealt to d1cfe097 
Dealt to Hero [8c 5d]
Dealt to b5e4feca 
Dealt to 2d20dca5 
Dealt to ea4a49f1 
Dealt to 22747bd4 
ea4a49f1: folds
22747bd4: folds
d1cfe097: folds
Hero: folds
b5e4feca: raises $0.08 to $0.13
2d20dca5: folds
Uncalled bet ($0.08) returned to b5e4feca
*** SHOWDOWN ***
b5e4feca collected $0.1 from pot
*** SUMMARY ***
Total pot $0.1 | Rake $0 | Jackpot $0 | Bingo $0 | Fortune $0 | Tax $0
Seat 1: d1cfe097 folded before Flop (didn't bet)
Seat 2: Hero (button) folded before Flop (didn't bet)
Seat 3: b5e4feca (small blind) collected ($0.1)
Seat 4: 2d20dca5 (big blind) folded before Flop
Seat 5: ea4a49f1 folded before Flop (didn't bet)
Seat 6: 22747bd4 folded before Flop (didn't bet)


Poker Hand #HD1602223409: Hold'em No Limit ($0.02/$0.05) - 2024/01/23 13:30:04
Table 'NLHBlue86' 6-max Seat #1 is the button
Seat 1: d1cfe097 ($11.55 in chips)
Seat 2: Hero ($5.58 in chips)
Seat 3: b5e4feca ($5.05 in chips)
Seat 4: 2d20dca5 ($6.5 in chips)
Seat 5: ea4a49f1 ($5 in chips)
Seat 6: 22747bd4 ($5 in chips)
Hero: posts small blind $0.02
b5e4feca: posts big blind $0.05
*** HOLE CARDS ***
Dealt to d1cfe097 
Dealt to Hero [9c Kh]
Dealt to b5e4feca 
Dealt to 2d20dca5 
Dealt to ea4a49f1 
Dealt to 22747bd4 
2d20dca5: folds
ea4a49f1: folds
22747bd4: folds
d1cfe097: raises $0.07 to $0.12
Hero: folds
b5e4feca: folds
Uncalled bet ($0.07) returned to d1cfe097
*** SHOWDOWN ***
d1cfe097 collected $0.12 from pot
*** SUMMARY ***
Total pot $0.12 | Rake $0 | Jackpot $0 | Bingo $0 | Fortune $0 | Tax $0
Seat 1: d1cfe097 (button) collected ($0.12)
Seat 2: Hero (small blind) folded before Flop
Seat 3: b5e4feca (big blind) folded before Flop
Seat 4: 2d20dca5 folded before Flop (didn't bet)
Seat 5: ea4a49f1 folded before Flop (didn't bet)
Seat 6: 22747bd4 folded before Flop (didn't bet)


Poker Hand #HD1602223241: Hold'em No Limit ($0.02/$0.05) - 2024/01/23 13:28:48
Table 'NLHBlue86' 6-max Seat #6 is the button
Seat 1: d1cfe097 ($11.87 in chips)
Seat 2: Hero ($5.29 in chips)
Seat 3: b5e4feca ($5.05 in chips)
Seat 4: 2d20dca5 ($6.5 in chips)
Seat 5: ea4a49f1 ($5 in chips)
Seat 6: 22747bd4 ($5 in chips)
d1cfe097: posts small blind $0.02
Hero: posts big blind $0.05
*** HOLE CARDS ***
Dealt to d1cfe097 
Dealt to Hero [7s Ad]
Dealt to b5e4feca 
Dealt to 2d20dca5 
Dealt to ea4a49f1 
Dealt to 22747bd4 
b5e4feca: folds
2d20dca5: folds
ea4a49f1: folds
22747bd4: folds
d1cfe097: raises $0.1 to $0.15
Hero: calls $0.1
*** FLOP *** [Ts 6d 7c]
d1cfe097: checks
Hero: bets $0.17
d1cfe097: calls $0.17
*** TURN *** [Ts 6d 7c] [Th]
d1cfe097: checks
Hero: checks
*** RIVER *** [Ts 6d 7c Th] [7d]
d1cfe097: checks
Hero: bets $0.55
d1cfe097: folds
Uncalled bet ($0.55) returned to Hero
*** SHOWDOWN ***
Hero collected $0.61 from pot
*** SUMMARY ***
Total pot $0.64 | Rake $0.03 | Jackpot $0 | Bingo $0 | Fortune $0 | Tax $0
Board [Ts 6d 7c Th 7d]
Seat 1: d1cfe097 (small blind) folded on the River
Seat 2: Hero (big blind) won ($0.61)
Seat 3: b5e4feca folded before Flop (didn't bet)
Seat 4: 2d20dca5 folded before Flop (didn't bet)
Seat 5: ea4a49f1 folded before Flop (didn't bet)
Seat 6: 22747bd4 (button) folded before Flop (didn't bet)


Poker Hand #HD1602223156: Hold'em No Limit ($0.02/$0.05) - 2024/01/23 13:28:10
Table 'NLHBlue86' 6-max Seat #5 is the button
Seat 1: d1cfe097 ($11.73 in chips)
Seat 2: Hero ($5.29 in chips)
Seat 3: b5e4feca ($5.05 in chips)
Seat 4: 2d20dca5 ($6.5 in chips)
Seat 5: ea4a49f1 ($5 in chips)
Seat 6: 22747bd4 ($5 in chips)
22747bd4: posts small blind $0.02
d1cfe097: posts big blind $0.05
*** HOLE CARDS ***
Dealt to d1cfe097 
Dealt to Hero [Tc Kd]
Dealt to b5e4feca 
Dealt to 2d20dca5 
Dealt to ea4a49f1 
Dealt to 22747bd4 
Hero: folds
b5e4feca: folds
2d20dca5: folds
ea4a49f1: folds
22747bd4: raises $0.1 to $0.15
d1cfe097: raises $0.29 to $0.44
22747bd4: folds
Uncalled bet ($0.29) returned to d1cfe097
*** SHOWDOWN ***
d1cfe097 collected $0.29 from pot
*** SUMMARY ***
Total pot $0.3 | Rake $0.01 | Jackpot $0 | Bingo $0 | Fortune $0 | Tax $0
Seat 1: d1cfe097 (big blind) collected ($0.29)
Seat 2: Hero folded before Flop (didn't bet)
Seat 3: b5e4feca folded before Flop (didn't bet)
Seat 4: 2d20dca5 folded before Flop (didn't bet)
Seat 5: ea4a49f1 (button) folded before Flop (didn't bet)
Seat 6: 22747bd4 (small blind) folded before Flop


Poker Hand #HD1602223067: Hold'em No Limit ($0.02/$0.05) - 2024/01/23 13:27:27
Table 'NLHBlue86' 6-max Seat #4 is the button
Seat 1: d1cfe097 ($11.73 in chips)
Seat 2: Hero ($5.29 in chips)
Seat 3: b5e4feca ($5.05 in chips)
Seat 4: 2d20dca5 ($6.36 in chips)
Seat 5: ea4a49f1 ($5 in chips)
Seat 6: 22747bd4 ($5 in chips)
ea4a49f1: posts small blind $0.02
22747bd4: posts big blind $0.05
*** HOLE CARDS ***
Dealt to d1cfe097 
Dealt to Hero [Kc 5c]
Dealt to b5e4feca 
Dealt to 2d20dca5 
Dealt to ea4a49f1 
Dealt to 22747bd4 
d1cfe097: folds
Hero: folds
b5e4feca: folds
2d20dca5: raises $0.05 to $0.1
ea4a49f1: calls $0.08
22747bd4: folds
*** FLOP *** [8d 2h Th]
ea4a49f1: checks
2d20dca5: checks
*** TURN *** [8d 2h Th] [7d]
ea4a49f1: checks
2d20dca5: checks
*** RIVER *** [8d 2h Th 7d] [Ts]
ea4a49f1: checks
2d20dca5: checks
ea4a49f1: shows [Kd Jd] (Pair of Tens)
2d20dca5: shows [As Jc] (Pair of Tens)
*** SHOWDOWN ***
2d20dca5 collected $0.24 from pot
*** SUMMARY ***
Total pot $0.25 | Rake $0.01 | Jackpot $0 | Bingo $0 | Fortune $0 | Tax $0
Board [8d 2h Th 7d Ts]
Seat 1: d1cfe097 folded before Flop (didn't bet)
Seat 2: Hero folded before Flop (didn't bet)
Seat 3: b5e4feca folded before Flop (didn't bet)
Seat 4: 2d20dca5 (button) showed [As Jc] and won ($0.24) with Pair of Tens
Seat 5: ea4a49f1 (small blind) showed [Kd Jd] and lost with Pair of Tens
Seat 6: 22747bd4 (big blind) folded before Flop


Poker Hand #HD1602223047: Hold'em No Limit ($0.02/$0.05) - 2024/01/23 13:27:16
Table 'NLHBlue86' 6-max Seat #3 is the button
Seat 1: d1cfe097 ($11.66 in chips)
Seat 2: Hero ($5.29 in chips)
Seat 3: b5e4feca ($5.05 in chips)
Seat 4: 2d20dca5 ($6.38 in chips)
Seat 5: ea4a49f1 ($5 in chips)
2d20dca5: posts small blind $0.02
ea4a49f1: posts big blind $0.05
*** HOLE CARDS ***
Dealt to d1cfe097 
Dealt to Hero [8h Tc]
Dealt to b5e4feca 
Dealt to 2d20dca5 
Dealt to ea4a49f1 
d1cfe097: raises $0.05 to $0.1
Hero: folds
b5e4feca: folds
2d20dca5: folds
ea4a49f1: folds
Uncalled bet ($0.05) returned to d1cfe097
*** SHOWDOWN ***
d1cfe097 collected $0.12 from pot
*** SUMMARY ***
Total pot $0.12 | Rake $0 | Jackpot $0 | Bingo $0 | Fortune $0 | Tax $0
Seat 1: d1cfe097 collected ($0.12)
Seat 2: Hero folded before Flop (didn't bet)
Seat 3: b5e4feca (button) folded before Flop (didn't bet)
Seat 4: 2d20dca5 (small blind) folded before Flop
Seat 5: ea4a49f1 (big blind) folded before Flop


Poker Hand #HD1602223022: Hold'em No Limit ($0.02/$0.05) - 2024/01/23 13:27:06
Table 'NLHBlue86' 6-max Seat #2 is the button
Seat 1: d1cfe097 ($11.66 in chips)
Seat 2: Hero ($5.29 in chips)
Seat 3: b5e4feca ($5.07 in chips)
Seat 4: 2d20dca5 ($6.36 in chips)
Seat 5: ea4a49f1 ($5 in chips)
b5e4feca: posts small blind $0.02
2d20dca5: posts big blind $0.05
*** HOLE CARDS ***
Dealt to d1cfe097 
Dealt to Hero [2h 9h]
Dealt to b5e4feca 
Dealt to 2d20dca5 
Dealt to ea4a49f1 
ea4a49f1: folds
d1cfe097: folds
Hero: folds
b5e4feca: folds
Uncalled bet ($0.03) returned to 2d20dca5
*** SHOWDOWN ***
2d20dca5 collected $0.04 from pot
*** SUMMARY ***
Total pot $0.04 | Rake $0 | Jackpot $0 | Bingo $0 | Fortune $0 | Tax $0
Seat 1: d1cfe097 folded before Flop (didn't bet)
Seat 2: Hero (button) folded before Flop (didn't bet)
Seat 3: b5e4feca (small blind) folded before Flop
Seat 4: 2d20dca5 (big blind) collected ($0.04)
Seat 5: ea4a49f1 folded before Flop (didn't bet)


Poker Hand #HD1602223001: Hold'em No Limit ($0.02/$0.05) - 2024/01/23 13:26:53
Table 'NLHBlue86' 6-max Seat #1 is the button
Seat 1: d1cfe097 ($11.66 in chips)
Seat 2: Hero ($5.31 in chips)
Seat 3: b5e4feca ($5.12 in chips)
Seat 4: 2d20dca5 ($6.29 in chips)
Seat 5: ea4a49f1 ($5 in chips)
Hero: posts small blind $0.02
b5e4feca: posts big blind $0.05
*** HOLE CARDS ***
Dealt to d1cfe097 
Dealt to Hero [Th Qs]
Dealt to b5e4feca 
Dealt to 2d20dca5 
Dealt to ea4a49f1 
2d20dca5: raises $0.09 to $0.14
ea4a49f1: folds
d1cfe097: folds
Hero: folds
b5e4feca: folds
Uncalled bet ($0.09) returned to 2d20dca5
*** SHOWDOWN ***
2d20dca5 collected $0.12 from pot
*** SUMMARY ***
Total pot $0.12 | Rake $0 | Jackpot $0 | Bingo $0 | Fortune $0 | Tax $0
Seat 1: d1cfe097 (button) folded before Flop (didn't bet)
Seat 2: Hero (small blind) folded before Flop
Seat 3: b5e4feca (big blind) folded before Flop
Seat 4: 2d20dca5 collected ($0.12)
Seat 5: ea4a49f1 folded before Flop (didn't bet)


Poker Hand #HD1602222882: Hold'em No Limit ($0.02/$0.05) - 2024/01/23 13:26:03
Table 'NLHBlue86' 6-max Seat #5 is the button
Seat 1: d1cfe097 ($11.52 in chips)
Seat 2: Hero ($5.46 in chips)
Seat 3: b5e4feca ($5.12 in chips)
Seat 4: 2d20dca5 ($6.29 in chips)
Seat 5: ea4a49f1 ($5 in chips)
d1cfe097: posts small blind $0.02
Hero: posts big blind $0.05
*** HOLE CARDS ***
Dealt to d1cfe097 
Dealt to Hero [Kh 3h]
Dealt to b5e4feca 
Dealt to 2d20dca5 
Dealt to ea4a49f1 
b5e4feca: folds
2d20dca5: folds
ea4a49f1: folds
d1cfe097: raises $0.1 to $0.15
Hero: calls $0.1
*** FLOP *** [7h 8c 2c]
d1cfe097: checks
Hero: checks
*** TURN *** [7h 8c 2c] [4c]
d1cfe097: checks
Hero: checks
*** RIVER *** [7h 8c 2c 4c] [Jd]
d1cfe097: checks
Hero: checks
d1cfe097: shows [9s Ah] (Ace-High)
Hero: shows [Kh 3h] (King-High)
*** SHOWDOWN ***
d1cfe097 collected $0.29 from pot
*** SUMMARY ***
Total pot $0.3 | Rake $0.01 | Jackpot $0 | Bingo $0 | Fortune $0 | Tax $0
Board [7h 8c 2c 4c Jd]
Seat 1: d1cfe097 (small blind) showed [9s Ah] and won ($0.29) with Ace-High
Seat 2: Hero (big blind) showed [Kh 3h] and lost with King-High
Seat 3: b5e4feca folded before Flop (didn't bet)
Seat 4: 2d20dca5 folded before Flop (didn't bet)
Seat 5: ea4a49f1 (button) folded before Flop (didn't bet)


Poker Hand #HD1602222782: Hold'em No Limit ($0.02/$0.05) - 2024/01/23 13:25:13
Table 'NLHBlue86' 6-max Seat #4 is the button
Seat 1: d1cfe097 ($11.41 in chips)
Seat 2: Hero ($5.46 in chips)
Seat 3: b5e4feca ($5.12 in chips)
Seat 4: 2d20dca5 ($6.39 in chips)
Seat 5: ea4a49f1 ($5.02 in chips)
ea4a49f1: posts small blind $0.02
d1cfe097: posts big blind $0.05
*** HOLE CARDS ***
Dealt to d1cfe097 
Dealt to Hero [2c 3d]
Dealt to b5e4feca 
Dealt to 2d20dca5 
Dealt to ea4a49f1 
Hero: folds
b5e4feca: folds
2d20dca5: raises $0.05 to $0.1
ea4a49f1: folds
d1cfe097: calls $0.05
*** FLOP *** [Qs 2s Js]
d1cfe097: checks
2d20dca5: checks
*** TURN *** [Qs 2s Js] [3s]
d1cfe097: bets $0.11
2d20dca5: folds
Uncalled bet ($0.11) returned to d1cfe097
*** SHOWDOWN ***
d1cfe097 collected $0.21 from pot
*** SUMMARY ***
Total pot $0.22 | Rake $0.01 | Jackpot $0 | Bingo $0 | Fortune $0 | Tax $0
Board [Qs 2s Js 3s]
Seat 1: d1cfe097 (big blind) won ($0.21)
Seat 2: Hero folded before Flop (didn't bet)
Seat 3: b5e4feca folded before Flop (didn't bet)
Seat 4: 2d20dca5 (button) folded on the Turn
Seat 5: ea4a49f1 (small blind) folded before Flop


Poker Hand #HD1602222760: Hold'em No Limit ($0.02/$0.05) - 2024/01/23 13:25:05
Table 'NLHBlue86' 6-max Seat #3 is the button
Seat 1: d1cfe097 ($11.41 in chips)
Seat 2: Hero ($5.46 in chips)
Seat 3: b5e4feca ($5.12 in chips)
Seat 4: 2d20dca5 ($6.41 in chips)
Seat 5: ea4a49f1 ($5 in chips)
2d20dca5: posts small blind $0.02
ea4a49f1: posts big blind $0.05
*** HOLE CARDS ***
Dealt to d1cfe097 
Dealt to Hero [Qc 8s]
Dealt to b5e4feca 
Dealt to 2d20dca5 
Dealt to ea4a49f1 
d1cfe097: folds
Hero: folds
b5e4feca: folds
2d20dca5: folds
Uncalled bet ($0.03) returned to ea4a49f1
*** SHOWDOWN ***
ea4a49f1 collected $0.04 from pot
*** SUMMARY ***
Total pot $0.04 | Rake $0 | Jackpot $0 | Bingo $0 | Fortune $0 | Tax $0
Seat 1: d1cfe097 folded before Flop (didn't bet)
Seat 2: Hero folded before Flop (didn't bet)
Seat 3: b5e4feca (button) folded before Flop (didn't bet)
Seat 4: 2d20dca5 (small blind) folded before Flop
Seat 5: ea4a49f1 (big blind) collected ($0.04)


Poker Hand #HD1602222727: Hold'em No Limit ($0.02/$0.05) - 2024/01/23 13:24:46
Table 'NLHBlue86' 6-max Seat #2 is the button
Seat 1: d1cfe097 ($11.41 in chips)
Seat 2: Hero ($5.46 in chips)
Seat 3: b5e4feca ($5.07 in chips)
Seat 4: 2d20dca5 ($6.46 in chips)
b5e4feca: posts small blind $0.02
2d20dca5: posts big blind $0.05
*** HOLE CARDS ***
Dealt to d1cfe097 
Dealt to Hero [9c 3s]
Dealt to b5e4feca 
Dealt to 2d20dca5 
d1cfe097: folds
Hero: folds
b5e4feca: raises $0.08 to $0.13
2d20dca5: folds
Uncalled bet ($0.08) returned to b5e4feca
*** SHOWDOWN ***
b5e4feca collected $0.1 from pot
*** SUMMARY ***
Total pot $0.1 | Rake $0 | Jackpot $0 | Bingo $0 | Fortune $0 | Tax $0
Seat 1: d1cfe097 folded before Flop (didn't bet)
Seat 2: Hero (button) folded before Flop (didn't bet)
Seat 3: b5e4feca (small blind) collected ($0.1)
Seat 4: 2d20dca5 (big blind) folded before Flop


Poker Hand #HD1602222706: Hold'em No Limit ($0.02/$0.05) - 2024/01/23 13:24:34
Table 'NLHBlue86' 6-max Seat #1 is the button
Seat 1: d1cfe097 ($11.34 in chips)
Seat 2: Hero ($5.48 in chips)
Seat 3: b5e4feca ($5.12 in chips)
Seat 4: 2d20dca5 ($6.46 in chips)
Hero: posts small blind $0.02
b5e4feca: posts big blind $0.05
*** HOLE CARDS ***
Dealt to d1cfe097 
Dealt to Hero [9d Th]
Dealt to b5e4feca 
Dealt to 2d20dca5 
2d20dca5: folds
d1cfe097: raises $0.07 to $0.12
Hero: folds
b5e4feca: folds
Uncalled bet ($0.07) returned to d1cfe097
*** SHOWDOWN ***
d1cfe097 collected $0.12 from pot
*** SUMMARY ***
Total pot $0.12 | Rake $0 | Jackpot $0 | Bingo $0 | Fortune $0 | Tax $0
Seat 1: d1cfe097 (button) collected ($0.12)
Seat 2: Hero (small blind) folded before Flop
Seat 3: b5e4feca (big blind) folded before Flop
Seat 4: 2d20dca5 folded before Flop (didn't bet)


Poker Hand #HD1602222681: Hold'em No Limit ($0.02/$0.05) - 2024/01/23 13:24:23
Table 'NLHBlue86' 6-max Seat #4 is the button
Seat 1: d1cfe097 ($11.36 in chips)
Seat 2: Hero ($5.46 in chips)
Seat 3: b5e4feca ($5.12 in chips)
Seat 4: 2d20dca5 ($6.46 in chips)
d1cfe097: posts small blind $0.02
Hero: posts big blind $0.05
*** HOLE CARDS ***
Dealt to d1cfe097 
Dealt to Hero [7s Js]
Dealt to b5e4feca 
Dealt to 2d20dca5 
b5e4feca: folds
2d20dca5: folds
d1cfe097: folds
Uncalled bet ($0.03) returned to Hero
*** SHOWDOWN ***
Hero collected $0.04 from pot
*** SUMMARY ***
Total pot $0.04 | Rake $0 | Jackpot $0 | Bingo $0 | Fortune $0 | Tax $0
Seat 1: d1cfe097 (small blind) folded before Flop
Seat 2: Hero (big blind) collected ($0.04)
Seat 3: b5e4feca folded before Flop (didn't bet)
Seat 4: 2d20dca5 (button) folded before Flop (didn't bet)


Poker Hand #HD1602222652: Hold'em No Limit ($0.02/$0.05) - 2024/01/23 13:24:11
Table 'NLHBlue86' 6-max Seat #3 is the button
Seat 1: d1cfe097 ($11.41 in chips)
Seat 2: Hero ($5.46 in chips)
Seat 3: b5e4feca ($5.05 in chips)
Seat 4: 2d20dca5 ($6.48 in chips)
2d20dca5: posts small blind $0.02
d1cfe097: posts big blind $0.05
*** HOLE CARDS ***
Dealt to d1cfe097 
Dealt to Hero [5h Ac]
Dealt to b5e4feca 
Dealt to 2d20dca5 
Hero: folds
b5e4feca: raises $0.08 to $0.13
2d20dca5: folds
d1cfe097: folds
Uncalled bet ($0.08) returned to b5e4feca
*** SHOWDOWN ***
b5e4feca collected $0.12 from pot
*** SUMMARY ***
Total pot $0.12 | Rake $0 | Jackpot $0 | Bingo $0 | Fortune $0 | Tax $0
Seat 1: d1cfe097 (big blind) folded before Flop
Seat 2: Hero folded before Flop (didn't bet)
Seat 3: b5e4feca (button) collected ($0.12)
Seat 4: 2d20dca5 (small blind) folded before Flop


Poker Hand #HD1602222628: Hold'em No Limit ($0.02/$0.05) - 2024/01/23 13:23:58
Table 'NLHBlue86' 6-max Seat #2 is the button
Seat 1: d1cfe097 ($11.41 in chips)
Seat 2: Hero ($5.39 in chips)
Seat 3: b5e4feca ($5.07 in chips)
Seat 4: 2d20dca5 ($6.53 in chips)
b5e4feca: posts small blind $0.02
2d20dca5: posts big blind $0.05
*** HOLE CARDS ***
Dealt to d1cfe097 
Dealt to Hero [Qc 5c]
Dealt to b5e4feca 
Dealt to 2d20dca5 
d1cfe097: folds
Hero: raises $0.07 to $0.12
b5e4feca: folds
2d20dca5: folds
Uncalled bet ($0.07) returned to Hero
*** SHOWDOWN ***
Hero collected $0.12 from pot
*** SUMMARY ***
Total pot $0.12 | Rake $0 | Jackpot $0 | Bingo $0 | Fortune $0 | Tax $0
Seat 1: d1cfe097 folded before Flop (didn't bet)
Seat 2: Hero (button) collected ($0.12)
Seat 3: b5e4feca (small blind) folded before Flop
Seat 4: 2d20dca5 (big blind) folded before Flop


Poker Hand #HD1602222601: Hold'em No Limit ($0.02/$0.05) - 2024/01/23 13:23:41
Table 'NLHBlue86' 6-max Seat #1 is the button
Seat 1: d1cfe097 ($11.41 in chips)
Seat 2: Hero ($5.34 in chips)
Seat 3: b5e4feca ($5.12 in chips)
Seat 4: 2d20dca5 ($6.53 in chips)
Hero: posts small blind $0.02
b5e4feca: posts big blind $0.05
*** HOLE CARDS ***
Dealt to d1cfe097 
Dealt to Hero [5s Ks]
Dealt to b5e4feca 
Dealt to 2d20dca5 
2d20dca5: folds
d1cfe097: folds
Hero: raises $0.09 to $0.14
b5e4feca: folds
Uncalled bet ($0.09) returned to Hero
*** SHOWDOWN ***
Hero collected $0.1 from pot
*** SUMMARY ***
Total pot $0.1 | Rake $0 | Jackpot $0 | Bingo $0 | Fortune $0 | Tax $0
Seat 1: d1cfe097 (button) folded before Flop (didn't bet)
Seat 2: Hero (small blind) collected ($0.1)
Seat 3: b5e4feca (big blind) folded before Flop
Seat 4: 2d20dca5 folded before Flop (didn't bet)


Poker Hand #HD1602222566: Hold'em No Limit ($0.02/$0.05) - 2024/01/23 13:23:22
Table 'NLHBlue86' 6-max Seat #4 is the button
Seat 1: d1cfe097 ($11.43 in chips)
Seat 2: Hero ($5.32 in chips)
Seat 3: b5e4feca ($5.12 in chips)
Seat 4: 2d20dca5 ($6.53 in chips)
d1cfe097: posts small blind $0.02
Hero: posts big blind $0.05
*** HOLE CARDS ***
Dealt to d1cfe097 
Dealt to Hero [Td Qc]
Dealt to b5e4feca 
Dealt to 2d20dca5 
b5e4feca: folds
2d20dca5: folds
d1cfe097: folds
Uncalled bet ($0.03) returned to Hero
*** SHOWDOWN ***
Hero collected $0.04 from pot
*** SUMMARY ***
Total pot $0.04 | Rake $0 | Jackpot $0 | Bingo $0 | Fortune $0 | Tax $0
Seat 1: d1cfe097 (small blind) folded before Flop
Seat 2: Hero (big blind) collected ($0.04)
Seat 3: b5e4feca folded before Flop (didn't bet)
Seat 4: 2d20dca5 (button) folded before Flop (didn't bet)


Poker Hand #HD1602222475: Hold'em No Limit ($0.02/$0.05) - 2024/01/23 13:22:38
Table 'NLHBlue86' 6-max Seat #3 is the button
Seat 1: d1cfe097 ($11.07 in chips)
Seat 2: Hero ($5.32 in chips)
Seat 3: b5e4feca ($5.12 in chips)
Seat 4: 2d20dca5 ($6.93 in chips)
2d20dca5: posts small blind $0.02
d1cfe097: posts big blind $0.05
*** HOLE CARDS ***
Dealt to d1cfe097 
Dealt to Hero [5h 8s]
Dealt to b5e4feca 
Dealt to 2d20dca5 
Hero: folds
b5e4feca: folds
2d20dca5: raises $0.05 to $0.1
d1cfe097: raises $0.3 to $0.4
2d20dca5: calls $0.3
*** FLOP *** [8c Qs Qd]
2d20dca5: checks
d1cfe097: bets $0.27
2d20dca5: folds
Uncalled bet ($0.27) returned to d1cfe097
*** SHOWDOWN ***
d1cfe097 collected $0.76 from pot
*** SUMMARY ***
Total pot $0.8 | Rake $0.04 | Jackpot $0 | Bingo $0 | Fortune $0 | Tax $0
Board [8c Qs Qd]
Seat 1: d1cfe097 (big blind) won ($0.76)
Seat 2: Hero folded before Flop (didn't bet)
Seat 3: b5e4feca (button) folded before Flop (didn't bet)
Seat 4: 2d20dca5 (small blind) folded on the Flop


Poker Hand #HD1602222446: Hold'em No Limit ($0.02/$0.05) - 2024/01/23 13:22:24
Table 'NLHBlue86' 6-max Seat #2 is the button
Seat 1: d1cfe097 ($11.07 in chips)
Seat 2: Hero ($5.32 in chips)
Seat 3: b5e4feca ($5.14 in chips)
Seat 4: 2d20dca5 ($6.91 in chips)
b5e4feca: posts small blind $0.02
2d20dca5: posts big blind $0.05
*** HOLE CARDS ***
Dealt to d1cfe097 
Dealt to Hero [Th 5h]
Dealt to b5e4feca 
Dealt to 2d20dca5 
d1cfe097: folds
Hero: folds
b5e4feca: folds
Uncalled bet ($0.03) returned to 2d20dca5
*** SHOWDOWN ***
2d20dca5 collected $0.04 from pot
*** SUMMARY ***
Total pot $0.04 | Rake $0 | Jackpot $0 | Bingo $0 | Fortune $0 | Tax $0
Seat 1: d1cfe097 folded before Flop (didn't bet)
Seat 2: Hero (button) folded before Flop (didn't bet)
Seat 3: b5e4feca (small blind) folded before Flop
Seat 4: 2d20dca5 (big blind) collected ($0.04)


Poker Hand #HD1602222420: Hold'em No Limit ($0.02/$0.05) - 2024/01/23 13:22:11
Table 'NLHBlue86' 6-max Seat #1 is the button
Seat 1: d1cfe097 ($11.07 in chips)
Seat 2: Hero ($5.34 in chips)
Seat 3: b5e4feca ($5.12 in chips)
Hero: posts small blind $0.02
b5e4feca: posts big blind $0.05
*** HOLE CARDS ***
Dealt to d1cfe097 
Dealt to Hero [5h Th]
Dealt to b5e4feca 
d1cfe097: folds
Hero: folds
Uncalled bet ($0.03) returned to b5e4feca
*** SHOWDOWN ***
b5e4feca collected $0.04 from pot
*** SUMMARY ***
Total pot $0.04 | Rake $0 | Jackpot $0 | Bingo $0 | Fortune $0 | Tax $0
Seat 1: d1cfe097 (button) folded before Flop (didn't bet)
Seat 2: Hero (small blind) folded before Flop
Seat 3: b5e4feca (big blind) collected ($0.04)


Poker Hand #HD1602222396: Hold'em No Limit ($0.02/$0.05) - 2024/01/23 13:21:59
Table 'NLHBlue86' 6-max Seat #3 is the button
Seat 1: d1cfe097 ($11.02 in chips)
Seat 2: Hero ($5.39 in chips)
Seat 3: b5e4feca ($5.12 in chips)
d1cfe097: posts small blind $0.02
Hero: posts big blind $0.05
*** HOLE CARDS ***
Dealt to d1cfe097 
Dealt to Hero [3c 5h]
Dealt to b5e4feca 
b5e4feca: folds
d1cfe097: raises $0.1 to $0.15
Hero: folds
Uncalled bet ($0.1) returned to d1cfe097
*** SHOWDOWN ***
d1cfe097 collected $0.1 from pot
*** SUMMARY ***
Total pot $0.1 | Rake $0 | Jackpot $0 | Bingo $0 | Fortune $0 | Tax $0
Seat 1: d1cfe097 (small blind) collected ($0.1)
Seat 2: Hero (big blind) folded before Flop
Seat 3: b5e4feca (button) folded before Flop (didn't bet)


Poker Hand #HD1602222262: Hold'em No Limit ($0.02/$0.05) - 2024/01/23 13:20:58
Table 'NLHBlue86' 6-max Seat #2 is the button
Seat 1: d1cfe097 ($11.38 in chips)
Seat 2: Hero ($5 in chips)
Seat 3: b5e4feca ($5.14 in chips)
Seat 4: 2d20dca5 ($6.96 in chips)
b5e4feca: posts small blind $0.02
2d20dca5: posts big blind $0.05
*** HOLE CARDS ***
Dealt to d1cfe097 
Dealt to Hero [As Ad]
Dealt to b5e4feca 
Dealt to 2d20dca5 
d1cfe097: raises $0.06 to $0.11
Hero: raises $0.25 to $0.36
b5e4feca: folds
2d20dca5: folds
d1cfe097: calls $0.25
*** FLOP *** [7h 3d 4d]
d1cfe097: checks
Hero: bets $0.68
d1cfe097: folds
Uncalled bet ($0.68) returned to Hero
*** SHOWDOWN ***
Hero collected $0.75 from pot
*** SUMMARY ***
Total pot $0.79 | Rake $0.04 | Jackpot $0 | Bingo $0 | Fortune $0 | Tax $0
Board [7h 3d 4d]
Seat 1: d1cfe097 folded on the Flop
Seat 2: Hero (button) won ($0.75)
Seat 3: b5e4feca (small blind) folded before Flop
Seat 4: 2d20dca5 (big blind) folded before Flop


Poker Hand #HD1602222232: Hold'em No Limit ($0.02/$0.05) - 2024/01/23 13:20:45
Table 'NLHBlue86' 6-max Seat #1 is the button
Seat 1: d1cfe097 ($11.38 in chips)
Seat 2: Hero ($5 in chips)
Seat 3: b5e4feca ($5.12 in chips)
Seat 4: 2d20dca5 ($6.96 in chips)
Hero: posts small blind $0.02
b5e4feca: posts big blind $0.05
*** HOLE CARDS ***
Dealt to d1cfe097 
Dealt to Hero [2h 7s]
Dealt to b5e4feca 
Dealt to 2d20dca5 
2d20dca5: folds
d1cfe097: folds
Hero: folds
Uncalled bet ($0.03) returned to b5e4feca
*** SHOWDOWN ***
b5e4feca collected $0.04 from pot
*** SUMMARY ***
Total pot $0.04 | Rake $0 | Jackpot $0 | Bingo $0 | Fortune $0 | Tax $0
Seat 1: d1cfe097 (button) folded before Flop (didn't bet)
Seat 2: Hero (small blind) folded before Flop
Seat 3: b5e4feca (big blind) collected ($0.04)
Seat 4: 2d20dca5 folded before Flop (didn't bet)


Poker Hand #HD1602222189: Hold'em No Limit ($0.02/$0.05) - 2024/01/23 13:20:24
Table 'NLHBlue86' 6-max Seat #4 is the button
Seat 1: d1cfe097 ($11.33 in chips)
Seat 2: Hero ($5 in chips)
Seat 3: b5e4feca ($5.12 in chips)
Seat 4: 2d20dca5 ($6.96 in chips)
d1cfe097: posts small blind $0.02
Hero: posts big blind $0.05
*** HOLE CARDS ***
Dealt to d1cfe097 
Dealt to Hero [5h Qd]
Dealt to b5e4feca 
Dealt to 2d20dca5 
b5e4feca: folds
2d20dca5: folds
d1cfe097: raises $0.1 to $0.15
Hero: folds
Uncalled bet ($0.1) returned to d1cfe097
*** SHOWDOWN ***
d1cfe097 collected $0.1 from pot
*** SUMMARY ***
Total pot $0.1 | Rake $0 | Jackpot $0 | Bingo $0 | Fortune $0 | Tax $0
Seat 1: d1cfe097 (small blind) collected ($0.1)
Seat 2: Hero (big blind) folded before Flop
Seat 3: b5e4feca folded before Flop (didn't bet)
Seat 4: 2d20dca5 (button) folded before Flop (didn't bet)


