Poker Hand #HD1170273372: Hold'em No Limit  ($0.02/$0.05) - 2023/03/21 23:14:37
Table 'NLHBlue65' 6-max Seat #4 is the button
Seat 1: d25e24a0 ($4.76 in chips)
Seat 2: d92453ce ($6.37 in chips)
Seat 3: a214a86a ($5 in chips)
Seat 4: 8ad48aeb ($12.9 in chips)
Seat 5: bc422577 ($5.1 in chips)
Seat 6: Hero ($6.36 in chips)
bc422577: posts small blind $0.02
Hero: posts big blind $0.05
*** HOLE CARDS ***
Dealt to d25e24a0 
Dealt to d92453ce 
Dealt to a214a86a 
Dealt to 8ad48aeb 
Dealt to bc422577 
Dealt to Hero [Kh 3d]
d25e24a0: folds
d92453ce: folds
a214a86a: folds
8ad48aeb: raises $0.08 to $0.13
bc422577: raises $0.31 to $0.44
Hero: folds
8ad48aeb: calls $0.31
*** FLOP *** [Ah 6h 2d]
bc422577: bets $0.7
8ad48aeb: folds
Uncalled bet ($0.7) returned to bc422577
*** SHOWDOWN ***
bc422577 collected $0.88 from pot
*** SUMMARY ***
Total pot $0.93 | Rake $0.05 | Jackpot $0 | Bingo $0 | Fortune $0
Board [Ah 6h 2d]
Seat 1: d25e24a0 folded before Flop (didn't bet)
Seat 2: d92453ce folded before Flop (didn't bet)
Seat 3: a214a86a folded before Flop (didn't bet)
Seat 4: 8ad48aeb (button) folded on the Flop
Seat 5: bc422577 (small blind) won ($0.88)
Seat 6: Hero (big blind) folded before Flop


Poker Hand #HD1170273337: Hold'em No Limit  ($0.02/$0.05) - 2023/03/21 23:14:19
Table 'NLHBlue65' 6-max Seat #3 is the button
Seat 1: d25e24a0 ($4.76 in chips)
Seat 2: d92453ce ($6.37 in chips)
Seat 3: a214a86a ($5 in chips)
Seat 4: 8ad48aeb ($12.85 in chips)
Seat 5: bc422577 ($5.15 in chips)
Seat 6: Hero ($6.36 in chips)
8ad48aeb: posts small blind $0.02
bc422577: posts big blind $0.05
*** HOLE CARDS ***
Dealt to d25e24a0 
Dealt to d92453ce 
Dealt to a214a86a 
Dealt to 8ad48aeb 
Dealt to bc422577 
Dealt to Hero [5d 7d]
Hero: folds
d25e24a0: folds
d92453ce: folds
a214a86a: folds
8ad48aeb: raises $0.08 to $0.13
bc422577: folds
Uncalled bet ($0.08) returned to 8ad48aeb
*** SHOWDOWN ***
8ad48aeb collected $0.1 from pot
*** SUMMARY ***
Total pot $0.1 | Rake $0 | Jackpot $0 | Bingo $0 | Fortune $0
Seat 1: d25e24a0 folded before Flop (didn't bet)
Seat 2: d92453ce folded before Flop (didn't bet)
Seat 3: a214a86a (button) folded before Flop (didn't bet)
Seat 4: 8ad48aeb (small blind) collected ($0.1)
Seat 5: bc422577 (big blind) folded before Flop
Seat 6: Hero folded before Flop (didn't bet)


Poker Hand #HD1170273314: Hold'em No Limit  ($0.02/$0.05) - 2023/03/21 23:14:06
Table 'NLHBlue65' 6-max Seat #2 is the button
Seat 1: d25e24a0 ($4.76 in chips)
Seat 2: d92453ce ($6.37 in chips)
Seat 3: a214a86a ($5.02 in chips)
Seat 4: 8ad48aeb ($12.83 in chips)
Seat 5: bc422577 ($5.15 in chips)
Seat 6: Hero ($6.36 in chips)
a214a86a: posts small blind $0.02
8ad48aeb: posts big blind $0.05
*** HOLE CARDS ***
Dealt to d25e24a0 
Dealt to d92453ce 
Dealt to a214a86a 
Dealt to 8ad48aeb 
Dealt to bc422577 
Dealt to Hero [3s Jd]
bc422577: folds
Hero: folds
d25e24a0: folds
d92453ce: folds
a214a86a: folds
Uncalled bet ($0.03) returned to 8ad48aeb
*** SHOWDOWN ***
8ad48aeb collected $0.04 from pot
*** SUMMARY ***
Total pot $0.04 | Rake $0 | Jackpot $0 | Bingo $0 | Fortune $0
Seat 1: d25e24a0 folded before Flop (didn't bet)
Seat 2: d92453ce (button) folded before Flop (didn't bet)
Seat 3: a214a86a (small blind) folded before Flop
Seat 4: 8ad48aeb (big blind) collected ($0.04)
Seat 5: bc422577 folded before Flop (didn't bet)
Seat 6: Hero folded before Flop (didn't bet)


Poker Hand #HD1170273277: Hold'em No Limit  ($0.02/$0.05) - 2023/03/21 23:13:45
Table 'NLHBlue65' 6-max Seat #1 is the button
Seat 1: d25e24a0 ($4.76 in chips)
Seat 2: d92453ce ($6.39 in chips)
Seat 3: a214a86a ($5 in chips)
Seat 4: 8ad48aeb ($12.83 in chips)
Seat 5: bc422577 ($5.15 in chips)
Seat 6: Hero ($6.36 in chips)
d92453ce: posts small blind $0.02
a214a86a: posts big blind $0.05
*** HOLE CARDS ***
Dealt to d25e24a0 
Dealt to d92453ce 
Dealt to a214a86a 
Dealt to 8ad48aeb 
Dealt to bc422577 
Dealt to Hero [4h 8h]
8ad48aeb: folds
bc422577: folds
Hero: folds
d25e24a0: folds
d92453ce: folds
Uncalled bet ($0.03) returned to a214a86a
*** SHOWDOWN ***
a214a86a collected $0.04 from pot
*** SUMMARY ***
Total pot $0.04 | Rake $0 | Jackpot $0 | Bingo $0 | Fortune $0
Seat 1: d25e24a0 (button) folded before Flop (didn't bet)
Seat 2: d92453ce (small blind) folded before Flop
Seat 3: a214a86a (big blind) collected ($0.04)
Seat 4: 8ad48aeb folded before Flop (didn't bet)
Seat 5: bc422577 folded before Flop (didn't bet)
Seat 6: Hero folded before Flop (didn't bet)


Poker Hand #HD1170273247: Hold'em No Limit  ($0.02/$0.05) - 2023/03/21 23:13:32
Table 'NLHBlue65' 6-max Seat #6 is the button
Seat 1: d25e24a0 ($4.78 in chips)
Seat 2: d92453ce ($6.37 in chips)
Seat 3: a214a86a ($5 in chips)
Seat 4: 8ad48aeb ($12.83 in chips)
Seat 5: bc422577 ($5.15 in chips)
Seat 6: Hero ($6.36 in chips)
d25e24a0: posts small blind $0.02
d92453ce: posts big blind $0.05
*** HOLE CARDS ***
Dealt to d25e24a0 
Dealt to d92453ce 
Dealt to a214a86a 
Dealt to 8ad48aeb 
Dealt to bc422577 
Dealt to Hero [6h 5s]
a214a86a: folds
8ad48aeb: folds
bc422577: folds
Hero: folds
d25e24a0: folds
Uncalled bet ($0.03) returned to d92453ce
*** SHOWDOWN ***
d92453ce collected $0.04 from pot
*** SUMMARY ***
Total pot $0.04 | Rake $0 | Jackpot $0 | Bingo $0 | Fortune $0
Seat 1: d25e24a0 (small blind) folded before Flop
Seat 2: d92453ce (big blind) collected ($0.04)
Seat 3: a214a86a folded before Flop (didn't bet)
Seat 4: 8ad48aeb folded before Flop (didn't bet)
Seat 5: bc422577 folded before Flop (didn't bet)
Seat 6: Hero (button) folded before Flop (didn't bet)


Poker Hand #HD1170273184: Hold'em No Limit  ($0.02/$0.05) - 2023/03/21 23:12:59
Table 'NLHBlue65' 6-max Seat #5 is the button
Seat 1: d25e24a0 ($4.83 in chips)
Seat 2: d92453ce ($6.37 in chips)
Seat 3: a214a86a ($5 in chips)
Seat 4: 8ad48aeb ($12.83 in chips)
Seat 5: bc422577 ($5.15 in chips)
Seat 6: Hero ($6.31 in chips)
Hero: posts small blind $0.02
d25e24a0: posts big blind $0.05
*** HOLE CARDS ***
Dealt to d25e24a0 
Dealt to d92453ce 
Dealt to a214a86a 
Dealt to 8ad48aeb 
Dealt to bc422577 
Dealt to Hero [2s Ks]
d92453ce: folds
a214a86a: folds
8ad48aeb: folds
bc422577: folds
Hero: raises $0.09 to $0.14
d25e24a0: folds
Uncalled bet ($0.09) returned to Hero
*** SHOWDOWN ***
Hero collected $0.1 from pot
*** SUMMARY ***
Total pot $0.1 | Rake $0 | Jackpot $0 | Bingo $0 | Fortune $0
Seat 1: d25e24a0 (big blind) folded before Flop
Seat 2: d92453ce folded before Flop (didn't bet)
Seat 3: a214a86a folded before Flop (didn't bet)
Seat 4: 8ad48aeb folded before Flop (didn't bet)
Seat 5: bc422577 (button) folded before Flop (didn't bet)
Seat 6: Hero (small blind) collected ($0.1)


Poker Hand #HD1170273154: Hold'em No Limit  ($0.02/$0.05) - 2023/03/21 23:12:41
Table 'NLHBlue65' 6-max Seat #4 is the button
Seat 1: d25e24a0 ($4.83 in chips)
Seat 2: d92453ce ($6.37 in chips)
Seat 3: a214a86a ($5 in chips)
Seat 4: 8ad48aeb ($12.83 in chips)
Seat 5: bc422577 ($5.17 in chips)
Seat 6: Hero ($6.29 in chips)
bc422577: posts small blind $0.02
Hero: posts big blind $0.05
*** HOLE CARDS ***
Dealt to d25e24a0 
Dealt to d92453ce 
Dealt to a214a86a 
Dealt to 8ad48aeb 
Dealt to bc422577 
Dealt to Hero [2d 3s]
d25e24a0: folds
d92453ce: folds
a214a86a: folds
8ad48aeb: folds
bc422577: folds
Uncalled bet ($0.03) returned to Hero
*** SHOWDOWN ***
Hero collected $0.04 from pot
*** SUMMARY ***
Total pot $0.04 | Rake $0 | Jackpot $0 | Bingo $0 | Fortune $0
Seat 1: d25e24a0 folded before Flop (didn't bet)
Seat 2: d92453ce folded before Flop (didn't bet)
Seat 3: a214a86a folded before Flop (didn't bet)
Seat 4: 8ad48aeb (button) folded before Flop (didn't bet)
Seat 5: bc422577 (small blind) folded before Flop
Seat 6: Hero (big blind) collected ($0.04)


Poker Hand #HD1170273114: Hold'em No Limit  ($0.02/$0.05) - 2023/03/21 23:12:22
Table 'NLHBlue65' 6-max Seat #3 is the button
Seat 1: d25e24a0 ($4.83 in chips)
Seat 2: d92453ce ($6.37 in chips)
Seat 3: a214a86a ($5 in chips)
Seat 4: 8ad48aeb ($12.78 in chips)
Seat 5: bc422577 ($5.22 in chips)
Seat 6: Hero ($6.29 in chips)
8ad48aeb: posts small blind $0.02
bc422577: posts big blind $0.05
*** HOLE CARDS ***
Dealt to d25e24a0 
Dealt to d92453ce 
Dealt to a214a86a 
Dealt to 8ad48aeb 
Dealt to bc422577 
Dealt to Hero [2d As]
Hero: folds
d25e24a0: folds
d92453ce: folds
a214a86a: folds
8ad48aeb: raises $0.08 to $0.13
bc422577: folds
Uncalled bet ($0.08) returned to 8ad48aeb
*** SHOWDOWN ***
8ad48aeb collected $0.1 from pot
*** SUMMARY ***
Total pot $0.1 | Rake $0 | Jackpot $0 | Bingo $0 | Fortune $0
Seat 1: d25e24a0 folded before Flop (didn't bet)
Seat 2: d92453ce folded before Flop (didn't bet)
Seat 3: a214a86a (button) folded before Flop (didn't bet)
Seat 4: 8ad48aeb (small blind) collected ($0.1)
Seat 5: bc422577 (big blind) folded before Flop
Seat 6: Hero folded before Flop (didn't bet)


Poker Hand #HD1170273013: Hold'em No Limit  ($0.02/$0.05) - 2023/03/21 23:11:26
Table 'NLHBlue65' 6-max Seat #2 is the button
Seat 1: d25e24a0 ($5.83 in chips)
Seat 2: d92453ce ($6.37 in chips)
Seat 3: a214a86a ($5.02 in chips)
Seat 4: 8ad48aeb ($12.83 in chips)
Seat 5: bc422577 ($4.32 in chips)
Seat 6: Hero ($6.29 in chips)
a214a86a: posts small blind $0.02
8ad48aeb: posts big blind $0.05
*** HOLE CARDS ***
Dealt to d25e24a0 
Dealt to d92453ce 
Dealt to a214a86a 
Dealt to 8ad48aeb 
Dealt to bc422577 
Dealt to Hero [8d 6c]
bc422577: raises $0.05 to $0.1
Hero: folds
d25e24a0: calls $0.1
d92453ce: folds
a214a86a: folds
8ad48aeb: folds
*** FLOP *** [Ts 4c 5s]
bc422577: bets $0.21
d25e24a0: calls $0.21
*** TURN *** [Ts 4c 5s] [3c]
bc422577: bets $0.69
d25e24a0: calls $0.69
*** RIVER *** [Ts 4c 5s 3c] [Jh]
bc422577: bets $2.07
d25e24a0: folds
Uncalled bet ($2.07) returned to bc422577
*** SHOWDOWN ***
bc422577 collected $1.9 from pot
*** SUMMARY ***
Total pot $2.07 | Rake $0.12 | Jackpot $0.05 | Bingo $0 | Fortune $0
Board [Ts 4c 5s 3c Jh]
Seat 1: d25e24a0 folded on the River
Seat 2: d92453ce (button) folded before Flop (didn't bet)
Seat 3: a214a86a (small blind) folded before Flop
Seat 4: 8ad48aeb (big blind) folded before Flop
Seat 5: bc422577 won ($1.9)
Seat 6: Hero folded before Flop (didn't bet)


Poker Hand #HD1170272984: Hold'em No Limit  ($0.02/$0.05) - 2023/03/21 23:11:13
Table 'NLHBlue65' 6-max Seat #1 is the button
Seat 1: d25e24a0 ($5.83 in chips)
Seat 2: d92453ce ($6.39 in chips)
Seat 3: a214a86a ($5 in chips)
Seat 5: bc422577 ($4.32 in chips)
Seat 6: Hero ($6.29 in chips)
d92453ce: posts small blind $0.02
a214a86a: posts big blind $0.05
*** HOLE CARDS ***
Dealt to d25e24a0 
Dealt to d92453ce 
Dealt to a214a86a 
Dealt to bc422577 
Dealt to Hero [Kc 8h]
bc422577: folds
Hero: folds
d25e24a0: folds
d92453ce: folds
Uncalled bet ($0.03) returned to a214a86a
*** SHOWDOWN ***
a214a86a collected $0.04 from pot
*** SUMMARY ***
Total pot $0.04 | Rake $0 | Jackpot $0 | Bingo $0 | Fortune $0
Seat 1: d25e24a0 (button) folded before Flop (didn't bet)
Seat 2: d92453ce (small blind) folded before Flop
Seat 3: a214a86a (big blind) collected ($0.04)
Seat 5: bc422577 folded before Flop (didn't bet)
Seat 6: Hero folded before Flop (didn't bet)


Poker Hand #HD1170272943: Hold'em No Limit  ($0.02/$0.05) - 2023/03/21 23:10:55
Table 'NLHBlue65' 6-max Seat #6 is the button
Seat 1: d25e24a0 ($5.85 in chips)
Seat 2: d92453ce ($6.37 in chips)
Seat 3: a214a86a ($5 in chips)
Seat 5: bc422577 ($4.32 in chips)
Seat 6: Hero ($6.29 in chips)
d25e24a0: posts small blind $0.02
d92453ce: posts big blind $0.05
*** HOLE CARDS ***
Dealt to d25e24a0 
Dealt to d92453ce 
Dealt to a214a86a 
Dealt to bc422577 
Dealt to Hero [3d Js]
a214a86a: folds
bc422577: folds
Hero: folds
d25e24a0: folds
Uncalled bet ($0.03) returned to d92453ce
*** SHOWDOWN ***
d92453ce collected $0.04 from pot
*** SUMMARY ***
Total pot $0.04 | Rake $0 | Jackpot $0 | Bingo $0 | Fortune $0
Seat 1: d25e24a0 (small blind) folded before Flop
Seat 2: d92453ce (big blind) collected ($0.04)
Seat 3: a214a86a folded before Flop (didn't bet)
Seat 5: bc422577 folded before Flop (didn't bet)
Seat 6: Hero (button) folded before Flop (didn't bet)


Poker Hand #HD1170272904: Hold'em No Limit  ($0.02/$0.05) - 2023/03/21 23:10:38
Table 'NLHBlue65' 6-max Seat #5 is the button
Seat 1: d25e24a0 ($5.9 in chips)
Seat 2: d92453ce ($6.37 in chips)
Seat 3: a214a86a ($5 in chips)
Seat 5: bc422577 ($4.25 in chips)
Seat 6: Hero ($6.31 in chips)
Hero: posts small blind $0.02
d25e24a0: posts big blind $0.05
*** HOLE CARDS ***
Dealt to d25e24a0 
Dealt to d92453ce 
Dealt to a214a86a 
Dealt to bc422577 
Dealt to Hero [6h 7d]
d92453ce: folds
a214a86a: folds
bc422577: raises $0.1 to $0.15
Hero: folds
d25e24a0: folds
Uncalled bet ($0.1) returned to bc422577
*** SHOWDOWN ***
bc422577 collected $0.12 from pot
*** SUMMARY ***
Total pot $0.12 | Rake $0 | Jackpot $0 | Bingo $0 | Fortune $0
Seat 1: d25e24a0 (big blind) folded before Flop
Seat 2: d92453ce folded before Flop (didn't bet)
Seat 3: a214a86a folded before Flop (didn't bet)
Seat 5: bc422577 (button) collected ($0.12)
Seat 6: Hero (small blind) folded before Flop


Poker Hand #HD1170272865: Hold'em No Limit  ($0.02/$0.05) - 2023/03/21 23:10:22
Table 'NLHBlue65' 6-max Seat #3 is the button
Seat 1: d25e24a0 ($5.9 in chips)
Seat 2: d92453ce ($6.3 in chips)
Seat 3: a214a86a ($5 in chips)
Seat 5: bc422577 ($4.27 in chips)
Seat 6: Hero ($6.36 in chips)
bc422577: posts small blind $0.02
Hero: posts big blind $0.05
*** HOLE CARDS ***
Dealt to d25e24a0 
Dealt to d92453ce 
Dealt to a214a86a 
Dealt to bc422577 
Dealt to Hero [4c Jh]
d25e24a0: folds
d92453ce: raises $0.05 to $0.1
a214a86a: folds
bc422577: folds
Hero: folds
Uncalled bet ($0.05) returned to d92453ce
*** SHOWDOWN ***
d92453ce collected $0.12 from pot
*** SUMMARY ***
Total pot $0.12 | Rake $0 | Jackpot $0 | Bingo $0 | Fortune $0
Seat 1: d25e24a0 folded before Flop (didn't bet)
Seat 2: d92453ce collected ($0.12)
Seat 3: a214a86a (button) folded before Flop (didn't bet)
Seat 5: bc422577 (small blind) folded before Flop
Seat 6: Hero (big blind) folded before Flop


Poker Hand #HD1170272807: Hold'em No Limit  ($0.02/$0.05) - 2023/03/21 23:09:50
Table 'NLHBlue65' 6-max Seat #2 is the button
Seat 1: d25e24a0 ($5.72 in chips)
Seat 2: d92453ce ($6.3 in chips)
Seat 3: a214a86a ($5 in chips)
Seat 5: bc422577 ($4.32 in chips)
Seat 6: Hero ($6.48 in chips)
a214a86a: posts small blind $0.02
bc422577: posts big blind $0.05
*** HOLE CARDS ***
Dealt to d25e24a0 
Dealt to d92453ce 
Dealt to a214a86a 
Dealt to bc422577 
Dealt to Hero [Ad 6d]
Hero: raises $0.07 to $0.12
d25e24a0: raises $0.24 to $0.36
d92453ce: folds
a214a86a: folds
bc422577: folds
Hero: folds
Uncalled bet ($0.24) returned to d25e24a0
*** SHOWDOWN ***
d25e24a0 collected $0.3 from pot
*** SUMMARY ***
Total pot $0.31 | Rake $0.01 | Jackpot $0 | Bingo $0 | Fortune $0
Seat 1: d25e24a0 collected ($0.3)
Seat 2: d92453ce (button) folded before Flop (didn't bet)
Seat 3: a214a86a (small blind) folded before Flop
Seat 5: bc422577 (big blind) folded before Flop
Seat 6: Hero folded before Flop


Poker Hand #HD1170272736: Hold'em No Limit  ($0.02/$0.05) - 2023/03/21 23:09:13
Table 'NLHBlue65' 6-max Seat #1 is the button
Seat 1: d25e24a0 ($5.72 in chips)
Seat 2: d92453ce ($5.76 in chips)
Seat 3: a214a86a ($5 in chips)
Seat 5: bc422577 ($4.32 in chips)
Seat 6: Hero ($6.48 in chips)
d92453ce: posts small blind $0.02
a214a86a: posts big blind $0.05
*** HOLE CARDS ***
Dealt to d25e24a0 
Dealt to d92453ce 
Dealt to a214a86a 
Dealt to bc422577 
Dealt to Hero [6s 2h]
bc422577: folds
Hero: folds
d25e24a0: folds
d92453ce: raises $0.05 to $0.1
a214a86a: raises $0.18 to $0.28
d92453ce: calls $0.18
*** FLOP *** [Qc Jd 3s]
d92453ce: checks
a214a86a: bets $0.32
d92453ce: calls $0.32
*** TURN *** [Qc Jd 3s] [9s]
d92453ce: checks
a214a86a: checks
*** RIVER *** [Qc Jd 3s 9s] [Ad]
d92453ce: bets $0.64
a214a86a: folds
Uncalled bet ($0.64) returned to d92453ce
*** SHOWDOWN ***
d92453ce collected $1.14 from pot
*** SUMMARY ***
Total pot $1.2 | Rake $0.06 | Jackpot $0 | Bingo $0 | Fortune $0
Board [Qc Jd 3s 9s Ad]
Seat 1: d25e24a0 (button) folded before Flop (didn't bet)
Seat 2: d92453ce (small blind) won ($1.14)
Seat 3: a214a86a (big blind) folded on the River
Seat 5: bc422577 folded before Flop (didn't bet)
Seat 6: Hero folded before Flop (didn't bet)


Poker Hand #HD1170272631: Hold'em No Limit  ($0.02/$0.05) - 2023/03/21 23:08:19
Table 'NLHBlue65' 6-max Seat #6 is the button
Seat 1: d25e24a0 ($5.05 in chips)
Seat 2: d92453ce ($5.81 in chips)
Seat 3: a214a86a ($5 in chips)
Seat 5: bc422577 ($4.32 in chips)
Seat 6: Hero ($7.22 in chips)
d25e24a0: posts small blind $0.02
d92453ce: posts big blind $0.05
*** HOLE CARDS ***
Dealt to d25e24a0 
Dealt to d92453ce 
Dealt to a214a86a 
Dealt to bc422577 
Dealt to Hero [Jc 7c]
a214a86a: folds
bc422577: folds
Hero: raises $0.07 to $0.12
d25e24a0: calls $0.1
d92453ce: folds
*** FLOP *** [2c Kc Jh]
d25e24a0: bets $0.16
Hero: calls $0.16
*** TURN *** [2c Kc Jh] [9h]
d25e24a0: bets $0.46
Hero: calls $0.46
*** RIVER *** [2c Kc Jh 9h] [3s]
d25e24a0: bets $1.16
Hero: folds
Uncalled bet ($1.16) returned to d25e24a0
*** SHOWDOWN ***
d25e24a0 collected $1.41 from pot
*** SUMMARY ***
Total pot $1.53 | Rake $0.07 | Jackpot $0.05 | Bingo $0 | Fortune $0
Board [2c Kc Jh 9h 3s]
Seat 1: d25e24a0 (small blind) won ($1.41)
Seat 2: d92453ce (big blind) folded before Flop
Seat 3: a214a86a folded before Flop (didn't bet)
Seat 5: bc422577 folded before Flop (didn't bet)
Seat 6: Hero (button) folded on the River


Poker Hand #HD1170272568: Hold'em No Limit  ($0.02/$0.05) - 2023/03/21 23:07:49
Table 'NLHBlue65' 6-max Seat #5 is the button
Seat 1: d25e24a0 ($5.1 in chips)
Seat 2: d92453ce ($5.81 in chips)
Seat 3: a214a86a ($5 in chips)
Seat 4: 8ad48aeb ($12.64 in chips)
Seat 5: bc422577 ($4.32 in chips)
Seat 6: Hero ($7.24 in chips)
Hero: posts small blind $0.02
d25e24a0: posts big blind $0.05
*** HOLE CARDS ***
Dealt to d25e24a0 
Dealt to d92453ce 
Dealt to a214a86a 
Dealt to 8ad48aeb 
Dealt to bc422577 
Dealt to Hero [6h Kd]
d92453ce: folds
a214a86a: raises $0.08 to $0.13
8ad48aeb: raises $0.35 to $0.48
bc422577: folds
Hero: folds
d25e24a0: folds
a214a86a: folds
Uncalled bet ($0.35) returned to 8ad48aeb
*** SHOWDOWN ***
8ad48aeb collected $0.32 from pot
*** SUMMARY ***
Total pot $0.33 | Rake $0.01 | Jackpot $0 | Bingo $0 | Fortune $0
Seat 1: d25e24a0 (big blind) folded before Flop
Seat 2: d92453ce folded before Flop (didn't bet)
Seat 3: a214a86a folded before Flop
Seat 4: 8ad48aeb collected ($0.32)
Seat 5: bc422577 (button) folded before Flop (didn't bet)
Seat 6: Hero (small blind) folded before Flop


Poker Hand #HD1170272477: Hold'em No Limit  ($0.02/$0.05) - 2023/03/21 23:07:07
Table 'NLHBlue65' 6-max Seat #4 is the button
Seat 1: d25e24a0 ($5.1 in chips)
Seat 2: d92453ce ($5.81 in chips)
Seat 3: a214a86a ($5 in chips)
Seat 4: 8ad48aeb ($12.64 in chips)
Seat 5: bc422577 ($4.17 in chips)
Seat 6: Hero ($7.41 in chips)
bc422577: posts small blind $0.02
Hero: posts big blind $0.05
*** HOLE CARDS ***
Dealt to d25e24a0 
Dealt to d92453ce 
Dealt to a214a86a 
Dealt to 8ad48aeb 
Dealt to bc422577 
Dealt to Hero [9c Ts]
d25e24a0: folds
d92453ce: folds
a214a86a: folds
8ad48aeb: folds
bc422577: calls $0.03
Hero: checks
*** FLOP *** [3d 9s 7c]
bc422577: bets $0.05
Hero: calls $0.05
*** TURN *** [3d 9s 7c] [3h]
bc422577: checks
Hero: bets $0.07
bc422577: calls $0.07
*** RIVER *** [3d 9s 7c 3h] [Kh]
bc422577: bets $0.26
Hero: folds
Uncalled bet ($0.26) returned to bc422577
*** SHOWDOWN ***
bc422577 collected $0.32 from pot
*** SUMMARY ***
Total pot $0.34 | Rake $0.02 | Jackpot $0 | Bingo $0 | Fortune $0
Board [3d 9s 7c 3h Kh]
Seat 1: d25e24a0 folded before Flop (didn't bet)
Seat 2: d92453ce folded before Flop (didn't bet)
Seat 3: a214a86a folded before Flop (didn't bet)
Seat 4: 8ad48aeb (button) folded before Flop (didn't bet)
Seat 5: bc422577 (small blind) won ($0.32)
Seat 6: Hero (big blind) folded on the River


Poker Hand #HD1170272351: Hold'em No Limit  ($0.02/$0.05) - 2023/03/21 23:06:09
Table 'NLHBlue65' 6-max Seat #3 is the button
Seat 1: d25e24a0 ($5.1 in chips)
Seat 2: d92453ce ($5.81 in chips)
Seat 3: a214a86a ($5 in chips)
Seat 4: 8ad48aeb ($12.66 in chips)
Seat 5: bc422577 ($5 in chips)
Seat 6: Hero ($6.3 in chips)
8ad48aeb: posts small blind $0.02
bc422577: posts big blind $0.05
*** HOLE CARDS ***
Dealt to d25e24a0 
Dealt to d92453ce 
Dealt to a214a86a 
Dealt to 8ad48aeb 
Dealt to bc422577 
Dealt to Hero [Ah Kc]
Hero: raises $0.07 to $0.12
d25e24a0: folds
d92453ce: folds
a214a86a: calls $0.12
8ad48aeb: folds
bc422577: raises $0.29 to $0.41
Hero: calls $0.29
a214a86a: calls $0.29
*** FLOP *** [Qs 5c Ts]
bc422577: checks
Hero: checks
a214a86a: checks
*** TURN *** [Qs 5c Ts] [Ks]
bc422577: checks
Hero: bets $0.42
a214a86a: folds
bc422577: calls $0.42
*** RIVER *** [Qs 5c Ts Ks] [4d]
bc422577: checks
Hero: checks
bc422577: shows [Js Jc] (Pair of Jacks)
Hero: shows [Ah Kc] (Pair of Kings)
*** SHOWDOWN ***
Hero collected $1.94 from pot
*** SUMMARY ***
Total pot $2.09 | Rake $0.1 | Jackpot $0.05 | Bingo $0 | Fortune $0
Board [Qs 5c Ts Ks 4d]
Seat 1: d25e24a0 folded before Flop (didn't bet)
Seat 2: d92453ce folded before Flop (didn't bet)
Seat 3: a214a86a (button) folded on the Turn
Seat 4: 8ad48aeb (small blind) folded before Flop
Seat 5: bc422577 (big blind) showed [Js Jc] and lost with Pair of Jacks
Seat 6: Hero showed [Ah Kc] and won ($1.94) with Pair of Kings


Poker Hand #HD1170272254: Hold'em No Limit  ($0.02/$0.05) - 2023/03/21 23:05:14
Table 'NLHBlue65' 6-max Seat #2 is the button
Seat 1: d25e24a0 ($5 in chips)
Seat 2: d92453ce ($5.81 in chips)
Seat 3: a214a86a ($5.05 in chips)
Seat 4: 8ad48aeb ($12.71 in chips)
Seat 6: Hero ($6.3 in chips)
a214a86a: posts small blind $0.02
8ad48aeb: posts big blind $0.05
d25e24a0: posts big blind $0.05
*** HOLE CARDS ***
Dealt to d25e24a0 
Dealt to d92453ce 
Dealt to a214a86a 
Dealt to 8ad48aeb 
Dealt to Hero [4d 7d]
Hero: folds
d25e24a0: checks
d92453ce: folds
a214a86a: calls $0.03
8ad48aeb: checks
*** FLOP *** [8s As 9h]
a214a86a: checks
8ad48aeb: checks
d25e24a0: checks
*** TURN *** [8s As 9h] [4s]
a214a86a: checks
8ad48aeb: checks
d25e24a0: checks
*** RIVER *** [8s As 9h 4s] [3s]
a214a86a: checks
8ad48aeb: checks
d25e24a0: bets $0.12
a214a86a: folds
8ad48aeb: folds
Uncalled bet ($0.12) returned to d25e24a0
*** SHOWDOWN ***
d25e24a0 collected $0.15 from pot
*** SUMMARY ***
Total pot $0.15 | Rake $0 | Jackpot $0 | Bingo $0 | Fortune $0
Board [8s As 9h 4s 3s]
Seat 1: d25e24a0 won ($0.15)
Seat 2: d92453ce (button) folded before Flop (didn't bet)
Seat 3: a214a86a (small blind) folded on the River
Seat 4: 8ad48aeb (big blind) folded on the River
Seat 6: Hero folded before Flop (didn't bet)


Poker Hand #HD1170272222: Hold'em No Limit  ($0.02/$0.05) - 2023/03/21 23:04:57
Table 'NLHBlue65' 6-max Seat #6 is the button
Seat 2: d92453ce ($5.76 in chips)
Seat 3: a214a86a ($5 in chips)
Seat 4: 8ad48aeb ($12.71 in chips)
Seat 6: Hero ($6.3 in chips)
d92453ce: posts small blind $0.02
a214a86a: posts big blind $0.05
*** HOLE CARDS ***
Dealt to d92453ce 
Dealt to a214a86a 
Dealt to 8ad48aeb 
Dealt to Hero [6d 5s]
8ad48aeb: folds
Hero: folds
d92453ce: raises $0.05 to $0.1
a214a86a: folds
Uncalled bet ($0.05) returned to d92453ce
*** SHOWDOWN ***
d92453ce collected $0.1 from pot
*** SUMMARY ***
Total pot $0.1 | Rake $0 | Jackpot $0 | Bingo $0 | Fortune $0
Seat 2: d92453ce (small blind) collected ($0.1)
Seat 3: a214a86a (big blind) folded before Flop
Seat 4: 8ad48aeb folded before Flop (didn't bet)
Seat 6: Hero (button) folded before Flop (didn't bet)


Poker Hand #HD1170272205: Hold'em No Limit  ($0.02/$0.05) - 2023/03/21 23:04:50
Table 'NLHBlue65' 6-max Seat #4 is the button
Seat 2: d92453ce ($5.74 in chips)
Seat 4: 8ad48aeb ($12.71 in chips)
Seat 6: Hero ($6.32 in chips)
Hero: posts small blind $0.02
d92453ce: posts big blind $0.05
*** HOLE CARDS ***
Dealt to d92453ce 
Dealt to 8ad48aeb 
Dealt to Hero [Kh 5d]
8ad48aeb: folds
Hero: folds
Uncalled bet ($0.03) returned to d92453ce
*** SHOWDOWN ***
d92453ce collected $0.04 from pot
*** SUMMARY ***
Total pot $0.04 | Rake $0 | Jackpot $0 | Bingo $0 | Fortune $0
Seat 2: d92453ce (big blind) collected ($0.04)
Seat 4: 8ad48aeb (button) folded before Flop (didn't bet)
Seat 6: Hero (small blind) folded before Flop


Poker Hand #HD1170272193: Hold'em No Limit  ($0.02/$0.05) - 2023/03/21 23:04:43
Table 'NLHBlue65' 6-max Seat #2 is the button
Seat 2: d92453ce ($5.74 in chips)
Seat 4: 8ad48aeb ($12.73 in chips)
Seat 6: Hero ($6.3 in chips)
8ad48aeb: posts small blind $0.02
Hero: posts big blind $0.05
*** HOLE CARDS ***
Dealt to d92453ce 
Dealt to 8ad48aeb 
Dealt to Hero [4s Ks]
d92453ce: folds
8ad48aeb: folds
Uncalled bet ($0.03) returned to Hero
*** SHOWDOWN ***
Hero collected $0.04 from pot
*** SUMMARY ***
Total pot $0.04 | Rake $0 | Jackpot $0 | Bingo $0 | Fortune $0
Seat 2: d92453ce (button) folded before Flop (didn't bet)
Seat 4: 8ad48aeb (small blind) folded before Flop
Seat 6: Hero (big blind) collected ($0.04)


Poker Hand #HD1170272101: Hold'em No Limit  ($0.02/$0.05) - 2023/03/21 23:04:05
Table 'NLHBlue65' 6-max Seat #6 is the button
Seat 2: d92453ce ($5.76 in chips)
Seat 4: 8ad48aeb ($13.85 in chips)
Seat 6: Hero ($5.32 in chips)
d92453ce: posts small blind $0.02
8ad48aeb: posts big blind $0.05
*** HOLE CARDS ***
Dealt to d92453ce 
Dealt to 8ad48aeb 
Dealt to Hero [Ks Kd]
Hero: raises $0.07 to $0.12
d92453ce: folds
8ad48aeb: raises $0.34 to $0.46
Hero: raises $0.66 to $1.12
8ad48aeb: calls $0.66
*** FLOP *** [Ah 6h Kc]
8ad48aeb: checks
Hero: bets $0.94
8ad48aeb: folds
Uncalled bet ($0.94) returned to Hero
*** SHOWDOWN ***
Hero collected $2.1 from pot
*** SUMMARY ***
Total pot $2.26 | Rake $0.11 | Jackpot $0.05 | Bingo $0 | Fortune $0
Board [Ah 6h Kc]
Seat 2: d92453ce (small blind) folded before Flop
Seat 4: 8ad48aeb (big blind) folded on the Flop
Seat 6: Hero (button) won ($2.1)


Poker Hand #HD1170272043: Hold'em No Limit  ($0.02/$0.05) - 2023/03/21 23:03:31
Table 'NLHBlue65' 6-max Seat #4 is the button
Seat 2: d92453ce ($5.98 in chips)
Seat 4: 8ad48aeb ($13.85 in chips)
Seat 5: 65998513 ($5 in chips)
Seat 6: Hero ($5.1 in chips)
65998513: posts small blind $0.02
Hero: posts big blind $0.05
*** HOLE CARDS ***
Dealt to d92453ce 
Dealt to 8ad48aeb 
Dealt to 65998513 
Dealt to Hero [Jd 9c]
d92453ce: raises $0.05 to $0.1
8ad48aeb: folds
65998513: folds
Hero: calls $0.05
*** FLOP *** [Js 9h 5d]
Hero: checks
d92453ce: bets $0.12
Hero: raises $0.24 to $0.36
d92453ce: folds
Uncalled bet ($0.24) returned to Hero
*** SHOWDOWN ***
Hero collected $0.44 from pot
*** SUMMARY ***
Total pot $0.46 | Rake $0.02 | Jackpot $0 | Bingo $0 | Fortune $0
Board [Js 9h 5d]
Seat 2: d92453ce folded on the Flop
Seat 4: 8ad48aeb (button) folded before Flop (didn't bet)
Seat 5: 65998513 (small blind) folded before Flop
Seat 6: Hero (big blind) won ($0.44)


Poker Hand #HD1170272020: Hold'em No Limit  ($0.02/$0.05) - 2023/03/21 23:03:18
Table 'NLHBlue65' 6-max Seat #2 is the button
Seat 2: d92453ce ($5.98 in chips)
Seat 4: 8ad48aeb ($13.8 in chips)
Seat 5: 65998513 ($5 in chips)
Seat 6: Hero ($5.1 in chips)
8ad48aeb: posts small blind $0.02
65998513: posts big blind $0.05
*** HOLE CARDS ***
Dealt to d92453ce 
Dealt to 8ad48aeb 
Dealt to 65998513 
Dealt to Hero [2d 8h]
Hero: folds
d92453ce: folds
8ad48aeb: raises $0.08 to $0.13
65998513: folds
Uncalled bet ($0.08) returned to 8ad48aeb
*** SHOWDOWN ***
8ad48aeb collected $0.1 from pot
*** SUMMARY ***
Total pot $0.1 | Rake $0 | Jackpot $0 | Bingo $0 | Fortune $0
Seat 2: d92453ce (button) folded before Flop (didn't bet)
Seat 4: 8ad48aeb (small blind) collected ($0.1)
Seat 5: 65998513 (big blind) folded before Flop
Seat 6: Hero folded before Flop (didn't bet)


Poker Hand #HD1170272003: Hold'em No Limit  ($0.02/$0.05) - 2023/03/21 23:03:11
Table 'NLHBlue65' 6-max Seat #6 is the button
Seat 2: d92453ce ($6 in chips)
Seat 4: 8ad48aeb ($13.78 in chips)
Seat 5: 65998513 ($5 in chips)
Seat 6: Hero ($5.1 in chips)
d92453ce: posts small blind $0.02
8ad48aeb: posts big blind $0.05
*** HOLE CARDS ***
Dealt to d92453ce 
Dealt to 8ad48aeb 
Dealt to 65998513 
Dealt to Hero [Qs 5c]
65998513: folds
Hero: folds
d92453ce: folds
Uncalled bet ($0.03) returned to 8ad48aeb
*** SHOWDOWN ***
8ad48aeb collected $0.04 from pot
*** SUMMARY ***
Total pot $0.04 | Rake $0 | Jackpot $0 | Bingo $0 | Fortune $0
Seat 2: d92453ce (small blind) folded before Flop
Seat 4: 8ad48aeb (big blind) collected ($0.04)
Seat 5: 65998513 folded before Flop (didn't bet)
Seat 6: Hero (button) folded before Flop (didn't bet)


Poker Hand #HD1170271953: Hold'em No Limit  ($0.02/$0.05) - 2023/03/21 23:02:50
Table 'NLHBlue65' 6-max Seat #5 is the button
Seat 2: d92453ce ($6.05 in chips)
Seat 4: 8ad48aeb ($13.78 in chips)
Seat 5: 65998513 ($5 in chips)
Seat 6: Hero ($5.05 in chips)
Hero: posts small blind $0.02
d92453ce: posts big blind $0.05
*** HOLE CARDS ***
Dealt to d92453ce 
Dealt to 8ad48aeb 
Dealt to 65998513 
Dealt to Hero [2c Qc]
8ad48aeb: folds
65998513: folds
Hero: raises $0.09 to $0.14
d92453ce: folds
Uncalled bet ($0.09) returned to Hero
*** SHOWDOWN ***
Hero collected $0.1 from pot
*** SUMMARY ***
Total pot $0.1 | Rake $0 | Jackpot $0 | Bingo $0 | Fortune $0
Seat 2: d92453ce (big blind) folded before Flop
Seat 4: 8ad48aeb folded before Flop (didn't bet)
Seat 5: 65998513 (button) folded before Flop (didn't bet)
Seat 6: Hero (small blind) collected ($0.1)


Poker Hand #HD1170271864: Hold'em No Limit  ($0.02/$0.05) - 2023/03/21 23:02:11
Table 'NLHBlue65' 6-max Seat #4 is the button
Seat 2: d92453ce ($6.05 in chips)
Seat 4: 8ad48aeb ($13.78 in chips)
Seat 5: 65998513 ($5.02 in chips)
Seat 6: Hero ($5 in chips)
65998513: posts small blind $0.02
Hero: posts big blind $0.05
*** HOLE CARDS ***
Dealt to d92453ce 
Dealt to 8ad48aeb 
Dealt to 65998513 
Dealt to Hero [Qs 6h]
d92453ce: folds
8ad48aeb: folds
65998513: calls $0.03
Hero: checks
*** FLOP *** [3c 7s Kc]
65998513: checks
Hero: checks
*** TURN *** [3c 7s Kc] [2h]
65998513: checks
Hero: checks
*** RIVER *** [3c 7s Kc 2h] [Qc]
65998513: checks
Hero: bets $0.05
65998513: folds
Uncalled bet ($0.05) returned to Hero
*** SHOWDOWN ***
Hero collected $0.1 from pot
*** SUMMARY ***
Total pot $0.1 | Rake $0 | Jackpot $0 | Bingo $0 | Fortune $0
Board [3c 7s Kc 2h Qc]
Seat 2: d92453ce folded before Flop (didn't bet)
Seat 4: 8ad48aeb (button) folded before Flop (didn't bet)
Seat 5: 65998513 (small blind) folded on the River
Seat 6: Hero (big blind) won ($0.1)


Poker Hand #HD1170271845: Hold'em No Limit  ($0.02/$0.05) - 2023/03/21 23:02:03
Table 'NLHBlue65' 6-max Seat #2 is the button
Seat 2: d92453ce ($6.05 in chips)
Seat 4: 8ad48aeb ($13.8 in chips)
Seat 5: 65998513 ($5 in chips)
Seat 6: Hero ($5 in chips)
8ad48aeb: posts small blind $0.02
65998513: posts big blind $0.05
*** HOLE CARDS ***
Dealt to d92453ce 
Dealt to 8ad48aeb 
Dealt to 65998513 
Dealt to Hero [4d 2s]
Hero: folds
d92453ce: folds
8ad48aeb: folds
Uncalled bet ($0.03) returned to 65998513
*** SHOWDOWN ***
65998513 collected $0.04 from pot
*** SUMMARY ***
Total pot $0.04 | Rake $0 | Jackpot $0 | Bingo $0 | Fortune $0
Seat 2: d92453ce (button) folded before Flop (didn't bet)
Seat 4: 8ad48aeb (small blind) folded before Flop
Seat 5: 65998513 (big blind) collected ($0.04)
Seat 6: Hero folded before Flop (didn't bet)


Poker Hand #HD1170271821: Hold'em No Limit  ($0.02/$0.05) - 2023/03/21 23:01:54
Table 'NLHBlue65' 6-max Seat #6 is the button
Seat 1: c86d74c0 ($5 in chips)
Seat 2: d92453ce ($6.03 in chips)
Seat 4: 8ad48aeb ($13.8 in chips)
Seat 5: 65998513 ($5 in chips)
Seat 6: Hero ($5 in chips)
c86d74c0: posts small blind $0.02
d92453ce: posts big blind $0.05
*** HOLE CARDS ***
Dealt to c86d74c0 
Dealt to d92453ce 
Dealt to 8ad48aeb 
Dealt to 65998513 
Dealt to Hero [2c 4h]
8ad48aeb: folds
65998513: folds
Hero: folds
c86d74c0: folds
Uncalled bet ($0.03) returned to d92453ce
*** SHOWDOWN ***
d92453ce collected $0.04 from pot
*** SUMMARY ***
Total pot $0.04 | Rake $0 | Jackpot $0 | Bingo $0 | Fortune $0
Seat 1: c86d74c0 (small blind) folded before Flop
Seat 2: d92453ce (big blind) collected ($0.04)
Seat 4: 8ad48aeb folded before Flop (didn't bet)
Seat 5: 65998513 folded before Flop (didn't bet)
Seat 6: Hero (button) folded before Flop (didn't bet)


Poker Hand #HD1170271683: Hold'em No Limit  ($0.02/$0.05) - 2023/03/21 23:00:50
Table 'NLHBlue65' 6-max Seat #5 is the button
Seat 1: c86d74c0 ($5.52 in chips)
Seat 2: d92453ce ($6.03 in chips)
Seat 4: 8ad48aeb ($12.88 in chips)
Seat 5: 65998513 ($5 in chips)
Seat 6: Hero ($5.14 in chips)
Hero: posts small blind $0.02
c86d74c0: posts big blind $0.05
*** HOLE CARDS ***
Dealt to c86d74c0 
Dealt to d92453ce 
Dealt to 8ad48aeb 
Dealt to 65998513 
Dealt to Hero [9h 9c]
d92453ce: folds
8ad48aeb: raises $0.08 to $0.13
65998513: folds
Hero: calls $0.11
c86d74c0: calls $0.08
*** FLOP *** [6h 7h Qh]
Hero: checks
c86d74c0: bets $0.13
8ad48aeb: calls $0.13
Hero: calls $0.13
*** TURN *** [6h 7h Qh] [Tc]
Hero: checks
c86d74c0: bets $0.26
8ad48aeb: calls $0.26
Hero: calls $0.26
*** RIVER *** [6h 7h Qh Tc] [4c]
Hero: checks
c86d74c0: checks
8ad48aeb: checks
Hero: shows [9h 9c] (Pair of Nines)
c86d74c0: shows [4h 3s] (Pair of Fours)
8ad48aeb: shows [As Th] (Pair of Tens)
*** SHOWDOWN ***
8ad48aeb collected $1.44 from pot
*** SUMMARY ***
Total pot $1.56 | Rake $0.07 | Jackpot $0.05 | Bingo $0 | Fortune $0
Board [6h 7h Qh Tc 4c]
Seat 1: c86d74c0 (big blind) showed [4h 3s] and lost with Pair of Fours
Seat 2: d92453ce folded before Flop (didn't bet)
Seat 4: 8ad48aeb showed [As Th] and won ($1.44) with Pair of Tens
Seat 5: 65998513 (button) folded before Flop (didn't bet)
Seat 6: Hero (small blind) showed [9h 9c] and lost with Pair of Nines


Poker Hand #HD1170271618: Hold'em No Limit  ($0.02/$0.05) - 2023/03/21 23:00:19
Table 'NLHBlue65' 6-max Seat #4 is the button
Seat 1: c86d74c0 ($5.52 in chips)
Seat 2: d92453ce ($6.03 in chips)
Seat 4: 8ad48aeb ($13.01 in chips)
Seat 5: 65998513 ($5 in chips)
Seat 6: Hero ($5 in chips)
65998513: posts small blind $0.02
Hero: posts big blind $0.05
*** HOLE CARDS ***
Dealt to c86d74c0 
Dealt to d92453ce 
Dealt to 8ad48aeb 
Dealt to 65998513 
Dealt to Hero [Kh Jh]
c86d74c0: folds
d92453ce: folds
8ad48aeb: raises $0.08 to $0.13
65998513: folds
Hero: raises $0.31 to $0.44
8ad48aeb: folds
Uncalled bet ($0.31) returned to Hero
*** SHOWDOWN ***
Hero collected $0.27 from pot
*** SUMMARY ***
Total pot $0.28 | Rake $0.01 | Jackpot $0 | Bingo $0 | Fortune $0
Seat 1: c86d74c0 folded before Flop (didn't bet)
Seat 2: d92453ce folded before Flop (didn't bet)
Seat 4: 8ad48aeb (button) folded before Flop
Seat 5: 65998513 (small blind) folded before Flop
Seat 6: Hero (big blind) collected ($0.27)


Poker Hand #HD1170271525: Hold'em No Limit  ($0.02/$0.05) - 2023/03/21 22:59:37
Table 'NLHBlue65' 6-max Seat #2 is the button
Seat 1: c86d74c0 ($5.45 in chips)
Seat 2: d92453ce ($6.03 in chips)
Seat 3: a214a86a ($5 in chips)
Seat 4: 8ad48aeb ($13.06 in chips)
Seat 5: 65998513 ($5 in chips)
Seat 6: Hero ($5 in chips)
a214a86a: posts small blind $0.02
8ad48aeb: posts big blind $0.05
*** HOLE CARDS ***
Dealt to c86d74c0 
Dealt to d92453ce 
Dealt to a214a86a 
Dealt to 8ad48aeb 
Dealt to 65998513 
Dealt to Hero [6c 7h]
65998513: folds
Hero: folds
c86d74c0: raises $0.15 to $0.2
d92453ce: folds
a214a86a: folds
8ad48aeb: folds
Uncalled bet ($0.15) returned to c86d74c0
*** SHOWDOWN ***
c86d74c0 collected $0.12 from pot
*** SUMMARY ***
Total pot $0.12 | Rake $0 | Jackpot $0 | Bingo $0 | Fortune $0
Seat 1: c86d74c0 collected ($0.12)
Seat 2: d92453ce (button) folded before Flop (didn't bet)
Seat 3: a214a86a (small blind) folded before Flop
Seat 4: 8ad48aeb (big blind) folded before Flop
Seat 5: 65998513 folded before Flop (didn't bet)
Seat 6: Hero folded before Flop (didn't bet)


Poker Hand #HD1170271416: Hold'em No Limit  ($0.02/$0.05) - 2023/03/21 22:58:44
Table 'NLHBlue65' 6-max Seat #1 is the button
Seat 1: c86d74c0 ($5.72 in chips)
Seat 2: d92453ce ($5.74 in chips)
Seat 3: a214a86a ($5.04 in chips)
Seat 4: 8ad48aeb ($13.06 in chips)
Seat 5: 65998513 ($5 in chips)
Seat 6: Hero ($5 in chips)
d92453ce: posts small blind $0.02
a214a86a: posts big blind $0.05
*** HOLE CARDS ***
Dealt to c86d74c0 
Dealt to d92453ce 
Dealt to a214a86a 
Dealt to 8ad48aeb 
Dealt to 65998513 
Dealt to Hero [4d Td]
8ad48aeb: folds
65998513: folds
Hero: folds
c86d74c0: raises $0.1 to $0.15
d92453ce: calls $0.13
a214a86a: folds
*** FLOP *** [Tc 8d 9s]
d92453ce: checks
c86d74c0: bets $0.12
d92453ce: calls $0.12
*** TURN *** [Tc 8d 9s] [4c]
d92453ce: checks
c86d74c0: checks
*** RIVER *** [Tc 8d 9s 4c] [Ac]
d92453ce: checks
c86d74c0: checks
d92453ce: shows [Ah 8h] (Pair of Aces and Pair of Eights)
c86d74c0: shows [Kd 7d] (Ace-High)
*** SHOWDOWN ***
d92453ce collected $0.56 from pot
*** SUMMARY ***
Total pot $0.59 | Rake $0.03 | Jackpot $0 | Bingo $0 | Fortune $0
Board [Tc 8d 9s 4c Ac]
Seat 1: c86d74c0 (button) showed [Kd 7d] and lost with Ace-High
Seat 2: d92453ce (small blind) showed [Ah 8h] and won ($0.56) with Pair of Aces and Pair of Eights
Seat 3: a214a86a (big blind) folded before Flop
Seat 4: 8ad48aeb folded before Flop (didn't bet)
Seat 5: 65998513 folded before Flop (didn't bet)
Seat 6: Hero folded before Flop (didn't bet)


Poker Hand #HD1170271287: Hold'em No Limit  ($0.02/$0.05) - 2023/03/21 22:57:50
Table 'NLHBlue65' 6-max Seat #6 is the button
Seat 1: c86d74c0 ($5.13 in chips)
Seat 2: d92453ce ($5.79 in chips)
Seat 3: a214a86a ($5.17 in chips)
Seat 4: 8ad48aeb ($13.06 in chips)
Seat 5: 65998513 ($5.07 in chips)
Seat 6: Hero ($5 in chips)
c86d74c0: posts small blind $0.02
d92453ce: posts big blind $0.05
*** HOLE CARDS ***
Dealt to c86d74c0 
Dealt to d92453ce 
Dealt to a214a86a 
Dealt to 8ad48aeb 
Dealt to 65998513 
Dealt to Hero [6c Th]
a214a86a: raises $0.08 to $0.13
8ad48aeb: folds
65998513: calls $0.13
Hero: folds
c86d74c0: calls $0.11
d92453ce: folds
*** FLOP *** [Kh 8d Ac]
c86d74c0: bets $0.33
a214a86a: folds
65998513: calls $0.33
*** TURN *** [Kh 8d Ac] [4s]
c86d74c0: bets $0.37
65998513: folds
Uncalled bet ($0.37) returned to c86d74c0
*** SHOWDOWN ***
c86d74c0 collected $1.05 from pot
*** SUMMARY ***
Total pot $1.1 | Rake $0.05 | Jackpot $0 | Bingo $0 | Fortune $0
Board [Kh 8d Ac 4s]
Seat 1: c86d74c0 (small blind) won ($1.05)
Seat 2: d92453ce (big blind) folded before Flop
Seat 3: a214a86a folded on the Flop
Seat 4: 8ad48aeb folded before Flop (didn't bet)
Seat 5: 65998513 folded on the Turn
Seat 6: Hero (button) folded before Flop (didn't bet)


Poker Hand #HD1170271185: Hold'em No Limit  ($0.02/$0.05) - 2023/03/21 22:56:59
Table 'NLHBlue65' 6-max Seat #5 is the button
Seat 1: c86d74c0 ($5 in chips)
Seat 2: d92453ce ($5.79 in chips)
Seat 3: a214a86a ($5.17 in chips)
Seat 4: 8ad48aeb ($13.06 in chips)
Seat 5: 65998513 ($5.07 in chips)
Seat 6: Hero ($5.08 in chips)
Hero: posts small blind $0.02
c86d74c0: posts big blind $0.05
*** HOLE CARDS ***
Dealt to c86d74c0 
Dealt to d92453ce 
Dealt to a214a86a 
Dealt to 8ad48aeb 
Dealt to 65998513 
Dealt to Hero [Ac 9s]
d92453ce: folds
a214a86a: folds
8ad48aeb: folds
65998513: folds
Hero: raises $0.09 to $0.14
c86d74c0: calls $0.09
*** FLOP *** [Jc 6s 2s]
Hero: checks
c86d74c0: bets $0.14
Hero: folds
Uncalled bet ($0.14) returned to c86d74c0
*** SHOWDOWN ***
c86d74c0 collected $0.27 from pot
*** SUMMARY ***
Total pot $0.28 | Rake $0.01 | Jackpot $0 | Bingo $0 | Fortune $0
Board [Jc 6s 2s]
Seat 1: c86d74c0 (big blind) won ($0.27)
Seat 2: d92453ce folded before Flop (didn't bet)
Seat 3: a214a86a folded before Flop (didn't bet)
Seat 4: 8ad48aeb folded before Flop (didn't bet)
Seat 5: 65998513 (button) folded before Flop (didn't bet)
Seat 6: Hero (small blind) folded on the Flop


Poker Hand #HD1170271028: Hold'em No Limit  ($0.02/$0.05) - 2023/03/21 22:55:46
Table 'NLHBlue65' 6-max Seat #4 is the button
Seat 1: 6d2c2b71 ($5.25 in chips)
Seat 2: d92453ce ($5.79 in chips)
Seat 3: a214a86a ($5.03 in chips)
Seat 4: 8ad48aeb ($13.06 in chips)
Seat 5: 65998513 ($5.09 in chips)
Seat 6: Hero ($5.21 in chips)
65998513: posts small blind $0.02
Hero: posts big blind $0.05
*** HOLE CARDS ***
Dealt to 6d2c2b71 
Dealt to d92453ce 
Dealt to a214a86a 
Dealt to 8ad48aeb 
Dealt to 65998513 
Dealt to Hero [3d 2d]
6d2c2b71: folds
d92453ce: folds
a214a86a: raises $0.08 to $0.13
8ad48aeb: folds
65998513: folds
Hero: calls $0.08
*** FLOP *** [Jc Js 3s]
Hero: checks
a214a86a: checks
*** TURN *** [Jc Js 3s] [7h]
Hero: checks
a214a86a: checks
*** RIVER *** [Jc Js 3s 7h] [Qc]
Hero: checks
a214a86a: bets $0.16
Hero: folds
Uncalled bet ($0.16) returned to a214a86a
*** SHOWDOWN ***
a214a86a collected $0.27 from pot
*** SUMMARY ***
Total pot $0.28 | Rake $0.01 | Jackpot $0 | Bingo $0 | Fortune $0
Board [Jc Js 3s 7h Qc]
Seat 1: 6d2c2b71 folded before Flop (didn't bet)
Seat 2: d92453ce folded before Flop (didn't bet)
Seat 3: a214a86a won ($0.27)
Seat 4: 8ad48aeb (button) folded before Flop (didn't bet)
Seat 5: 65998513 (small blind) folded before Flop
Seat 6: Hero (big blind) folded on the River


Poker Hand #HD1170270972: Hold'em No Limit  ($0.02/$0.05) - 2023/03/21 22:55:20
Table 'NLHBlue65' 6-max Seat #3 is the button
Seat 1: 6d2c2b71 ($5.25 in chips)
Seat 2: d92453ce ($5.79 in chips)
Seat 3: a214a86a ($5.03 in chips)
Seat 4: 8ad48aeb ($13.08 in chips)
Seat 5: 65998513 ($5.07 in chips)
Seat 6: Hero ($5.21 in chips)
8ad48aeb: posts small blind $0.02
65998513: posts big blind $0.05
*** HOLE CARDS ***
Dealt to 6d2c2b71 
Dealt to d92453ce 
Dealt to a214a86a 
Dealt to 8ad48aeb 
Dealt to 65998513 
Dealt to Hero [Qc 4h]
Hero: folds
6d2c2b71: folds
d92453ce: folds
a214a86a: folds
8ad48aeb: folds
Uncalled bet ($0.03) returned to 65998513
*** SHOWDOWN ***
65998513 collected $0.04 from pot
*** SUMMARY ***
Total pot $0.04 | Rake $0 | Jackpot $0 | Bingo $0 | Fortune $0
Seat 1: 6d2c2b71 folded before Flop (didn't bet)
Seat 2: d92453ce folded before Flop (didn't bet)
Seat 3: a214a86a (button) folded before Flop (didn't bet)
Seat 4: 8ad48aeb (small blind) folded before Flop
Seat 5: 65998513 (big blind) collected ($0.04)
Seat 6: Hero folded before Flop (didn't bet)


Poker Hand #HD1170270928: Hold'em No Limit  ($0.02/$0.05) - 2023/03/21 22:55:01
Table 'NLHBlue65' 6-max Seat #2 is the button
Seat 1: 6d2c2b71 ($5.25 in chips)
Seat 2: d92453ce ($5.79 in chips)
Seat 3: a214a86a ($5.05 in chips)
Seat 4: 8ad48aeb ($13.13 in chips)
Seat 5: 65998513 ($5 in chips)
Seat 6: Hero ($5.21 in chips)
a214a86a: posts small blind $0.02
8ad48aeb: posts big blind $0.05
*** HOLE CARDS ***
Dealt to 6d2c2b71 
Dealt to d92453ce 
Dealt to a214a86a 
Dealt to 8ad48aeb 
Dealt to 65998513 
Dealt to Hero [2h 8s]
65998513: raises $0.1 to $0.15
Hero: folds
6d2c2b71: folds
d92453ce: folds
a214a86a: folds
8ad48aeb: folds
Uncalled bet ($0.1) returned to 65998513
*** SHOWDOWN ***
65998513 collected $0.12 from pot
*** SUMMARY ***
Total pot $0.12 | Rake $0 | Jackpot $0 | Bingo $0 | Fortune $0
Seat 1: 6d2c2b71 folded before Flop (didn't bet)
Seat 2: d92453ce (button) folded before Flop (didn't bet)
Seat 3: a214a86a (small blind) folded before Flop
Seat 4: 8ad48aeb (big blind) folded before Flop
Seat 5: 65998513 collected ($0.12)
Seat 6: Hero folded before Flop (didn't bet)


Poker Hand #HD1170270888: Hold'em No Limit  ($0.02/$0.05) - 2023/03/21 22:54:42
Table 'NLHBlue65' 6-max Seat #1 is the button
Seat 1: 6d2c2b71 ($5.18 in chips)
Seat 2: d92453ce ($5.81 in chips)
Seat 3: a214a86a ($5 in chips)
Seat 4: 8ad48aeb ($13.13 in chips)
Seat 5: 65998513 ($5 in chips)
Seat 6: Hero ($5.21 in chips)
d92453ce: posts small blind $0.02
a214a86a: posts big blind $0.05
*** HOLE CARDS ***
Dealt to 6d2c2b71 
Dealt to d92453ce 
Dealt to a214a86a 
Dealt to 8ad48aeb 
Dealt to 65998513 
Dealt to Hero [Ks 5d]
8ad48aeb: folds
65998513: folds
Hero: folds
6d2c2b71: raises $0.08 to $0.13
d92453ce: folds
a214a86a: folds
Uncalled bet ($0.08) returned to 6d2c2b71
*** SHOWDOWN ***
6d2c2b71 collected $0.12 from pot
*** SUMMARY ***
Total pot $0.12 | Rake $0 | Jackpot $0 | Bingo $0 | Fortune $0
Seat 1: 6d2c2b71 (button) collected ($0.12)
Seat 2: d92453ce (small blind) folded before Flop
Seat 3: a214a86a (big blind) folded before Flop
Seat 4: 8ad48aeb folded before Flop (didn't bet)
Seat 5: 65998513 folded before Flop (didn't bet)
Seat 6: Hero folded before Flop (didn't bet)


Poker Hand #HD1170270791: Hold'em No Limit  ($0.02/$0.05) - 2023/03/21 22:53:56
Table 'NLHBlue65' 6-max Seat #6 is the button
Seat 1: 6d2c2b71 ($5.2 in chips)
Seat 2: d92453ce ($5.22 in chips)
Seat 3: a214a86a ($5 in chips)
Seat 4: 8ad48aeb ($13.13 in chips)
Seat 5: 65998513 ($5 in chips)
Seat 6: Hero ($5.21 in chips)
6d2c2b71: posts small blind $0.02
d92453ce: posts big blind $0.05
*** HOLE CARDS ***
Dealt to 6d2c2b71 
Dealt to d92453ce 
Dealt to a214a86a 
Dealt to 8ad48aeb 
Dealt to 65998513 
Dealt to Hero [7s 3c]
a214a86a: raises $0.08 to $0.13
8ad48aeb: folds
65998513: folds
Hero: folds
6d2c2b71: folds
d92453ce: calls $0.08
*** FLOP *** [2c Ac Ts]
d92453ce: checks
a214a86a: bets $0.16
d92453ce: calls $0.16
*** TURN *** [2c Ac Ts] [4s]
d92453ce: checks
a214a86a: bets $0.34
d92453ce: calls $0.34
*** RIVER *** [2c Ac Ts 4s] [9h]
d92453ce: checks
a214a86a: checks
d92453ce: shows [Jc Tc] (Pair of Tens)
a214a86a: shows [7h Th] (Pair of Tens)
*** SHOWDOWN ***
d92453ce collected $1.22 from pot
*** SUMMARY ***
Total pot $1.28 | Rake $0.06 | Jackpot $0 | Bingo $0 | Fortune $0
Board [2c Ac Ts 4s 9h]
Seat 1: 6d2c2b71 (small blind) folded before Flop
Seat 2: d92453ce (big blind) showed [Jc Tc] and won ($1.22) with Pair of Tens
Seat 3: a214a86a showed [7h Th] and lost with Pair of Tens
Seat 4: 8ad48aeb folded before Flop (didn't bet)
Seat 5: 65998513 folded before Flop (didn't bet)
Seat 6: Hero (button) folded before Flop (didn't bet)


Poker Hand #HD1170270750: Hold'em No Limit  ($0.02/$0.05) - 2023/03/21 22:53:38
Table 'NLHBlue65' 6-max Seat #5 is the button
Seat 1: 6d2c2b71 ($5.25 in chips)
Seat 2: d92453ce ($5.22 in chips)
Seat 3: a214a86a ($5 in chips)
Seat 4: 8ad48aeb ($13.06 in chips)
Seat 5: 65998513 ($5 in chips)
Seat 6: Hero ($5.23 in chips)
Hero: posts small blind $0.02
6d2c2b71: posts big blind $0.05
*** HOLE CARDS ***
Dealt to 6d2c2b71 
Dealt to d92453ce 
Dealt to a214a86a 
Dealt to 8ad48aeb 
Dealt to 65998513 
Dealt to Hero [2d As]
d92453ce: folds
a214a86a: folds
8ad48aeb: raises $0.08 to $0.13
65998513: folds
Hero: folds
6d2c2b71: folds
Uncalled bet ($0.08) returned to 8ad48aeb
*** SHOWDOWN ***
8ad48aeb collected $0.12 from pot
*** SUMMARY ***
Total pot $0.12 | Rake $0 | Jackpot $0 | Bingo $0 | Fortune $0
Seat 1: 6d2c2b71 (big blind) folded before Flop
Seat 2: d92453ce folded before Flop (didn't bet)
Seat 3: a214a86a folded before Flop (didn't bet)
Seat 4: 8ad48aeb collected ($0.12)
Seat 5: 65998513 (button) folded before Flop (didn't bet)
Seat 6: Hero (small blind) folded before Flop


Poker Hand #HD1170270718: Hold'em No Limit  ($0.02/$0.05) - 2023/03/21 22:53:23
Table 'NLHBlue65' 6-max Seat #4 is the button
Seat 1: 6d2c2b71 ($5.25 in chips)
Seat 2: d92453ce ($5.22 in chips)
Seat 3: a214a86a ($5 in chips)
Seat 4: 8ad48aeb ($12.99 in chips)
Seat 5: 65998513 ($5 in chips)
Seat 6: Hero ($5.28 in chips)
65998513: posts small blind $0.02
Hero: posts big blind $0.05
*** HOLE CARDS ***
Dealt to 6d2c2b71 
Dealt to d92453ce 
Dealt to a214a86a 
Dealt to 8ad48aeb 
Dealt to 65998513 
Dealt to Hero [3s 9d]
6d2c2b71: folds
d92453ce: folds
a214a86a: folds
8ad48aeb: raises $0.08 to $0.13
65998513: folds
Hero: folds
Uncalled bet ($0.08) returned to 8ad48aeb
*** SHOWDOWN ***
8ad48aeb collected $0.12 from pot
*** SUMMARY ***
Total pot $0.12 | Rake $0 | Jackpot $0 | Bingo $0 | Fortune $0
Seat 1: 6d2c2b71 folded before Flop (didn't bet)
Seat 2: d92453ce folded before Flop (didn't bet)
Seat 3: a214a86a folded before Flop (didn't bet)
Seat 4: 8ad48aeb (button) collected ($0.12)
Seat 5: 65998513 (small blind) folded before Flop
Seat 6: Hero (big blind) folded before Flop


Poker Hand #HD1170270670: Hold'em No Limit  ($0.02/$0.05) - 2023/03/21 22:53:03
Table 'NLHBlue65' 6-max Seat #3 is the button
Seat 1: 6d2c2b71 ($5.25 in chips)
Seat 2: d92453ce ($5.15 in chips)
Seat 3: a214a86a ($5 in chips)
Seat 4: 8ad48aeb ($13.01 in chips)
Seat 5: 65998513 ($5 in chips)
Seat 6: Hero ($5.28 in chips)
8ad48aeb: posts small blind $0.02
65998513: posts big blind $0.05
*** HOLE CARDS ***
Dealt to 6d2c2b71 
Dealt to d92453ce 
Dealt to a214a86a 
Dealt to 8ad48aeb 
Dealt to 65998513 
Dealt to Hero [Kc 2c]
Hero: folds
6d2c2b71: folds
d92453ce: raises $0.05 to $0.1
a214a86a: folds
8ad48aeb: folds
65998513: folds
Uncalled bet ($0.05) returned to d92453ce
*** SHOWDOWN ***
d92453ce collected $0.12 from pot
*** SUMMARY ***
Total pot $0.12 | Rake $0 | Jackpot $0 | Bingo $0 | Fortune $0
Seat 1: 6d2c2b71 folded before Flop (didn't bet)
Seat 2: d92453ce collected ($0.12)
Seat 3: a214a86a (button) folded before Flop (didn't bet)
Seat 4: 8ad48aeb (small blind) folded before Flop
Seat 5: 65998513 (big blind) folded before Flop
Seat 6: Hero folded before Flop (didn't bet)


Poker Hand #HD1170270610: Hold'em No Limit  ($0.02/$0.05) - 2023/03/21 22:52:33
Table 'NLHBlue65' 6-max Seat #2 is the button
Seat 1: 6d2c2b71 ($5.25 in chips)
Seat 2: d92453ce ($5.15 in chips)
Seat 3: a214a86a ($5 in chips)
Seat 4: 8ad48aeb ($12.85 in chips)
Seat 5: 65998513 ($5.14 in chips)
Seat 6: Hero ($5.28 in chips)
a214a86a: posts small blind $0.02
8ad48aeb: posts big blind $0.05
*** HOLE CARDS ***
Dealt to 6d2c2b71 
Dealt to d92453ce 
Dealt to a214a86a 
Dealt to 8ad48aeb 
Dealt to 65998513 
Dealt to Hero [Kh 3d]
65998513: raises $0.1 to $0.15
Hero: folds
6d2c2b71: folds
d92453ce: folds
a214a86a: folds
8ad48aeb: calls $0.1
*** FLOP *** [Ad 3s 6s]
8ad48aeb: checks
65998513: checks
*** TURN *** [Ad 3s 6s] [9h]
8ad48aeb: bets $0.16
65998513: folds
Uncalled bet ($0.16) returned to 8ad48aeb
*** SHOWDOWN ***
8ad48aeb collected $0.31 from pot
*** SUMMARY ***
Total pot $0.32 | Rake $0.01 | Jackpot $0 | Bingo $0 | Fortune $0
Board [Ad 3s 6s 9h]
Seat 1: 6d2c2b71 folded before Flop (didn't bet)
Seat 2: d92453ce (button) folded before Flop (didn't bet)
Seat 3: a214a86a (small blind) folded before Flop
Seat 4: 8ad48aeb (big blind) won ($0.31)
Seat 5: 65998513 folded on the Turn
Seat 6: Hero folded before Flop (didn't bet)


Poker Hand #HD1170270551: Hold'em No Limit  ($0.02/$0.05) - 2023/03/21 22:52:05
Table 'NLHBlue65' 6-max Seat #1 is the button
Seat 1: 6d2c2b71 ($5.25 in chips)
Seat 2: d92453ce ($5.17 in chips)
Seat 3: a214a86a ($5.05 in chips)
Seat 4: 8ad48aeb ($12.85 in chips)
Seat 5: 65998513 ($5.14 in chips)
Seat 6: Hero ($5.21 in chips)
d92453ce: posts small blind $0.02
a214a86a: posts big blind $0.05
*** HOLE CARDS ***
Dealt to 6d2c2b71 
Dealt to d92453ce 
Dealt to a214a86a 
Dealt to 8ad48aeb 
Dealt to 65998513 
Dealt to Hero [3c 3h]
8ad48aeb: folds
65998513: folds
Hero: raises $0.07 to $0.12
6d2c2b71: folds
d92453ce: folds
a214a86a: folds
Uncalled bet ($0.07) returned to Hero
*** SHOWDOWN ***
Hero collected $0.12 from pot
*** SUMMARY ***
Total pot $0.12 | Rake $0 | Jackpot $0 | Bingo $0 | Fortune $0
Seat 1: 6d2c2b71 (button) folded before Flop (didn't bet)
Seat 2: d92453ce (small blind) folded before Flop
Seat 3: a214a86a (big blind) folded before Flop
Seat 4: 8ad48aeb folded before Flop (didn't bet)
Seat 5: 65998513 folded before Flop (didn't bet)
Seat 6: Hero collected ($0.12)


Poker Hand #HD1170270433: Hold'em No Limit  ($0.02/$0.05) - 2023/03/21 22:51:13
Table 'NLHBlue65' 6-max Seat #6 is the button
Seat 1: 6d2c2b71 ($5.27 in chips)
Seat 2: d92453ce ($5.22 in chips)
Seat 3: a214a86a ($5.05 in chips)
Seat 4: 8ad48aeb ($13 in chips)
Seat 5: 65998513 ($5.14 in chips)
Seat 6: Hero ($5 in chips)
6d2c2b71: posts small blind $0.02
d92453ce: posts big blind $0.05
*** HOLE CARDS ***
Dealt to 6d2c2b71 
Dealt to d92453ce 
Dealt to a214a86a 
Dealt to 8ad48aeb 
Dealt to 65998513 
Dealt to Hero [Th 9h]
a214a86a: folds
8ad48aeb: raises $0.1 to $0.15
65998513: folds
Hero: raises $0.25 to $0.4
6d2c2b71: folds
d92453ce: folds
8ad48aeb: folds
Uncalled bet ($0.25) returned to Hero
*** SHOWDOWN ***
Hero collected $0.36 from pot
*** SUMMARY ***
Total pot $0.37 | Rake $0.01 | Jackpot $0 | Bingo $0 | Fortune $0
Seat 1: 6d2c2b71 (small blind) folded before Flop
Seat 2: d92453ce (big blind) folded before Flop
Seat 3: a214a86a folded before Flop (didn't bet)
Seat 4: 8ad48aeb folded before Flop
Seat 5: 65998513 folded before Flop (didn't bet)
Seat 6: Hero (button) collected ($0.36)


Poker Hand #HD1170270394: Hold'em No Limit  ($0.02/$0.05) - 2023/03/21 22:50:55
Table 'NLHBlue65' 6-max Seat #5 is the button
Seat 1: 6d2c2b71 ($5.32 in chips)
Seat 2: d92453ce ($5.22 in chips)
Seat 3: a214a86a ($5.05 in chips)
Seat 4: 8ad48aeb ($13 in chips)
Seat 5: 65998513 ($5.07 in chips)
Seat 6: Hero ($5 in chips)
Hero: posts small blind $0.02
6d2c2b71: posts big blind $0.05
*** HOLE CARDS ***
Dealt to 6d2c2b71 
Dealt to d92453ce 
Dealt to a214a86a 
Dealt to 8ad48aeb 
Dealt to 65998513 
Dealt to Hero [6c 3s]
d92453ce: folds
a214a86a: folds
8ad48aeb: folds
65998513: raises $0.1 to $0.15
Hero: folds
6d2c2b71: folds
Uncalled bet ($0.1) returned to 65998513
*** SHOWDOWN ***
65998513 collected $0.12 from pot
*** SUMMARY ***
Total pot $0.12 | Rake $0 | Jackpot $0 | Bingo $0 | Fortune $0
Seat 1: 6d2c2b71 (big blind) folded before Flop
Seat 2: d92453ce folded before Flop (didn't bet)
Seat 3: a214a86a folded before Flop (didn't bet)
Seat 4: 8ad48aeb folded before Flop (didn't bet)
Seat 5: 65998513 (button) collected ($0.12)
Seat 6: Hero (small blind) folded before Flop


Poker Hand #HD1170270306: Hold'em No Limit  ($0.02/$0.05) - 2023/03/21 22:50:15
Table 'NLHBlue65' 6-max Seat #4 is the button
Seat 1: b51cc893 ($5.32 in chips)
Seat 2: d92453ce ($5.22 in chips)
Seat 3: a214a86a ($5.05 in chips)
Seat 4: 8ad48aeb ($12.86 in chips)
Seat 5: 65998513 ($5.09 in chips)
Seat 6: Hero ($5 in chips)
65998513: posts small blind $0.02
Hero: posts big blind $0.05
*** HOLE CARDS ***
Dealt to b51cc893 
Dealt to d92453ce 
Dealt to a214a86a 
Dealt to 8ad48aeb 
Dealt to 65998513 
Dealt to Hero [3c 3h]
b51cc893: folds
d92453ce: folds
a214a86a: folds
8ad48aeb: raises $0.08 to $0.13
65998513: folds
Hero: calls $0.08
*** FLOP *** [7h 5h 7s]
Hero: checks
8ad48aeb: bets $0.13
Hero: folds
Uncalled bet ($0.13) returned to 8ad48aeb
*** SHOWDOWN ***
8ad48aeb collected $0.27 from pot
*** SUMMARY ***
Total pot $0.28 | Rake $0.01 | Jackpot $0 | Bingo $0 | Fortune $0
Board [7h 5h 7s]
Seat 1: b51cc893 folded before Flop (didn't bet)
Seat 2: d92453ce folded before Flop (didn't bet)
Seat 3: a214a86a folded before Flop (didn't bet)
Seat 4: 8ad48aeb (button) won ($0.27)
Seat 5: 65998513 (small blind) folded before Flop
Seat 6: Hero (big blind) folded on the Flop


Poker Hand #HD1170270265: Hold'em No Limit  ($0.02/$0.05) - 2023/03/21 22:50:02
Table 'NLHBlue65' 6-max Seat #3 is the button
Seat 1: b51cc893 ($5.32 in chips)
Seat 2: d92453ce ($5.22 in chips)
Seat 3: a214a86a ($5.05 in chips)
Seat 4: 8ad48aeb ($12.88 in chips)
Seat 5: 65998513 ($5.07 in chips)
Seat 6: Hero ($5 in chips)
8ad48aeb: posts small blind $0.02
65998513: posts big blind $0.05
*** HOLE CARDS ***
Dealt to b51cc893 
Dealt to d92453ce 
Dealt to a214a86a 
Dealt to 8ad48aeb 
Dealt to 65998513 
Dealt to Hero [7h Td]
Hero: folds
b51cc893: folds
d92453ce: folds
a214a86a: folds
8ad48aeb: folds
Uncalled bet ($0.03) returned to 65998513
*** SHOWDOWN ***
65998513 collected $0.04 from pot
*** SUMMARY ***
Total pot $0.04 | Rake $0 | Jackpot $0 | Bingo $0 | Fortune $0
Seat 1: b51cc893 folded before Flop (didn't bet)
Seat 2: d92453ce folded before Flop (didn't bet)
Seat 3: a214a86a (button) folded before Flop (didn't bet)
Seat 4: 8ad48aeb (small blind) folded before Flop
Seat 5: 65998513 (big blind) collected ($0.04)
Seat 6: Hero folded before Flop (didn't bet)


Poker Hand #HD1170270225: Hold'em No Limit  ($0.02/$0.05) - 2023/03/21 22:49:42
Table 'NLHBlue65' 6-max Seat #2 is the button
Seat 1: b51cc893 ($5.32 in chips)
Seat 2: d92453ce ($5.22 in chips)
Seat 3: a214a86a ($5 in chips)
Seat 4: 8ad48aeb ($12.93 in chips)
Seat 5: 65998513 ($5.07 in chips)
Seat 6: Hero ($5 in chips)
a214a86a: posts small blind $0.02
8ad48aeb: posts big blind $0.05
*** HOLE CARDS ***
Dealt to b51cc893 
Dealt to d92453ce 
Dealt to a214a86a 
Dealt to 8ad48aeb 
Dealt to 65998513 
Dealt to Hero [Td Kh]
65998513: folds
Hero: folds
b51cc893: folds
d92453ce: folds
a214a86a: raises $0.08 to $0.13
8ad48aeb: folds
Uncalled bet ($0.08) returned to a214a86a
*** SHOWDOWN ***
a214a86a collected $0.1 from pot
*** SUMMARY ***
Total pot $0.1 | Rake $0 | Jackpot $0 | Bingo $0 | Fortune $0
Seat 1: b51cc893 folded before Flop (didn't bet)
Seat 2: d92453ce (button) folded before Flop (didn't bet)
Seat 3: a214a86a (small blind) collected ($0.1)
Seat 4: 8ad48aeb (big blind) folded before Flop
Seat 5: 65998513 folded before Flop (didn't bet)
Seat 6: Hero folded before Flop (didn't bet)


Poker Hand #HD1170270188: Hold'em No Limit  ($0.02/$0.05) - 2023/03/21 22:49:23
Table 'NLHBlue65' 6-max Seat #1 is the button
Seat 1: b51cc893 ($5.25 in chips)
Seat 2: d92453ce ($5.24 in chips)
Seat 3: a214a86a ($5 in chips)
Seat 4: 8ad48aeb ($12.93 in chips)
Seat 5: 65998513 ($5.07 in chips)
Seat 6: Hero ($5 in chips)
d92453ce: posts small blind $0.02
a214a86a: posts big blind $0.05
*** HOLE CARDS ***
Dealt to b51cc893 
Dealt to d92453ce 
Dealt to a214a86a 
Dealt to 8ad48aeb 
Dealt to 65998513 
Dealt to Hero [6c 8d]
8ad48aeb: folds
65998513: folds
Hero: folds
b51cc893: raises $0.08 to $0.13
d92453ce: folds
a214a86a: folds
Uncalled bet ($0.08) returned to b51cc893
*** SHOWDOWN ***
b51cc893 collected $0.12 from pot
*** SUMMARY ***
Total pot $0.12 | Rake $0 | Jackpot $0 | Bingo $0 | Fortune $0
Seat 1: b51cc893 (button) collected ($0.12)
Seat 2: d92453ce (small blind) folded before Flop
Seat 3: a214a86a (big blind) folded before Flop
Seat 4: 8ad48aeb folded before Flop (didn't bet)
Seat 5: 65998513 folded before Flop (didn't bet)
Seat 6: Hero folded before Flop (didn't bet)


Poker Hand #HD1170270097: Hold'em No Limit  ($0.02/$0.05) - 2023/03/21 22:48:41
Table 'NLHBlue65' 6-max Seat #6 is the button
Seat 1: b51cc893 ($5.09 in chips)
Seat 2: d92453ce ($5.29 in chips)
Seat 3: a214a86a ($5 in chips)
Seat 4: 8ad48aeb ($12.93 in chips)
Seat 5: 65998513 ($5.07 in chips)
Seat 6: Hero ($5.07 in chips)
b51cc893: posts small blind $0.02
d92453ce: posts big blind $0.05
*** HOLE CARDS ***
Dealt to b51cc893 
Dealt to d92453ce 
Dealt to a214a86a 
Dealt to 8ad48aeb 
Dealt to 65998513 
Dealt to Hero [9s Jc]
a214a86a: folds
8ad48aeb: folds
65998513: folds
Hero: raises $0.07 to $0.12
b51cc893: raises $0.37 to $0.49
d92453ce: folds
Hero: folds
Uncalled bet ($0.37) returned to b51cc893
*** SHOWDOWN ***
b51cc893 collected $0.28 from pot
*** SUMMARY ***
Total pot $0.29 | Rake $0.01 | Jackpot $0 | Bingo $0 | Fortune $0
Seat 1: b51cc893 (small blind) collected ($0.28)
Seat 2: d92453ce (big blind) folded before Flop
Seat 3: a214a86a folded before Flop (didn't bet)
Seat 4: 8ad48aeb folded before Flop (didn't bet)
Seat 5: 65998513 folded before Flop (didn't bet)
Seat 6: Hero (button) folded before Flop


Poker Hand #HD1170270053: Hold'em No Limit  ($0.02/$0.05) - 2023/03/21 22:48:25
Table 'NLHBlue65' 6-max Seat #5 is the button
Seat 1: b51cc893 ($5.14 in chips)
Seat 2: d92453ce ($5.29 in chips)
Seat 3: a214a86a ($5 in chips)
Seat 4: 8ad48aeb ($12.93 in chips)
Seat 5: 65998513 ($5.07 in chips)
Seat 6: Hero ($5.02 in chips)
Hero: posts small blind $0.02
b51cc893: posts big blind $0.05
*** HOLE CARDS ***
Dealt to b51cc893 
Dealt to d92453ce 
Dealt to a214a86a 
Dealt to 8ad48aeb 
Dealt to 65998513 
Dealt to Hero [8s 6s]
d92453ce: folds
a214a86a: folds
8ad48aeb: folds
65998513: folds
Hero: raises $0.09 to $0.14
b51cc893: folds
Uncalled bet ($0.09) returned to Hero
*** SHOWDOWN ***
Hero collected $0.1 from pot
*** SUMMARY ***
Total pot $0.1 | Rake $0 | Jackpot $0 | Bingo $0 | Fortune $0
Seat 1: b51cc893 (big blind) folded before Flop
Seat 2: d92453ce folded before Flop (didn't bet)
Seat 3: a214a86a folded before Flop (didn't bet)
Seat 4: 8ad48aeb folded before Flop (didn't bet)
Seat 5: 65998513 (button) folded before Flop (didn't bet)
Seat 6: Hero (small blind) collected ($0.1)


Poker Hand #HD1170270019: Hold'em No Limit  ($0.02/$0.05) - 2023/03/21 22:48:08
Table 'NLHBlue65' 6-max Seat #4 is the button
Seat 1: b51cc893 ($5.14 in chips)
Seat 2: d92453ce ($5.29 in chips)
Seat 3: a214a86a ($5 in chips)
Seat 4: 8ad48aeb ($12.93 in chips)
Seat 5: 65998513 ($5.09 in chips)
Seat 6: Hero ($5 in chips)
65998513: posts small blind $0.02
Hero: posts big blind $0.05
*** HOLE CARDS ***
Dealt to b51cc893 
Dealt to d92453ce 
Dealt to a214a86a 
Dealt to 8ad48aeb 
Dealt to 65998513 
Dealt to Hero [Ad 7s]
b51cc893: folds
d92453ce: folds
a214a86a: folds
8ad48aeb: folds
65998513: folds
Uncalled bet ($0.03) returned to Hero
*** SHOWDOWN ***
Hero collected $0.04 from pot
*** SUMMARY ***
Total pot $0.04 | Rake $0 | Jackpot $0 | Bingo $0 | Fortune $0
Seat 1: b51cc893 folded before Flop (didn't bet)
Seat 2: d92453ce folded before Flop (didn't bet)
Seat 3: a214a86a folded before Flop (didn't bet)
Seat 4: 8ad48aeb (button) folded before Flop (didn't bet)
Seat 5: 65998513 (small blind) folded before Flop
Seat 6: Hero (big blind) collected ($0.04)


