Poker Hand #HD1181453333: Hold'em No Limit  ($0.02/$0.05) - 2023/03/29 20:39:19
Table 'NLHBlue72' 6-max Seat #3 is the button
Seat 1: Hero ($8.79 in chips)
Seat 2: a87332e3 ($4.49 in chips)
Seat 3: f8f5b6d ($5.22 in chips)
Seat 5: 9ef7e4ce ($1.09 in chips)
Seat 6: 19213d66 ($9.82 in chips)
9ef7e4ce: posts small blind $0.02
19213d66: posts big blind $0.05
*** HOLE CARDS ***
Dealt to Hero [2d Ac]
Dealt to a87332e3 
Dealt to f8f5b6d 
Dealt to 9ef7e4ce 
Dealt to 19213d66 
Hero: folds
a87332e3: folds
f8f5b6d: folds
9ef7e4ce: raises $0.1 to $0.15
19213d66: folds
Uncalled bet ($0.1) returned to 9ef7e4ce
*** SHOWDOWN ***
9ef7e4ce collected $0.1 from pot
*** SUMMARY ***
Total pot $0.1 | Rake $0 | Jackpot $0 | Bingo $0 | Fortune $0
Seat 1: Hero folded before Flop (didn't bet)
Seat 2: a87332e3 folded before Flop (didn't bet)
Seat 3: f8f5b6d (button) folded before Flop (didn't bet)
Seat 5: 9ef7e4ce (small blind) collected ($0.1)
Seat 6: 19213d66 (big blind) folded before Flop


Poker Hand #HD1181453073: Hold'em No Limit  ($0.02/$0.05) - 2023/03/29 20:37:50
Table 'NLHBlue72' 6-max Seat #2 is the button
Seat 1: Hero ($8.91 in chips)
Seat 2: a87332e3 ($4.49 in chips)
Seat 3: f8f5b6d ($5.34 in chips)
Seat 5: 9ef7e4ce ($0.86 in chips)
Seat 6: 19213d66 ($9.82 in chips)
f8f5b6d: posts small blind $0.02
9ef7e4ce: posts big blind $0.05
*** HOLE CARDS ***
Dealt to Hero [Kc Jh]
Dealt to a87332e3 
Dealt to f8f5b6d 
Dealt to 9ef7e4ce 
Dealt to 19213d66 
19213d66: folds
Hero: raises $0.07 to $0.12
a87332e3: folds
f8f5b6d: calls $0.1
9ef7e4ce: calls $0.07
*** FLOP *** [Td 5c 2s]
f8f5b6d: checks
9ef7e4ce: checks
Hero: checks
*** TURN *** [Td 5c 2s] [5d]
f8f5b6d: checks
9ef7e4ce: checks
Hero: checks
*** RIVER *** [Td 5c 2s 5d] [7h]
f8f5b6d: checks
9ef7e4ce: bets $0.18
Hero: folds
f8f5b6d: folds
Uncalled bet ($0.18) returned to 9ef7e4ce
*** SHOWDOWN ***
9ef7e4ce collected $0.35 from pot
*** SUMMARY ***
Total pot $0.36 | Rake $0.01 | Jackpot $0 | Bingo $0 | Fortune $0
Board [Td 5c 2s 5d 7h]
Seat 1: Hero folded on the River
Seat 2: a87332e3 (button) folded before Flop (didn't bet)
Seat 3: f8f5b6d (small blind) folded on the River
Seat 5: 9ef7e4ce (big blind) won ($0.35)
Seat 6: 19213d66 folded before Flop (didn't bet)


Poker Hand #HD1181453001: Hold'em No Limit  ($0.02/$0.05) - 2023/03/29 20:37:28
Table 'NLHBlue72' 6-max Seat #1 is the button
Seat 1: Hero ($8.84 in chips)
Seat 2: a87332e3 ($4.51 in chips)
Seat 3: f8f5b6d ($5.39 in chips)
Seat 5: 9ef7e4ce ($0.86 in chips)
Seat 6: 19213d66 ($9.82 in chips)
a87332e3: posts small blind $0.02
f8f5b6d: posts big blind $0.05
*** HOLE CARDS ***
Dealt to Hero [Qs 9h]
Dealt to a87332e3 
Dealt to f8f5b6d 
Dealt to 9ef7e4ce 
Dealt to 19213d66 
9ef7e4ce: folds
19213d66: folds
Hero: raises $0.07 to $0.12
a87332e3: folds
f8f5b6d: folds
Uncalled bet ($0.07) returned to Hero
*** SHOWDOWN ***
Hero collected $0.12 from pot
*** SUMMARY ***
Total pot $0.12 | Rake $0 | Jackpot $0 | Bingo $0 | Fortune $0
Seat 1: Hero (button) collected ($0.12)
Seat 2: a87332e3 (small blind) folded before Flop
Seat 3: f8f5b6d (big blind) folded before Flop
Seat 5: 9ef7e4ce folded before Flop (didn't bet)
Seat 6: 19213d66 folded before Flop (didn't bet)


Poker Hand #HD1181452963: Hold'em No Limit  ($0.02/$0.05) - 2023/03/29 20:37:14
Table 'NLHBlue72' 6-max Seat #6 is the button
Seat 1: Hero ($8.86 in chips)
Seat 2: a87332e3 ($4.56 in chips)
Seat 3: f8f5b6d ($5.39 in chips)
Seat 5: 9ef7e4ce ($0.79 in chips)
Seat 6: 19213d66 ($9.82 in chips)
Hero: posts small blind $0.02
a87332e3: posts big blind $0.05
*** HOLE CARDS ***
Dealt to Hero [9c 2h]
Dealt to a87332e3 
Dealt to f8f5b6d 
Dealt to 9ef7e4ce 
Dealt to 19213d66 
f8f5b6d: folds
9ef7e4ce: raises $0.1 to $0.15
19213d66: folds
Hero: folds
a87332e3: folds
Uncalled bet ($0.1) returned to 9ef7e4ce
*** SHOWDOWN ***
9ef7e4ce collected $0.12 from pot
*** SUMMARY ***
Total pot $0.12 | Rake $0 | Jackpot $0 | Bingo $0 | Fortune $0
Seat 1: Hero (small blind) folded before Flop
Seat 2: a87332e3 (big blind) folded before Flop
Seat 3: f8f5b6d folded before Flop (didn't bet)
Seat 5: 9ef7e4ce collected ($0.12)
Seat 6: 19213d66 (button) folded before Flop (didn't bet)


Poker Hand #HD1181452758: Hold'em No Limit  ($0.02/$0.05) - 2023/03/29 20:36:05
Table 'NLHBlue72' 6-max Seat #5 is the button
Seat 1: Hero ($8.91 in chips)
Seat 2: a87332e3 ($4.56 in chips)
Seat 3: f8f5b6d ($5.39 in chips)
Seat 5: 9ef7e4ce ($5.95 in chips)
Seat 6: 19213d66 ($5.16 in chips)
19213d66: posts small blind $0.02
Hero: posts big blind $0.05
*** HOLE CARDS ***
Dealt to Hero [Kd 9c]
Dealt to a87332e3 
Dealt to f8f5b6d 
Dealt to 9ef7e4ce 
Dealt to 19213d66 
a87332e3: folds
f8f5b6d: folds
9ef7e4ce: raises $0.1 to $0.15
19213d66: raises $0.45 to $0.6
Hero: folds
9ef7e4ce: calls $0.45
*** FLOP *** [9d 2d 4c]
19213d66: checks
9ef7e4ce: bets $1.25
19213d66: raises $3.31 to $4.56 and is all-in
9ef7e4ce: calls $3.31
19213d66: shows [Ah As] (Pair of Aces)
9ef7e4ce: shows [Ts 9s] (Pair of Nines)
*** TURN *** [9d 2d 4c] [7h]
*** RIVER *** [9d 2d 4c 7h] [5d]
*** SHOWDOWN ***
19213d66 collected $9.82 from pot
*** SUMMARY ***
Total pot $10.37 | Rake $0.5 | Jackpot $0.05 | Bingo $0 | Fortune $0
Board [9d 2d 4c 7h 5d]
Seat 1: Hero (big blind) folded before Flop
Seat 2: a87332e3 folded before Flop (didn't bet)
Seat 3: f8f5b6d folded before Flop (didn't bet)
Seat 5: 9ef7e4ce (button) showed [Ts 9s] and lost with Pair of Nines
Seat 6: 19213d66 (small blind) showed [Ah As] and won ($9.82) with Pair of Aces


Poker Hand #HD1181452718: Hold'em No Limit  ($0.02/$0.05) - 2023/03/29 20:35:51
Table 'NLHBlue72' 6-max Seat #3 is the button
Seat 1: Hero ($8.91 in chips)
Seat 2: a87332e3 ($4.56 in chips)
Seat 3: f8f5b6d ($5.39 in chips)
Seat 5: 9ef7e4ce ($5.97 in chips)
Seat 6: 19213d66 ($5.14 in chips)
9ef7e4ce: posts small blind $0.02
19213d66: posts big blind $0.05
*** HOLE CARDS ***
Dealt to Hero [5d Td]
Dealt to a87332e3 
Dealt to f8f5b6d 
Dealt to 9ef7e4ce 
Dealt to 19213d66 
Hero: folds
a87332e3: folds
f8f5b6d: folds
9ef7e4ce: folds
Uncalled bet ($0.03) returned to 19213d66
*** SHOWDOWN ***
19213d66 collected $0.04 from pot
*** SUMMARY ***
Total pot $0.04 | Rake $0 | Jackpot $0 | Bingo $0 | Fortune $0
Seat 1: Hero folded before Flop (didn't bet)
Seat 2: a87332e3 folded before Flop (didn't bet)
Seat 3: f8f5b6d (button) folded before Flop (didn't bet)
Seat 5: 9ef7e4ce (small blind) folded before Flop
Seat 6: 19213d66 (big blind) collected ($0.04)


Poker Hand #HD1181452580: Hold'em No Limit  ($0.02/$0.05) - 2023/03/29 20:35:00
Table 'NLHBlue72' 6-max Seat #2 is the button
Seat 1: Hero ($8.91 in chips)
Seat 2: a87332e3 ($4.56 in chips)
Seat 3: f8f5b6d ($5.41 in chips)
Seat 5: 9ef7e4ce ($6.1 in chips)
Seat 6: 19213d66 ($5 in chips)
f8f5b6d: posts small blind $0.02
9ef7e4ce: posts big blind $0.05
*** HOLE CARDS ***
Dealt to Hero [4d 7d]
Dealt to a87332e3 
Dealt to f8f5b6d 
Dealt to 9ef7e4ce 
Dealt to 19213d66 
19213d66: raises $0.08 to $0.13
Hero: folds
a87332e3: folds
f8f5b6d: folds
9ef7e4ce: calls $0.08
*** FLOP *** [5d 3s 4c]
9ef7e4ce: checks
19213d66: checks
*** TURN *** [5d 3s 4c] [3h]
9ef7e4ce: checks
19213d66: checks
*** RIVER *** [5d 3s 4c 3h] [Th]
9ef7e4ce: checks
19213d66: checks
9ef7e4ce: shows [Ah Qs] (Pair of Treys)
19213d66: shows [Kc Ac] (Pair of Treys)
*** SHOWDOWN ***
19213d66 collected $0.27 from pot
*** SUMMARY ***
Total pot $0.28 | Rake $0.01 | Jackpot $0 | Bingo $0 | Fortune $0
Board [5d 3s 4c 3h Th]
Seat 1: Hero folded before Flop (didn't bet)
Seat 2: a87332e3 (button) folded before Flop (didn't bet)
Seat 3: f8f5b6d (small blind) folded before Flop
Seat 5: 9ef7e4ce (big blind) showed [Ah Qs] and lost with Pair of Treys
Seat 6: 19213d66 showed [Kc Ac] and won ($0.27) with Pair of Treys


Poker Hand #HD1181452498: Hold'em No Limit  ($0.02/$0.05) - 2023/03/29 20:34:30
Table 'NLHBlue72' 6-max Seat #1 is the button
Seat 1: Hero ($8.91 in chips)
Seat 2: a87332e3 ($4.39 in chips)
Seat 3: f8f5b6d ($5.46 in chips)
Seat 5: 9ef7e4ce ($6.1 in chips)
Seat 6: 19213d66 ($5.07 in chips)
a87332e3: posts small blind $0.02
f8f5b6d: posts big blind $0.05
*** HOLE CARDS ***
Dealt to Hero [9s 2d]
Dealt to a87332e3 
Dealt to f8f5b6d 
Dealt to 9ef7e4ce 
Dealt to 19213d66 
9ef7e4ce: folds
19213d66: raises $0.08 to $0.13
Hero: folds
a87332e3: calls $0.11
f8f5b6d: folds
*** FLOP *** [7c 4h Qs]
a87332e3: checks
19213d66: checks
*** TURN *** [7c 4h Qs] [3h]
a87332e3: bets $0.16
19213d66: folds
Uncalled bet ($0.16) returned to a87332e3
*** SHOWDOWN ***
a87332e3 collected $0.3 from pot
*** SUMMARY ***
Total pot $0.31 | Rake $0.01 | Jackpot $0 | Bingo $0 | Fortune $0
Board [7c 4h Qs 3h]
Seat 1: Hero (button) folded before Flop (didn't bet)
Seat 2: a87332e3 (small blind) won ($0.3)
Seat 3: f8f5b6d (big blind) folded before Flop
Seat 5: 9ef7e4ce folded before Flop (didn't bet)
Seat 6: 19213d66 folded on the Turn


Poker Hand #HD1181452428: Hold'em No Limit  ($0.02/$0.05) - 2023/03/29 20:34:07
Table 'NLHBlue72' 6-max Seat #6 is the button
Seat 1: Hero ($8.93 in chips)
Seat 2: a87332e3 ($4.44 in chips)
Seat 3: f8f5b6d ($5.46 in chips)
Seat 5: 9ef7e4ce ($6.1 in chips)
Seat 6: 19213d66 ($5 in chips)
Hero: posts small blind $0.02
a87332e3: posts big blind $0.05
*** HOLE CARDS ***
Dealt to Hero [Qs 7c]
Dealt to a87332e3 
Dealt to f8f5b6d 
Dealt to 9ef7e4ce 
Dealt to 19213d66 
f8f5b6d: folds
9ef7e4ce: folds
19213d66: raises $0.08 to $0.13
Hero: folds
a87332e3: folds
Uncalled bet ($0.08) returned to 19213d66
*** SHOWDOWN ***
19213d66 collected $0.12 from pot
*** SUMMARY ***
Total pot $0.12 | Rake $0 | Jackpot $0 | Bingo $0 | Fortune $0
Seat 1: Hero (small blind) folded before Flop
Seat 2: a87332e3 (big blind) folded before Flop
Seat 3: f8f5b6d folded before Flop (didn't bet)
Seat 5: 9ef7e4ce folded before Flop (didn't bet)
Seat 6: 19213d66 (button) collected ($0.12)


Poker Hand #HD1181452283: Hold'em No Limit  ($0.02/$0.05) - 2023/03/29 20:33:10
Table 'NLHBlue72' 6-max Seat #5 is the button
Seat 1: Hero ($8.71 in chips)
Seat 2: a87332e3 ($4.44 in chips)
Seat 3: f8f5b6d ($5.46 in chips)
Seat 5: 9ef7e4ce ($6.32 in chips)
Seat 6: 19213d66 ($5 in chips)
19213d66: posts small blind $0.02
Hero: posts big blind $0.05
*** HOLE CARDS ***
Dealt to Hero [Qh Ks]
Dealt to a87332e3 
Dealt to f8f5b6d 
Dealt to 9ef7e4ce 
Dealt to 19213d66 
a87332e3: folds
f8f5b6d: folds
9ef7e4ce: calls $0.05
19213d66: folds
Hero: raises $0.17 to $0.22
9ef7e4ce: calls $0.17
*** FLOP *** [3s 4h 6c]
Hero: checks
9ef7e4ce: checks
*** TURN *** [3s 4h 6c] [Ah]
Hero: bets $0.26
9ef7e4ce: folds
Uncalled bet ($0.26) returned to Hero
*** SHOWDOWN ***
Hero collected $0.44 from pot
*** SUMMARY ***
Total pot $0.46 | Rake $0.02 | Jackpot $0 | Bingo $0 | Fortune $0
Board [3s 4h 6c Ah]
Seat 1: Hero (big blind) won ($0.44)
Seat 2: a87332e3 folded before Flop (didn't bet)
Seat 3: f8f5b6d folded before Flop (didn't bet)
Seat 5: 9ef7e4ce (button) folded on the Turn
Seat 6: 19213d66 (small blind) folded before Flop


Poker Hand #HD1181452126: Hold'em No Limit  ($0.02/$0.05) - 2023/03/29 20:32:10
Table 'NLHBlue72' 6-max Seat #3 is the button
Seat 1: Hero ($8.71 in chips)
Seat 2: a87332e3 ($4.32 in chips)
Seat 3: f8f5b6d ($5.46 in chips)
Seat 5: 9ef7e4ce ($6.34 in chips)
Seat 6: 19213d66 ($5 in chips)
9ef7e4ce: posts small blind $0.02
19213d66: posts big blind $0.05
*** HOLE CARDS ***
Dealt to Hero [Kc 4c]
Dealt to a87332e3 
Dealt to f8f5b6d 
Dealt to 9ef7e4ce 
Dealt to 19213d66 
Hero: folds
a87332e3: raises $0.06 to $0.11
f8f5b6d: folds
9ef7e4ce: folds
19213d66: calls $0.06
*** FLOP *** [9h 7c Ts]
19213d66: checks
a87332e3: bets $0.18
19213d66: folds
Uncalled bet ($0.18) returned to a87332e3
*** SHOWDOWN ***
a87332e3 collected $0.23 from pot
*** SUMMARY ***
Total pot $0.24 | Rake $0.01 | Jackpot $0 | Bingo $0 | Fortune $0
Board [9h 7c Ts]
Seat 1: Hero folded before Flop (didn't bet)
Seat 2: a87332e3 won ($0.23)
Seat 3: f8f5b6d (button) folded before Flop (didn't bet)
Seat 5: 9ef7e4ce (small blind) folded before Flop
Seat 6: 19213d66 (big blind) folded on the Flop


Poker Hand #HD1181452086: Hold'em No Limit  ($0.02/$0.05) - 2023/03/29 20:31:56
Table 'NLHBlue72' 6-max Seat #2 is the button
Seat 1: Hero ($8.71 in chips)
Seat 2: a87332e3 ($4.32 in chips)
Seat 3: f8f5b6d ($5.41 in chips)
Seat 5: 9ef7e4ce ($6.39 in chips)
Seat 6: f16e1bbd ($6.41 in chips)
f8f5b6d: posts small blind $0.02
9ef7e4ce: posts big blind $0.05
*** HOLE CARDS ***
Dealt to Hero [Td 2c]
Dealt to a87332e3 
Dealt to f8f5b6d 
Dealt to 9ef7e4ce 
Dealt to f16e1bbd 
f16e1bbd: folds
Hero: folds
a87332e3: folds
f8f5b6d: raises $0.1 to $0.15
9ef7e4ce: folds
Uncalled bet ($0.1) returned to f8f5b6d
*** SHOWDOWN ***
f8f5b6d collected $0.1 from pot
*** SUMMARY ***
Total pot $0.1 | Rake $0 | Jackpot $0 | Bingo $0 | Fortune $0
Seat 1: Hero folded before Flop (didn't bet)
Seat 2: a87332e3 (button) folded before Flop (didn't bet)
Seat 3: f8f5b6d (small blind) collected ($0.1)
Seat 5: 9ef7e4ce (big blind) folded before Flop
Seat 6: f16e1bbd folded before Flop (didn't bet)


Poker Hand #HD1181452050: Hold'em No Limit  ($0.02/$0.05) - 2023/03/29 20:31:43
Table 'NLHBlue72' 6-max Seat #1 is the button
Seat 1: Hero ($8.71 in chips)
Seat 2: a87332e3 ($4.34 in chips)
Seat 3: f8f5b6d ($5.46 in chips)
Seat 5: 9ef7e4ce ($6.39 in chips)
Seat 6: f16e1bbd ($6.34 in chips)
a87332e3: posts small blind $0.02
f8f5b6d: posts big blind $0.05
*** HOLE CARDS ***
Dealt to Hero [Qc Th]
Dealt to a87332e3 
Dealt to f8f5b6d 
Dealt to 9ef7e4ce 
Dealt to f16e1bbd 
9ef7e4ce: folds
f16e1bbd: raises $0.07 to $0.12
Hero: folds
a87332e3: folds
f8f5b6d: folds
Uncalled bet ($0.07) returned to f16e1bbd
*** SHOWDOWN ***
f16e1bbd collected $0.12 from pot
*** SUMMARY ***
Total pot $0.12 | Rake $0 | Jackpot $0 | Bingo $0 | Fortune $0
Seat 1: Hero (button) folded before Flop (didn't bet)
Seat 2: a87332e3 (small blind) folded before Flop
Seat 3: f8f5b6d (big blind) folded before Flop
Seat 5: 9ef7e4ce folded before Flop (didn't bet)
Seat 6: f16e1bbd collected ($0.12)


Poker Hand #HD1181451880: Hold'em No Limit  ($0.02/$0.05) - 2023/03/29 20:30:42
Table 'NLHBlue72' 6-max Seat #6 is the button
Seat 1: Hero ($8.73 in chips)
Seat 2: a87332e3 ($4.07 in chips)
Seat 3: f8f5b6d ($5.46 in chips)
Seat 5: 9ef7e4ce ($6.66 in chips)
Seat 6: f16e1bbd ($6.34 in chips)
Hero: posts small blind $0.02
a87332e3: posts big blind $0.05
*** HOLE CARDS ***
Dealt to Hero [3s Qd]
Dealt to a87332e3 
Dealt to f8f5b6d 
Dealt to 9ef7e4ce 
Dealt to f16e1bbd 
f8f5b6d: folds
9ef7e4ce: raises $0.05 to $0.1
f16e1bbd: folds
Hero: folds
a87332e3: calls $0.05
*** FLOP *** [Ks Ac 9h]
a87332e3: checks
9ef7e4ce: checks
*** TURN *** [Ks Ac 9h] [7c]
a87332e3: bets $0.17
9ef7e4ce: calls $0.17
*** RIVER *** [Ks Ac 9h 7c] [5s]
a87332e3: checks
9ef7e4ce: checks
a87332e3: shows [6h Kc] (Pair of Kings)
9ef7e4ce: shows [Jc Jd] (Pair of Jacks)
*** SHOWDOWN ***
a87332e3 collected $0.54 from pot
*** SUMMARY ***
Total pot $0.56 | Rake $0.02 | Jackpot $0 | Bingo $0 | Fortune $0
Board [Ks Ac 9h 7c 5s]
Seat 1: Hero (small blind) folded before Flop
Seat 2: a87332e3 (big blind) showed [6h Kc] and won ($0.54) with Pair of Kings
Seat 3: f8f5b6d folded before Flop (didn't bet)
Seat 5: 9ef7e4ce showed [Jc Jd] and lost with Pair of Jacks
Seat 6: f16e1bbd (button) folded before Flop (didn't bet)


Poker Hand #HD1181451856: Hold'em No Limit  ($0.02/$0.05) - 2023/03/29 20:30:30
Table 'NLHBlue72' 6-max Seat #5 is the button
Seat 1: Hero ($8.71 in chips)
Seat 2: a87332e3 ($4.07 in chips)
Seat 3: f8f5b6d ($5.46 in chips)
Seat 5: 9ef7e4ce ($6.66 in chips)
Seat 6: f16e1bbd ($6.36 in chips)
f16e1bbd: posts small blind $0.02
Hero: posts big blind $0.05
*** HOLE CARDS ***
Dealt to Hero [Qc Th]
Dealt to a87332e3 
Dealt to f8f5b6d 
Dealt to 9ef7e4ce 
Dealt to f16e1bbd 
a87332e3: folds
f8f5b6d: folds
9ef7e4ce: folds
f16e1bbd: folds
Uncalled bet ($0.03) returned to Hero
*** SHOWDOWN ***
Hero collected $0.04 from pot
*** SUMMARY ***
Total pot $0.04 | Rake $0 | Jackpot $0 | Bingo $0 | Fortune $0
Seat 1: Hero (big blind) collected ($0.04)
Seat 2: a87332e3 folded before Flop (didn't bet)
Seat 3: f8f5b6d folded before Flop (didn't bet)
Seat 5: 9ef7e4ce (button) folded before Flop (didn't bet)
Seat 6: f16e1bbd (small blind) folded before Flop


Poker Hand #HD1181451610: Hold'em No Limit  ($0.02/$0.05) - 2023/03/29 20:28:58
Table 'NLHBlue72' 6-max Seat #3 is the button
Seat 1: Hero ($8.71 in chips)
Seat 2: a87332e3 ($4.19 in chips)
Seat 3: f8f5b6d ($5.46 in chips)
Seat 4: c6176fba ($2.03 in chips)
Seat 5: 9ef7e4ce ($6.71 in chips)
Seat 6: f16e1bbd ($4.41 in chips)
c6176fba: posts small blind $0.02
9ef7e4ce: posts big blind $0.05
*** HOLE CARDS ***
Dealt to Hero [Kh 7s]
Dealt to a87332e3 
Dealt to f8f5b6d 
Dealt to c6176fba 
Dealt to 9ef7e4ce 
Dealt to f16e1bbd 
f16e1bbd: raises $0.07 to $0.12
Hero: folds
a87332e3: calls $0.12
f8f5b6d: folds
c6176fba: calls $0.1
9ef7e4ce: folds
*** FLOP *** [8c 6c 5s]
c6176fba: checks
f16e1bbd: bets $0.3
a87332e3: folds
c6176fba: calls $0.3
*** TURN *** [8c 6c 5s] [7c]
c6176fba: bets $0.51
f16e1bbd: raises $3.48 to $3.99 and is all-in
c6176fba: calls $1.1 and is all-in
Uncalled bet ($2.38) returned to f16e1bbd
f16e1bbd: shows [9d 8d] (Nines-High Straight)
c6176fba: shows [Ts Tc] (Pair of Tens)
*** RIVER *** [8c 6c 5s 7c] [Ad]
*** SHOWDOWN ***
f16e1bbd collected $3.98 from pot
*** SUMMARY ***
Total pot $4.23 | Rake $0.2 | Jackpot $0.05 | Bingo $0 | Fortune $0
Board [8c 6c 5s 7c Ad]
Seat 1: Hero folded before Flop (didn't bet)
Seat 2: a87332e3 folded on the Flop
Seat 3: f8f5b6d (button) folded before Flop (didn't bet)
Seat 4: c6176fba (small blind) showed [Ts Tc] and lost with Pair of Tens
Seat 5: 9ef7e4ce (big blind) folded before Flop
Seat 6: f16e1bbd showed [9d 8d] and won ($3.98) with Nines-High Straight


Poker Hand #HD1181451572: Hold'em No Limit  ($0.02/$0.05) - 2023/03/29 20:28:43
Table 'NLHBlue72' 6-max Seat #2 is the button
Seat 1: Hero ($8.71 in chips)
Seat 2: a87332e3 ($4.19 in chips)
Seat 3: f8f5b6d ($5.48 in chips)
Seat 4: c6176fba ($2.01 in chips)
Seat 5: 9ef7e4ce ($6.71 in chips)
Seat 6: f16e1bbd ($4.41 in chips)
f8f5b6d: posts small blind $0.02
c6176fba: posts big blind $0.05
*** HOLE CARDS ***
Dealt to Hero [Ac 6h]
Dealt to a87332e3 
Dealt to f8f5b6d 
Dealt to c6176fba 
Dealt to 9ef7e4ce 
Dealt to f16e1bbd 
9ef7e4ce: folds
f16e1bbd: folds
Hero: folds
a87332e3: folds
f8f5b6d: folds
Uncalled bet ($0.03) returned to c6176fba
*** SHOWDOWN ***
c6176fba collected $0.04 from pot
*** SUMMARY ***
Total pot $0.04 | Rake $0 | Jackpot $0 | Bingo $0 | Fortune $0
Seat 1: Hero folded before Flop (didn't bet)
Seat 2: a87332e3 (button) folded before Flop (didn't bet)
Seat 3: f8f5b6d (small blind) folded before Flop
Seat 4: c6176fba (big blind) collected ($0.04)
Seat 5: 9ef7e4ce folded before Flop (didn't bet)
Seat 6: f16e1bbd folded before Flop (didn't bet)


Poker Hand #HD1181451412: Hold'em No Limit  ($0.02/$0.05) - 2023/03/29 20:27:38
Table 'NLHBlue72' 6-max Seat #1 is the button
Seat 1: Hero ($8.71 in chips)
Seat 2: a87332e3 ($4.45 in chips)
Seat 3: f8f5b6d ($5.53 in chips)
Seat 4: c6176fba ($1.26 in chips)
Seat 5: 9ef7e4ce ($6.71 in chips)
Seat 6: f16e1bbd ($4.93 in chips)
a87332e3: posts small blind $0.02
f8f5b6d: posts big blind $0.05
*** HOLE CARDS ***
Dealt to Hero [8h 4s]
Dealt to a87332e3 
Dealt to f8f5b6d 
Dealt to c6176fba 
Dealt to 9ef7e4ce 
Dealt to f16e1bbd 
c6176fba: calls $0.05
9ef7e4ce: folds
f16e1bbd: raises $0.21 to $0.26
Hero: folds
a87332e3: calls $0.24
f8f5b6d: folds
c6176fba: calls $0.21
*** FLOP *** [4h 4d 7d]
a87332e3: checks
c6176fba: checks
f16e1bbd: bets $0.26
a87332e3: folds
c6176fba: calls $0.26
*** TURN *** [4h 4d 7d] [9s]
c6176fba: checks
f16e1bbd: checks
*** RIVER *** [4h 4d 7d 9s] [5h]
c6176fba: bets $0.68
f16e1bbd: folds
Uncalled bet ($0.68) returned to c6176fba
*** SHOWDOWN ***
c6176fba collected $1.27 from pot
*** SUMMARY ***
Total pot $1.35 | Rake $0.08 | Jackpot $0 | Bingo $0 | Fortune $0
Board [4h 4d 7d 9s 5h]
Seat 1: Hero (button) folded before Flop (didn't bet)
Seat 2: a87332e3 (small blind) folded on the Flop
Seat 3: f8f5b6d (big blind) folded before Flop
Seat 4: c6176fba won ($1.27)
Seat 5: 9ef7e4ce folded before Flop (didn't bet)
Seat 6: f16e1bbd folded on the River


Poker Hand #HD1181451251: Hold'em No Limit  ($0.02/$0.05) - 2023/03/29 20:26:39
Table 'NLHBlue72' 6-max Seat #6 is the button
Seat 1: Hero ($8.73 in chips)
Seat 2: a87332e3 ($4.08 in chips)
Seat 3: f8f5b6d ($5.53 in chips)
Seat 4: c6176fba ($1.26 in chips)
Seat 5: 9ef7e4ce ($7.1 in chips)
Seat 6: f16e1bbd ($4.93 in chips)
Hero: posts small blind $0.02
a87332e3: posts big blind $0.05
*** HOLE CARDS ***
Dealt to Hero [5h Jh]
Dealt to a87332e3 
Dealt to f8f5b6d 
Dealt to c6176fba 
Dealt to 9ef7e4ce 
Dealt to f16e1bbd 
f8f5b6d: folds
c6176fba: folds
9ef7e4ce: raises $0.1 to $0.15
f16e1bbd: folds
Hero: folds
a87332e3: calls $0.1
*** FLOP *** [Ts 8s Qd]
a87332e3: checks
9ef7e4ce: bets $0.24
a87332e3: raises $0.4 to $0.64
9ef7e4ce: folds
Uncalled bet ($0.4) returned to a87332e3
*** SHOWDOWN ***
a87332e3 collected $0.76 from pot
*** SUMMARY ***
Total pot $0.8 | Rake $0.04 | Jackpot $0 | Bingo $0 | Fortune $0
Board [Ts 8s Qd]
Seat 1: Hero (small blind) folded before Flop
Seat 2: a87332e3 (big blind) won ($0.76)
Seat 3: f8f5b6d folded before Flop (didn't bet)
Seat 4: c6176fba folded before Flop (didn't bet)
Seat 5: 9ef7e4ce folded on the Flop
Seat 6: f16e1bbd (button) folded before Flop (didn't bet)


Poker Hand #HD1181451094: Hold'em No Limit  ($0.02/$0.05) - 2023/03/29 20:25:42
Table 'NLHBlue72' 6-max Seat #5 is the button
Seat 1: Hero ($8.78 in chips)
Seat 2: a87332e3 ($4.08 in chips)
Seat 3: f8f5b6d ($5.53 in chips)
Seat 4: c6176fba ($1.06 in chips)
Seat 5: 9ef7e4ce ($7.25 in chips)
Seat 6: f16e1bbd ($4.95 in chips)
f16e1bbd: posts small blind $0.02
Hero: posts big blind $0.05
*** HOLE CARDS ***
Dealt to Hero [7h Jh]
Dealt to a87332e3 
Dealt to f8f5b6d 
Dealt to c6176fba 
Dealt to 9ef7e4ce 
Dealt to f16e1bbd 
a87332e3: folds
f8f5b6d: folds
c6176fba: calls $0.05
9ef7e4ce: raises $0.1 to $0.15
f16e1bbd: folds
Hero: folds
c6176fba: calls $0.1
*** FLOP *** [Qd Ts 8h]
c6176fba: checks
9ef7e4ce: checks
*** TURN *** [Qd Ts 8h] [Jd]
c6176fba: bets $0.19
9ef7e4ce: folds
Uncalled bet ($0.19) returned to c6176fba
*** SHOWDOWN ***
c6176fba collected $0.35 from pot
*** SUMMARY ***
Total pot $0.37 | Rake $0.02 | Jackpot $0 | Bingo $0 | Fortune $0
Board [Qd Ts 8h Jd]
Seat 1: Hero (big blind) folded before Flop
Seat 2: a87332e3 folded before Flop (didn't bet)
Seat 3: f8f5b6d folded before Flop (didn't bet)
Seat 4: c6176fba won ($0.35)
Seat 5: 9ef7e4ce (button) folded on the Turn
Seat 6: f16e1bbd (small blind) folded before Flop


Poker Hand #HD1181450913: Hold'em No Limit  ($0.02/$0.05) - 2023/03/29 20:24:37
Table 'NLHBlue72' 6-max Seat #4 is the button
Seat 1: Hero ($8.78 in chips)
Seat 2: a87332e3 ($4.39 in chips)
Seat 3: f8f5b6d ($5.08 in chips)
Seat 4: c6176fba ($1.17 in chips)
Seat 5: 9ef7e4ce ($7.27 in chips)
Seat 6: f16e1bbd ($5 in chips)
9ef7e4ce: posts small blind $0.02
f16e1bbd: posts big blind $0.05
*** HOLE CARDS ***
Dealt to Hero [2s 3s]
Dealt to a87332e3 
Dealt to f8f5b6d 
Dealt to c6176fba 
Dealt to 9ef7e4ce 
Dealt to f16e1bbd 
Hero: folds
a87332e3: raises $0.06 to $0.11
f8f5b6d: calls $0.11
c6176fba: calls $0.11
9ef7e4ce: folds
f16e1bbd: folds
*** FLOP *** [8h 5c Qd]
a87332e3: bets $0.2
f8f5b6d: calls $0.2
c6176fba: folds
*** TURN *** [8h 5c Qd] [Qs]
a87332e3: checks
f8f5b6d: checks
*** RIVER *** [8h 5c Qd Qs] [4s]
a87332e3: checks
f8f5b6d: bets $0.6
a87332e3: folds
Uncalled bet ($0.6) returned to f8f5b6d
*** SHOWDOWN ***
f8f5b6d collected $0.76 from pot
*** SUMMARY ***
Total pot $0.8 | Rake $0.04 | Jackpot $0 | Bingo $0 | Fortune $0
Board [8h 5c Qd Qs 4s]
Seat 1: Hero folded before Flop (didn't bet)
Seat 2: a87332e3 folded on the River
Seat 3: f8f5b6d won ($0.76)
Seat 4: c6176fba (button) folded on the Flop
Seat 5: 9ef7e4ce (small blind) folded before Flop
Seat 6: f16e1bbd (big blind) folded before Flop


Poker Hand #HD1181450755: Hold'em No Limit  ($0.02/$0.05) - 2023/03/29 20:23:42
Table 'NLHBlue72' 6-max Seat #3 is the button
Seat 1: Hero ($8.78 in chips)
Seat 2: a87332e3 ($4.39 in chips)
Seat 3: f8f5b6d ($5.08 in chips)
Seat 4: c6176fba ($1.12 in chips)
Seat 5: 9ef7e4ce ($7.32 in chips)
c6176fba: posts small blind $0.02
9ef7e4ce: posts big blind $0.05
*** HOLE CARDS ***
Dealt to Hero [Jd 5d]
Dealt to a87332e3 
Dealt to f8f5b6d 
Dealt to c6176fba 
Dealt to 9ef7e4ce 
Hero: folds
a87332e3: folds
f8f5b6d: folds
c6176fba: calls $0.03
9ef7e4ce: checks
*** FLOP *** [Ts 6h 9h]
c6176fba: checks
9ef7e4ce: checks
*** TURN *** [Ts 6h 9h] [4c]
c6176fba: checks
9ef7e4ce: checks
*** RIVER *** [Ts 6h 9h 4c] [2d]
c6176fba: checks
9ef7e4ce: checks
c6176fba: shows [Jh 4s] (Pair of Fours)
9ef7e4ce: shows [5c Kc] (King-High)
*** SHOWDOWN ***
c6176fba collected $0.1 from pot
*** SUMMARY ***
Total pot $0.1 | Rake $0 | Jackpot $0 | Bingo $0 | Fortune $0
Board [Ts 6h 9h 4c 2d]
Seat 1: Hero folded before Flop (didn't bet)
Seat 2: a87332e3 folded before Flop (didn't bet)
Seat 3: f8f5b6d (button) folded before Flop (didn't bet)
Seat 4: c6176fba (small blind) showed [Jh 4s] and won ($0.1) with Pair of Fours
Seat 5: 9ef7e4ce (big blind) showed [5c Kc] and lost with King-High


Poker Hand #HD1181450615: Hold'em No Limit  ($0.02/$0.05) - 2023/03/29 20:22:54
Table 'NLHBlue72' 6-max Seat #2 is the button
Seat 1: Hero ($8.78 in chips)
Seat 2: a87332e3 ($4.39 in chips)
Seat 3: f8f5b6d ($5.23 in chips)
Seat 4: c6176fba ($0.98 in chips)
Seat 5: 9ef7e4ce ($7.32 in chips)
f8f5b6d: posts small blind $0.02
c6176fba: posts big blind $0.05
*** HOLE CARDS ***
Dealt to Hero [7h 2h]
Dealt to a87332e3 
Dealt to f8f5b6d 
Dealt to c6176fba 
Dealt to 9ef7e4ce 
9ef7e4ce: folds
Hero: folds
a87332e3: folds
f8f5b6d: raises $0.1 to $0.15
c6176fba: calls $0.1
*** FLOP *** [5h 9h 4h]
f8f5b6d: checks
c6176fba: checks
*** TURN *** [5h 9h 4h] [8s]
f8f5b6d: checks
c6176fba: checks
*** RIVER *** [5h 9h 4h 8s] [8d]
f8f5b6d: checks
c6176fba: bets $0.15
f8f5b6d: folds
Uncalled bet ($0.15) returned to c6176fba
*** SHOWDOWN ***
c6176fba collected $0.29 from pot
*** SUMMARY ***
Total pot $0.3 | Rake $0.01 | Jackpot $0 | Bingo $0 | Fortune $0
Board [5h 9h 4h 8s 8d]
Seat 1: Hero folded before Flop (didn't bet)
Seat 2: a87332e3 (button) folded before Flop (didn't bet)
Seat 3: f8f5b6d (small blind) folded on the River
Seat 4: c6176fba (big blind) won ($0.29)
Seat 5: 9ef7e4ce folded before Flop (didn't bet)


Poker Hand #HD1181450457: Hold'em No Limit  ($0.02/$0.05) - 2023/03/29 20:22:04
Table 'NLHBlue72' 6-max Seat #1 is the button
Seat 1: Hero ($8.78 in chips)
Seat 2: a87332e3 ($4.41 in chips)
Seat 3: f8f5b6d ($5 in chips)
Seat 4: c6176fba ($1.21 in chips)
Seat 5: 9ef7e4ce ($7.32 in chips)
a87332e3: posts small blind $0.02
f8f5b6d: posts big blind $0.05
*** HOLE CARDS ***
Dealt to Hero [6d 5s]
Dealt to a87332e3 
Dealt to f8f5b6d 
Dealt to c6176fba 
Dealt to 9ef7e4ce 
c6176fba: calls $0.05
9ef7e4ce: folds
Hero: folds
a87332e3: folds
f8f5b6d: checks
*** FLOP *** [9s 2s Qs]
f8f5b6d: checks
c6176fba: checks
*** TURN *** [9s 2s Qs] [8h]
f8f5b6d: checks
c6176fba: bets $0.06
f8f5b6d: calls $0.06
*** RIVER *** [9s 2s Qs 8h] [2c]
f8f5b6d: checks
c6176fba: bets $0.12
f8f5b6d: calls $0.12
c6176fba: shows [8s Td] (Pair of Eights and Pair of Twos)
f8f5b6d: shows [9d 5h] (Pair of Nines and Pair of Twos)
*** SHOWDOWN ***
f8f5b6d collected $0.46 from pot
*** SUMMARY ***
Total pot $0.48 | Rake $0.02 | Jackpot $0 | Bingo $0 | Fortune $0
Board [9s 2s Qs 8h 2c]
Seat 1: Hero (button) folded before Flop (didn't bet)
Seat 2: a87332e3 (small blind) folded before Flop
Seat 3: f8f5b6d (big blind) showed [9d 5h] and won ($0.46) with Pair of Nines and Pair of Twos
Seat 4: c6176fba showed [8s Td] and lost with Pair of Eights and Pair of Twos
Seat 5: 9ef7e4ce folded before Flop (didn't bet)


Poker Hand #HD1181450376: Hold'em No Limit  ($0.02/$0.05) - 2023/03/29 20:21:34
Table 'NLHBlue72' 6-max Seat #5 is the button
Seat 1: Hero ($8.8 in chips)
Seat 2: a87332e3 ($4.39 in chips)
Seat 3: f8f5b6d ($5 in chips)
Seat 4: c6176fba ($1.21 in chips)
Seat 5: 9ef7e4ce ($7.32 in chips)
Hero: posts small blind $0.02
a87332e3: posts big blind $0.05
*** HOLE CARDS ***
Dealt to Hero [4d Qc]
Dealt to a87332e3 
Dealt to f8f5b6d 
Dealt to c6176fba 
Dealt to 9ef7e4ce 
f8f5b6d: folds
c6176fba: folds
9ef7e4ce: folds
Hero: folds
Uncalled bet ($0.03) returned to a87332e3
*** SHOWDOWN ***
a87332e3 collected $0.04 from pot
*** SUMMARY ***
Total pot $0.04 | Rake $0 | Jackpot $0 | Bingo $0 | Fortune $0
Seat 1: Hero (small blind) folded before Flop
Seat 2: a87332e3 (big blind) collected ($0.04)
Seat 3: f8f5b6d folded before Flop (didn't bet)
Seat 4: c6176fba folded before Flop (didn't bet)
Seat 5: 9ef7e4ce (button) folded before Flop (didn't bet)


Poker Hand #HD1181450304: Hold'em No Limit  ($0.02/$0.05) - 2023/03/29 20:21:09
Table 'NLHBlue72' 6-max Seat #4 is the button
Seat 1: Hero ($8.78 in chips)
Seat 2: a87332e3 ($4.39 in chips)
Seat 3: f8f5b6d ($5 in chips)
Seat 4: c6176fba ($1.21 in chips)
Seat 5: 9ef7e4ce ($7.34 in chips)
9ef7e4ce: posts small blind $0.02
Hero: posts big blind $0.05
*** HOLE CARDS ***
Dealt to Hero [3s Kc]
Dealt to a87332e3 
Dealt to f8f5b6d 
Dealt to c6176fba 
Dealt to 9ef7e4ce 
a87332e3: folds
f8f5b6d: folds
c6176fba: folds
9ef7e4ce: folds
Uncalled bet ($0.03) returned to Hero
*** SHOWDOWN ***
Hero collected $0.04 from pot
*** SUMMARY ***
Total pot $0.04 | Rake $0 | Jackpot $0 | Bingo $0 | Fortune $0
Seat 1: Hero (big blind) collected ($0.04)
Seat 2: a87332e3 folded before Flop (didn't bet)
Seat 3: f8f5b6d folded before Flop (didn't bet)
Seat 4: c6176fba (button) folded before Flop (didn't bet)
Seat 5: 9ef7e4ce (small blind) folded before Flop


Poker Hand #HD1181450085: Hold'em No Limit  ($0.02/$0.05) - 2023/03/29 20:19:57
Table 'NLHBlue72' 6-max Seat #3 is the button
Seat 1: Hero ($8.78 in chips)
Seat 2: a87332e3 ($4.39 in chips)
Seat 3: f8f5b6d ($5 in chips)
Seat 4: c6176fba ($1.16 in chips)
Seat 5: 9ef7e4ce ($7.39 in chips)
Seat 6: cac80547 ($5 in chips)
c6176fba: posts small blind $0.02
9ef7e4ce: posts big blind $0.05
*** HOLE CARDS ***
Dealt to Hero [3h 2d]
Dealt to a87332e3 
Dealt to f8f5b6d 
Dealt to c6176fba 
Dealt to 9ef7e4ce 
Dealt to cac80547 
cac80547: folds
Hero: folds
a87332e3: folds
f8f5b6d: folds
c6176fba: calls $0.03
9ef7e4ce: checks
*** FLOP *** [6c Qd 2c]
c6176fba: checks
9ef7e4ce: checks
*** TURN *** [6c Qd 2c] [Ks]
c6176fba: checks
9ef7e4ce: checks
*** RIVER *** [6c Qd 2c Ks] [6s]
c6176fba: checks
9ef7e4ce: checks
c6176fba: shows [Jd 5c] (Pair of Sixes)
9ef7e4ce: shows [4s 8c] (Pair of Sixes)
*** SHOWDOWN ***
c6176fba collected $0.1 from pot
*** SUMMARY ***
Total pot $0.1 | Rake $0 | Jackpot $0 | Bingo $0 | Fortune $0
Board [6c Qd 2c Ks 6s]
Seat 1: Hero folded before Flop (didn't bet)
Seat 2: a87332e3 folded before Flop (didn't bet)
Seat 3: f8f5b6d (button) folded before Flop (didn't bet)
Seat 4: c6176fba (small blind) showed [Jd 5c] and won ($0.1) with Pair of Sixes
Seat 5: 9ef7e4ce (big blind) showed [4s 8c] and lost with Pair of Sixes
Seat 6: cac80547 folded before Flop (didn't bet)


Poker Hand #HD1181450022: Hold'em No Limit  ($0.02/$0.05) - 2023/03/29 20:19:34
Table 'NLHBlue72' 6-max Seat #2 is the button
Seat 1: Hero ($8.78 in chips)
Seat 2: a87332e3 ($4.39 in chips)
Seat 3: f8f5b6d ($5.02 in chips)
Seat 4: c6176fba ($1.14 in chips)
Seat 5: 9ef7e4ce ($7.39 in chips)
Seat 6: cac80547 ($5 in chips)
f8f5b6d: posts small blind $0.02
c6176fba: posts big blind $0.05
*** HOLE CARDS ***
Dealt to Hero [6d 7c]
Dealt to a87332e3 
Dealt to f8f5b6d 
Dealt to c6176fba 
Dealt to 9ef7e4ce 
Dealt to cac80547 
9ef7e4ce: folds
cac80547: folds
Hero: folds
a87332e3: folds
f8f5b6d: folds
Uncalled bet ($0.03) returned to c6176fba
*** SHOWDOWN ***
c6176fba collected $0.04 from pot
*** SUMMARY ***
Total pot $0.04 | Rake $0 | Jackpot $0 | Bingo $0 | Fortune $0
Seat 1: Hero folded before Flop (didn't bet)
Seat 2: a87332e3 (button) folded before Flop (didn't bet)
Seat 3: f8f5b6d (small blind) folded before Flop
Seat 4: c6176fba (big blind) collected ($0.04)
Seat 5: 9ef7e4ce folded before Flop (didn't bet)
Seat 6: cac80547 folded before Flop (didn't bet)


Poker Hand #HD1181449972: Hold'em No Limit  ($0.02/$0.05) - 2023/03/29 20:19:17
Table 'NLHBlue72' 6-max Seat #1 is the button
Seat 1: Hero ($8.78 in chips)
Seat 2: a87332e3 ($4.41 in chips)
Seat 3: f8f5b6d ($5 in chips)
Seat 4: c6176fba ($1.14 in chips)
Seat 5: 9ef7e4ce ($7.39 in chips)
Seat 6: cac80547 ($5 in chips)
a87332e3: posts small blind $0.02
f8f5b6d: posts big blind $0.05
*** HOLE CARDS ***
Dealt to Hero [5h Jh]
Dealt to a87332e3 
Dealt to f8f5b6d 
Dealt to c6176fba 
Dealt to 9ef7e4ce 
Dealt to cac80547 
c6176fba: folds
9ef7e4ce: folds
cac80547: folds
Hero: folds
a87332e3: folds
Uncalled bet ($0.03) returned to f8f5b6d
*** SHOWDOWN ***
f8f5b6d collected $0.04 from pot
*** SUMMARY ***
Total pot $0.04 | Rake $0 | Jackpot $0 | Bingo $0 | Fortune $0
Seat 1: Hero (button) folded before Flop (didn't bet)
Seat 2: a87332e3 (small blind) folded before Flop
Seat 3: f8f5b6d (big blind) collected ($0.04)
Seat 4: c6176fba folded before Flop (didn't bet)
Seat 5: 9ef7e4ce folded before Flop (didn't bet)
Seat 6: cac80547 folded before Flop (didn't bet)


Poker Hand #HD1181449831: Hold'em No Limit  ($0.02/$0.05) - 2023/03/29 20:18:31
Table 'NLHBlue72' 6-max Seat #6 is the button
Seat 1: Hero ($8.8 in chips)
Seat 2: a87332e3 ($4.52 in chips)
Seat 4: c6176fba ($1.02 in chips)
Seat 5: 9ef7e4ce ($7.39 in chips)
Seat 6: cac80547 ($5 in chips)
Hero: posts small blind $0.02
a87332e3: posts big blind $0.05
*** HOLE CARDS ***
Dealt to Hero [5h Kh]
Dealt to a87332e3 
Dealt to c6176fba 
Dealt to 9ef7e4ce 
Dealt to cac80547 
c6176fba: calls $0.05
9ef7e4ce: folds
cac80547: folds
Hero: folds
a87332e3: checks
*** FLOP *** [Jh Jd 4h]
a87332e3: checks
c6176fba: bets $0.06
a87332e3: calls $0.06
*** TURN *** [Jh Jd 4h] [6c]
a87332e3: checks
c6176fba: bets $0.12
a87332e3: folds
Uncalled bet ($0.12) returned to c6176fba
*** SHOWDOWN ***
c6176fba collected $0.23 from pot
*** SUMMARY ***
Total pot $0.24 | Rake $0.01 | Jackpot $0 | Bingo $0 | Fortune $0
Board [Jh Jd 4h 6c]
Seat 1: Hero (small blind) folded before Flop
Seat 2: a87332e3 (big blind) folded on the Turn
Seat 4: c6176fba won ($0.23)
Seat 5: 9ef7e4ce folded before Flop (didn't bet)
Seat 6: cac80547 (button) folded before Flop (didn't bet)


Poker Hand #HD1181449680: Hold'em No Limit  ($0.02/$0.05) - 2023/03/29 20:17:39
Table 'NLHBlue72' 6-max Seat #5 is the button
Seat 1: Hero ($8.85 in chips)
Seat 2: a87332e3 ($4.52 in chips)
Seat 4: c6176fba ($0.95 in chips)
Seat 5: 9ef7e4ce ($7.39 in chips)
Seat 6: cac80547 ($5.01 in chips)
cac80547: posts small blind $0.02
Hero: posts big blind $0.05
*** HOLE CARDS ***
Dealt to Hero [5s 6d]
Dealt to a87332e3 
Dealt to c6176fba 
Dealt to 9ef7e4ce 
Dealt to cac80547 
a87332e3: folds
c6176fba: calls $0.05
9ef7e4ce: folds
cac80547: folds
Hero: checks
*** FLOP *** [9c 9d 2h]
Hero: checks
c6176fba: checks
*** TURN *** [9c 9d 2h] [Kc]
Hero: checks
c6176fba: checks
*** RIVER *** [9c 9d 2h Kc] [3d]
Hero: checks
c6176fba: checks
Hero: shows [5s 6d] (Pair of Nines)
c6176fba: shows [5c 8c] (Pair of Nines)
*** SHOWDOWN ***
c6176fba collected $0.12 from pot
*** SUMMARY ***
Total pot $0.12 | Rake $0 | Jackpot $0 | Bingo $0 | Fortune $0
Board [9c 9d 2h Kc 3d]
Seat 1: Hero (big blind) showed [5s 6d] and lost with Pair of Nines
Seat 2: a87332e3 folded before Flop (didn't bet)
Seat 4: c6176fba showed [5c 8c] and won ($0.12) with Pair of Nines
Seat 5: 9ef7e4ce (button) folded before Flop (didn't bet)
Seat 6: cac80547 (small blind) folded before Flop


Poker Hand #HD1181449620: Hold'em No Limit  ($0.02/$0.05) - 2023/03/29 20:17:17
Table 'NLHBlue72' 6-max Seat #4 is the button
Seat 1: Hero ($8.85 in chips)
Seat 2: a87332e3 ($4.45 in chips)
Seat 4: c6176fba ($0.95 in chips)
Seat 5: 9ef7e4ce ($7.41 in chips)
Seat 6: cac80547 ($5.06 in chips)
9ef7e4ce: posts small blind $0.02
cac80547: posts big blind $0.05
*** HOLE CARDS ***
Dealt to Hero [6s Js]
Dealt to a87332e3 
Dealt to c6176fba 
Dealt to 9ef7e4ce 
Dealt to cac80547 
Hero: folds
a87332e3: raises $0.06 to $0.11
c6176fba: folds
9ef7e4ce: folds
cac80547: folds
Uncalled bet ($0.06) returned to a87332e3
*** SHOWDOWN ***
a87332e3 collected $0.12 from pot
*** SUMMARY ***
Total pot $0.12 | Rake $0 | Jackpot $0 | Bingo $0 | Fortune $0
Seat 1: Hero folded before Flop (didn't bet)
Seat 2: a87332e3 collected ($0.12)
Seat 4: c6176fba (button) folded before Flop (didn't bet)
Seat 5: 9ef7e4ce (small blind) folded before Flop
Seat 6: cac80547 (big blind) folded before Flop


Poker Hand #HD1181449425: Hold'em No Limit  ($0.02/$0.05) - 2023/03/29 20:16:04
Table 'NLHBlue72' 6-max Seat #2 is the button
Seat 1: Hero ($7.54 in chips)
Seat 2: a87332e3 ($4.45 in chips)
Seat 4: c6176fba ($2.33 in chips)
Seat 5: 9ef7e4ce ($7.53 in chips)
Seat 6: cac80547 ($5.06 in chips)
c6176fba: posts small blind $0.02
9ef7e4ce: posts big blind $0.05
*** HOLE CARDS ***
Dealt to Hero [Jd 9d]
Dealt to a87332e3 
Dealt to c6176fba 
Dealt to 9ef7e4ce 
Dealt to cac80547 
cac80547: folds
Hero: raises $0.07 to $0.12
a87332e3: folds
c6176fba: calls $0.1
9ef7e4ce: calls $0.07
*** FLOP *** [6s Qc Kd]
c6176fba: checks
9ef7e4ce: checks
Hero: checks
*** TURN *** [6s Qc Kd] [4d]
c6176fba: checks
9ef7e4ce: checks
Hero: checks
*** RIVER *** [6s Qc Kd 4d] [Tc]
c6176fba: checks
9ef7e4ce: checks
Hero: bets $0.54
c6176fba: raises $0.72 to $1.26
9ef7e4ce: folds
Hero: calls $0.72
c6176fba: shows [7h Ah] (Ace-High)
Hero: shows [Jd 9d] (Kings-High Straight)
*** SHOWDOWN ***
Hero collected $2.69 from pot
*** SUMMARY ***
Total pot $2.88 | Rake $0.14 | Jackpot $0.05 | Bingo $0 | Fortune $0
Board [6s Qc Kd 4d Tc]
Seat 1: Hero showed [Jd 9d] and won ($2.69) with Kings-High Straight
Seat 2: a87332e3 (button) folded before Flop (didn't bet)
Seat 4: c6176fba (small blind) showed [7h Ah] and lost with Ace-High
Seat 5: 9ef7e4ce (big blind) folded on the River
Seat 6: cac80547 folded before Flop (didn't bet)


Poker Hand #HD1181449245: Hold'em No Limit  ($0.02/$0.05) - 2023/03/29 20:15:01
Table 'NLHBlue72' 6-max Seat #1 is the button
Seat 1: Hero ($7.54 in chips)
Seat 2: a87332e3 ($4.47 in chips)
Seat 3: 80bed98b ($0.21 in chips)
Seat 4: c6176fba ($1.8 in chips)
Seat 5: 9ef7e4ce ($7.53 in chips)
Seat 6: cac80547 ($5.51 in chips)
a87332e3: posts small blind $0.02
80bed98b: posts big blind $0.05
*** HOLE CARDS ***
Dealt to Hero [Jc Kh]
Dealt to a87332e3 
Dealt to 80bed98b 
Dealt to c6176fba 
Dealt to 9ef7e4ce 
Dealt to cac80547 
c6176fba: calls $0.05
9ef7e4ce: folds
cac80547: raises $0.17 to $0.22
Hero: folds
a87332e3: folds
80bed98b: calls $0.16 and is all-in
c6176fba: calls $0.17
*** FLOP *** [7d 5h Ad]
c6176fba: checks
cac80547: bets $0.23
c6176fba: calls $0.23
*** TURN *** [7d 5h Ad] [5c]
c6176fba: bets $0.57
cac80547: folds
Uncalled bet ($0.57) returned to c6176fba
c6176fba: shows [Qc 7c] (Pair of Sevens and Pair of Fives)
80bed98b: shows [Jd Ts] (Pair of Fives)
c6176fba: Chooses to EV Cashout 
*** RIVER *** [7d 5h Ad 5c] [Qs]
c6176fba: Pays Cashout Risk ($0.1)
*** SHOWDOWN ***
c6176fba collected $0.62 from pot
c6176fba collected $0.46 from pot
*** SUMMARY ***
Total pot $1.13 | Rake $0.05 | Jackpot $0 | Bingo $0 | Fortune $0
Board [7d 5h Ad 5c Qs]
Seat 1: Hero (button) folded before Flop (didn't bet)
Seat 2: a87332e3 (small blind) folded before Flop
Seat 3: 80bed98b (big blind) showed [Jd Ts] and lost with Pair of Fives
Seat 4: c6176fba showed [Qc 7c] and won ($1.08) with Pair of Queens and Pair of Sevens, Cashout Risk ($0.1)
Seat 5: 9ef7e4ce folded before Flop (didn't bet)
Seat 6: cac80547 folded on the Turn


Poker Hand #HD1181449062: Hold'em No Limit  ($0.02/$0.05) - 2023/03/29 20:13:51
Table 'NLHBlue72' 6-max Seat #6 is the button
Seat 1: Hero ($7.56 in chips)
Seat 2: a87332e3 ($4.61 in chips)
Seat 3: 80bed98b ($0.35 in chips)
Seat 4: c6176fba ($1.52 in chips)
Seat 5: 9ef7e4ce ($7.53 in chips)
Seat 6: cac80547 ($5.51 in chips)
Hero: posts small blind $0.02
a87332e3: posts big blind $0.05
*** HOLE CARDS ***
Dealt to Hero [8s Tc]
Dealt to a87332e3 
Dealt to 80bed98b 
Dealt to c6176fba 
Dealt to 9ef7e4ce 
Dealt to cac80547 
80bed98b: calls $0.05
c6176fba: calls $0.05
9ef7e4ce: folds
cac80547: folds
Hero: folds
a87332e3: checks
*** FLOP *** [6d Ks 4c]
a87332e3: checks
80bed98b: checks
c6176fba: checks
*** TURN *** [6d Ks 4c] [2c]
a87332e3: checks
80bed98b: checks
c6176fba: bets $0.09
a87332e3: calls $0.09
80bed98b: calls $0.09
*** RIVER *** [6d Ks 4c 2c] [3d]
a87332e3: checks
80bed98b: checks
c6176fba: bets $0.22
a87332e3: folds
80bed98b: folds
Uncalled bet ($0.22) returned to c6176fba
*** SHOWDOWN ***
c6176fba collected $0.42 from pot
*** SUMMARY ***
Total pot $0.44 | Rake $0.02 | Jackpot $0 | Bingo $0 | Fortune $0
Board [6d Ks 4c 2c 3d]
Seat 1: Hero (small blind) folded before Flop
Seat 2: a87332e3 (big blind) folded on the River
Seat 3: 80bed98b folded on the River
Seat 4: c6176fba won ($0.42)
Seat 5: 9ef7e4ce folded before Flop (didn't bet)
Seat 6: cac80547 (button) folded before Flop (didn't bet)


Poker Hand #HD1181448862: Hold'em No Limit  ($0.02/$0.05) - 2023/03/29 20:12:43
Table 'NLHBlue72' 6-max Seat #5 is the button
Seat 1: Hero ($6.8 in chips)
Seat 2: a87332e3 ($4.61 in chips)
Seat 3: 80bed98b ($0.35 in chips)
Seat 4: c6176fba ($2.39 in chips)
Seat 5: 9ef7e4ce ($7.53 in chips)
Seat 6: cac80547 ($5.53 in chips)
cac80547: posts small blind $0.02
Hero: posts big blind $0.05
*** HOLE CARDS ***
Dealt to Hero [Tc Ts]
Dealt to a87332e3 
Dealt to 80bed98b 
Dealt to c6176fba 
Dealt to 9ef7e4ce 
Dealt to cac80547 
a87332e3: folds
80bed98b: folds
c6176fba: calls $0.05
9ef7e4ce: folds
cac80547: folds
Hero: raises $0.15 to $0.2
c6176fba: calls $0.15
*** FLOP *** [Th 8s 4d]
Hero: bets $0.14
c6176fba: calls $0.14
*** TURN *** [Th 8s 4d] [7s]
Hero: bets $0.53
c6176fba: calls $0.53
*** RIVER *** [Th 8s 4d 7s] [2s]
Hero: checks
c6176fba: checks
Hero: shows [Tc Ts] (Three Tens)
c6176fba: shows [6h 7h] (Pair of Sevens)
*** SHOWDOWN ***
Hero collected $1.63 from pot
*** SUMMARY ***
Total pot $1.76 | Rake $0.08 | Jackpot $0.05 | Bingo $0 | Fortune $0
Board [Th 8s 4d 7s 2s]
Seat 1: Hero (big blind) showed [Tc Ts] and won ($1.63) with Three Tens
Seat 2: a87332e3 folded before Flop (didn't bet)
Seat 3: 80bed98b folded before Flop (didn't bet)
Seat 4: c6176fba showed [6h 7h] and lost with Pair of Sevens
Seat 5: 9ef7e4ce (button) folded before Flop (didn't bet)
Seat 6: cac80547 (small blind) folded before Flop


Poker Hand #HD1181448816: Hold'em No Limit  ($0.02/$0.05) - 2023/03/29 20:12:25
Table 'NLHBlue72' 6-max Seat #4 is the button
Seat 1: Hero ($6.8 in chips)
Seat 2: a87332e3 ($4.61 in chips)
Seat 3: 80bed98b ($0.35 in chips)
Seat 4: c6176fba ($2.39 in chips)
Seat 5: 9ef7e4ce ($7.55 in chips)
Seat 6: cac80547 ($5.51 in chips)
9ef7e4ce: posts small blind $0.02
cac80547: posts big blind $0.05
*** HOLE CARDS ***
Dealt to Hero [5h 4h]
Dealt to a87332e3 
Dealt to 80bed98b 
Dealt to c6176fba 
Dealt to 9ef7e4ce 
Dealt to cac80547 
Hero: folds
a87332e3: folds
80bed98b: folds
c6176fba: folds
9ef7e4ce: folds
Uncalled bet ($0.03) returned to cac80547
*** SHOWDOWN ***
cac80547 collected $0.04 from pot
*** SUMMARY ***
Total pot $0.04 | Rake $0 | Jackpot $0 | Bingo $0 | Fortune $0
Seat 1: Hero folded before Flop (didn't bet)
Seat 2: a87332e3 folded before Flop (didn't bet)
Seat 3: 80bed98b folded before Flop (didn't bet)
Seat 4: c6176fba (button) folded before Flop (didn't bet)
Seat 5: 9ef7e4ce (small blind) folded before Flop
Seat 6: cac80547 (big blind) collected ($0.04)


Poker Hand #HD1181448726: Hold'em No Limit  ($0.02/$0.05) - 2023/03/29 20:11:56
Table 'NLHBlue72' 6-max Seat #3 is the button
Seat 1: Hero ($6.8 in chips)
Seat 2: a87332e3 ($4.61 in chips)
Seat 3: 80bed98b ($0.35 in chips)
Seat 4: c6176fba ($2.34 in chips)
Seat 5: 9ef7e4ce ($7.6 in chips)
Seat 6: cac80547 ($5.51 in chips)
c6176fba: posts small blind $0.02
9ef7e4ce: posts big blind $0.05
*** HOLE CARDS ***
Dealt to Hero [5s 6d]
Dealt to a87332e3 
Dealt to 80bed98b 
Dealt to c6176fba 
Dealt to 9ef7e4ce 
Dealt to cac80547 
cac80547: folds
Hero: folds
a87332e3: folds
80bed98b: folds
c6176fba: calls $0.03
9ef7e4ce: checks
*** FLOP *** [9s 4d Tc]
c6176fba: checks
9ef7e4ce: checks
*** TURN *** [9s 4d Tc] [2h]
c6176fba: bets $0.05
9ef7e4ce: folds
Uncalled bet ($0.05) returned to c6176fba
*** SHOWDOWN ***
c6176fba collected $0.1 from pot
*** SUMMARY ***
Total pot $0.1 | Rake $0 | Jackpot $0 | Bingo $0 | Fortune $0
Board [9s 4d Tc 2h]
Seat 1: Hero folded before Flop (didn't bet)
Seat 2: a87332e3 folded before Flop (didn't bet)
Seat 3: 80bed98b (button) folded before Flop (didn't bet)
Seat 4: c6176fba (small blind) won ($0.1)
Seat 5: 9ef7e4ce (big blind) folded on the Turn
Seat 6: cac80547 folded before Flop (didn't bet)


Poker Hand #HD1181448696: Hold'em No Limit  ($0.02/$0.05) - 2023/03/29 20:11:46
Table 'NLHBlue72' 6-max Seat #2 is the button
Seat 1: Hero ($6.8 in chips)
Seat 2: a87332e3 ($4.61 in chips)
Seat 3: 80bed98b ($0.37 in chips)
Seat 4: c6176fba ($2.32 in chips)
Seat 5: 9ef7e4ce ($7.6 in chips)
Seat 6: cac80547 ($5.51 in chips)
80bed98b: posts small blind $0.02
c6176fba: posts big blind $0.05
*** HOLE CARDS ***
Dealt to Hero [6c 2h]
Dealt to a87332e3 
Dealt to 80bed98b 
Dealt to c6176fba 
Dealt to 9ef7e4ce 
Dealt to cac80547 
9ef7e4ce: folds
cac80547: folds
Hero: folds
a87332e3: folds
80bed98b: folds
Uncalled bet ($0.03) returned to c6176fba
*** SHOWDOWN ***
c6176fba collected $0.04 from pot
*** SUMMARY ***
Total pot $0.04 | Rake $0 | Jackpot $0 | Bingo $0 | Fortune $0
Seat 1: Hero folded before Flop (didn't bet)
Seat 2: a87332e3 (button) folded before Flop (didn't bet)
Seat 3: 80bed98b (small blind) folded before Flop
Seat 4: c6176fba (big blind) collected ($0.04)
Seat 5: 9ef7e4ce folded before Flop (didn't bet)
Seat 6: cac80547 folded before Flop (didn't bet)


Poker Hand #HD1181448592: Hold'em No Limit  ($0.02/$0.05) - 2023/03/29 20:11:12
Table 'NLHBlue72' 6-max Seat #1 is the button
Seat 1: Hero ($6.8 in chips)
Seat 2: a87332e3 ($4.03 in chips)
Seat 3: 80bed98b ($0.42 in chips)
Seat 4: c6176fba ($2.91 in chips)
Seat 5: 9ef7e4ce ($7.6 in chips)
Seat 6: cac80547 ($5.51 in chips)
a87332e3: posts small blind $0.02
80bed98b: posts big blind $0.05
*** HOLE CARDS ***
Dealt to Hero [Ts 8d]
Dealt to a87332e3 
Dealt to 80bed98b 
Dealt to c6176fba 
Dealt to 9ef7e4ce 
Dealt to cac80547 
c6176fba: calls $0.05
9ef7e4ce: folds
cac80547: folds
Hero: folds
a87332e3: raises $0.17 to $0.22
80bed98b: folds
c6176fba: calls $0.17
*** FLOP *** [Qs 9s 2s]
a87332e3: checks
c6176fba: checks
*** TURN *** [Qs 9s 2s] [6c]
a87332e3: checks
c6176fba: checks
*** RIVER *** [Qs 9s 2s 6c] [9c]
a87332e3: bets $0.37
c6176fba: calls $0.37
a87332e3: shows [Ah As] (Pair of Aces and Pair of Nines)
c6176fba: shows [3c Jc] (Pair of Nines)
*** SHOWDOWN ***
a87332e3 collected $1.17 from pot
*** SUMMARY ***
Total pot $1.23 | Rake $0.06 | Jackpot $0 | Bingo $0 | Fortune $0
Board [Qs 9s 2s 6c 9c]
Seat 1: Hero (button) folded before Flop (didn't bet)
Seat 2: a87332e3 (small blind) showed [Ah As] and won ($1.17) with Pair of Aces and Pair of Nines
Seat 3: 80bed98b (big blind) folded before Flop
Seat 4: c6176fba showed [3c Jc] and lost with Pair of Nines
Seat 5: 9ef7e4ce folded before Flop (didn't bet)
Seat 6: cac80547 folded before Flop (didn't bet)


Poker Hand #HD1181448432: Hold'em No Limit  ($0.02/$0.05) - 2023/03/29 20:10:16
Table 'NLHBlue72' 6-max Seat #6 is the button
Seat 1: Hero ($6.82 in chips)
Seat 2: a87332e3 ($4.28 in chips)
Seat 3: 80bed98b ($1.06 in chips)
Seat 4: c6176fba ($2.91 in chips)
Seat 5: 9ef7e4ce ($6.81 in chips)
Seat 6: cac80547 ($5.51 in chips)
Hero: posts small blind $0.02
a87332e3: posts big blind $0.05
*** HOLE CARDS ***
Dealt to Hero [3h Qd]
Dealt to a87332e3 
Dealt to 80bed98b 
Dealt to c6176fba 
Dealt to 9ef7e4ce 
Dealt to cac80547 
80bed98b: raises $0.05 to $0.1
c6176fba: folds
9ef7e4ce: raises $0.15 to $0.25
cac80547: folds
Hero: folds
a87332e3: calls $0.2
80bed98b: calls $0.15
*** FLOP *** [6s 9s 6d]
a87332e3: checks
80bed98b: checks
9ef7e4ce: bets $0.39
a87332e3: folds
80bed98b: calls $0.39
*** TURN *** [6s 9s 6d] [Tc]
80bed98b: checks
9ef7e4ce: checks
*** RIVER *** [6s 9s 6d Tc] [4h]
80bed98b: checks
9ef7e4ce: checks
80bed98b: shows [Kd Jd] (Pair of Sixes)
9ef7e4ce: shows [Kh As] (Pair of Sixes)
*** SHOWDOWN ***
9ef7e4ce collected $1.43 from pot
*** SUMMARY ***
Total pot $1.55 | Rake $0.07 | Jackpot $0.05 | Bingo $0 | Fortune $0
Board [6s 9s 6d Tc 4h]
Seat 1: Hero (small blind) folded before Flop
Seat 2: a87332e3 (big blind) folded on the Flop
Seat 3: 80bed98b showed [Kd Jd] and lost with Pair of Sixes
Seat 4: c6176fba folded before Flop (didn't bet)
Seat 5: 9ef7e4ce showed [Kh As] and won ($1.43) with Pair of Sixes
Seat 6: cac80547 (button) folded before Flop (didn't bet)


Poker Hand #HD1181448303: Hold'em No Limit  ($0.02/$0.05) - 2023/03/29 20:09:35
Table 'NLHBlue72' 6-max Seat #5 is the button
Seat 1: Hero ($6.87 in chips)
Seat 2: a87332e3 ($4.28 in chips)
Seat 3: 80bed98b ($1.06 in chips)
Seat 4: c6176fba ($2.64 in chips)
Seat 5: 9ef7e4ce ($6.81 in chips)
Seat 6: cac80547 ($5.76 in chips)
cac80547: posts small blind $0.02
Hero: posts big blind $0.05
*** HOLE CARDS ***
Dealt to Hero [4d 9h]
Dealt to a87332e3 
Dealt to 80bed98b 
Dealt to c6176fba 
Dealt to 9ef7e4ce 
Dealt to cac80547 
a87332e3: folds
80bed98b: folds
c6176fba: calls $0.05
9ef7e4ce: folds
cac80547: raises $0.2 to $0.25
Hero: folds
c6176fba: calls $0.2
*** FLOP *** [7s 5s Kc]
cac80547: checks
c6176fba: checks
*** TURN *** [7s 5s Kc] [Jd]
cac80547: checks
c6176fba: bets $0.28
cac80547: folds
Uncalled bet ($0.28) returned to c6176fba
*** SHOWDOWN ***
c6176fba collected $0.52 from pot
*** SUMMARY ***
Total pot $0.55 | Rake $0.03 | Jackpot $0 | Bingo $0 | Fortune $0
Board [7s 5s Kc Jd]
Seat 1: Hero (big blind) folded before Flop
Seat 2: a87332e3 folded before Flop (didn't bet)
Seat 3: 80bed98b folded before Flop (didn't bet)
Seat 4: c6176fba won ($0.52)
Seat 5: 9ef7e4ce (button) folded before Flop (didn't bet)
Seat 6: cac80547 (small blind) folded on the Turn


Poker Hand #HD1181448148: Hold'em No Limit  ($0.02/$0.05) - 2023/03/29 20:08:43
Table 'NLHBlue72' 6-max Seat #4 is the button
Seat 1: Hero ($6.87 in chips)
Seat 2: a87332e3 ($4.28 in chips)
Seat 3: 80bed98b ($1.06 in chips)
Seat 4: c6176fba ($3.89 in chips)
Seat 5: 9ef7e4ce ($5.68 in chips)
Seat 6: cac80547 ($5.81 in chips)
9ef7e4ce: posts small blind $0.02
cac80547: posts big blind $0.05
*** HOLE CARDS ***
Dealt to Hero [4h 5c]
Dealt to a87332e3 
Dealt to 80bed98b 
Dealt to c6176fba 
Dealt to 9ef7e4ce 
Dealt to cac80547 
Hero: folds
a87332e3: folds
80bed98b: folds
c6176fba: calls $0.05
9ef7e4ce: raises $0.15 to $0.2
cac80547: folds
c6176fba: calls $0.15
*** FLOP *** [Kc 5s 3s]
9ef7e4ce: bets $0.23
c6176fba: calls $0.23
*** TURN *** [Kc 5s 3s] [9d]
9ef7e4ce: bets $0.31
c6176fba: calls $0.31
*** RIVER *** [Kc 5s 3s 9d] [6h]
9ef7e4ce: bets $0.51
c6176fba: calls $0.51
9ef7e4ce: shows [Qc Qh] (Pair of Queens)
c6176fba: shows [6d Ts] (Pair of Sixes)
*** SHOWDOWN ***
9ef7e4ce collected $2.38 from pot
*** SUMMARY ***
Total pot $2.55 | Rake $0.12 | Jackpot $0.05 | Bingo $0 | Fortune $0
Board [Kc 5s 3s 9d 6h]
Seat 1: Hero folded before Flop (didn't bet)
Seat 2: a87332e3 folded before Flop (didn't bet)
Seat 3: 80bed98b folded before Flop (didn't bet)
Seat 4: c6176fba (button) showed [6d Ts] and lost with Pair of Sixes
Seat 5: 9ef7e4ce (small blind) showed [Qc Qh] and won ($2.38) with Pair of Queens
Seat 6: cac80547 (big blind) folded before Flop


Poker Hand #HD1181448042: Hold'em No Limit  ($0.02/$0.05) - 2023/03/29 20:08:07
Table 'NLHBlue72' 6-max Seat #3 is the button
Seat 1: Hero ($6.87 in chips)
Seat 2: a87332e3 ($4.28 in chips)
Seat 3: 80bed98b ($1.06 in chips)
Seat 4: c6176fba ($3.84 in chips)
Seat 5: 9ef7e4ce ($5.73 in chips)
Seat 6: cac80547 ($5.81 in chips)
c6176fba: posts small blind $0.02
9ef7e4ce: posts big blind $0.05
*** HOLE CARDS ***
Dealt to Hero [2h Kd]
Dealt to a87332e3 
Dealt to 80bed98b 
Dealt to c6176fba 
Dealt to 9ef7e4ce 
Dealt to cac80547 
cac80547: folds
Hero: folds
a87332e3: folds
80bed98b: folds
c6176fba: calls $0.03
9ef7e4ce: checks
*** FLOP *** [9h 5h Ks]
c6176fba: checks
9ef7e4ce: checks
*** TURN *** [9h 5h Ks] [Qd]
c6176fba: bets $0.05
9ef7e4ce: folds
Uncalled bet ($0.05) returned to c6176fba
*** SHOWDOWN ***
c6176fba collected $0.1 from pot
*** SUMMARY ***
Total pot $0.1 | Rake $0 | Jackpot $0 | Bingo $0 | Fortune $0
Board [9h 5h Ks Qd]
Seat 1: Hero folded before Flop (didn't bet)
Seat 2: a87332e3 folded before Flop (didn't bet)
Seat 3: 80bed98b (button) folded before Flop (didn't bet)
Seat 4: c6176fba (small blind) won ($0.1)
Seat 5: 9ef7e4ce (big blind) folded on the Turn
Seat 6: cac80547 folded before Flop (didn't bet)


Poker Hand #HD1181447940: Hold'em No Limit  ($0.02/$0.05) - 2023/03/29 20:07:30
Table 'NLHBlue72' 6-max Seat #2 is the button
Seat 1: Hero ($6.87 in chips)
Seat 2: a87332e3 ($4.28 in chips)
Seat 3: 80bed98b ($1.26 in chips)
Seat 4: c6176fba ($3.66 in chips)
Seat 5: 9ef7e4ce ($5.73 in chips)
Seat 6: cac80547 ($5.81 in chips)
80bed98b: posts small blind $0.02
c6176fba: posts big blind $0.05
*** HOLE CARDS ***
Dealt to Hero [Ks 2d]
Dealt to a87332e3 
Dealt to 80bed98b 
Dealt to c6176fba 
Dealt to 9ef7e4ce 
Dealt to cac80547 
9ef7e4ce: folds
cac80547: folds
Hero: folds
a87332e3: folds
80bed98b: calls $0.03
c6176fba: checks
*** FLOP *** [3s Tc 2h]
80bed98b: checks
c6176fba: checks
*** TURN *** [3s Tc 2h] [8h]
80bed98b: bets $0.05
c6176fba: calls $0.05
*** RIVER *** [3s Tc 2h 8h] [As]
80bed98b: bets $0.1
c6176fba: calls $0.1
80bed98b: shows [6c 6s] (Pair of Sixes)
c6176fba: shows [Ac 4c] (Pair of Aces)
*** SHOWDOWN ***
c6176fba collected $0.38 from pot
*** SUMMARY ***
Total pot $0.4 | Rake $0.02 | Jackpot $0 | Bingo $0 | Fortune $0
Board [3s Tc 2h 8h As]
Seat 1: Hero folded before Flop (didn't bet)
Seat 2: a87332e3 (button) folded before Flop (didn't bet)
Seat 3: 80bed98b (small blind) showed [6c 6s] and lost with Pair of Sixes
Seat 4: c6176fba (big blind) showed [Ac 4c] and won ($0.38) with Pair of Aces
Seat 5: 9ef7e4ce folded before Flop (didn't bet)
Seat 6: cac80547 folded before Flop (didn't bet)


Poker Hand #HD1181447882: Hold'em No Limit  ($0.02/$0.05) - 2023/03/29 20:07:13
Table 'NLHBlue72' 6-max Seat #1 is the button
Seat 1: Hero ($6.8 in chips)
Seat 2: a87332e3 ($4.3 in chips)
Seat 3: 80bed98b ($1.31 in chips)
Seat 4: c6176fba ($3.66 in chips)
Seat 5: 9ef7e4ce ($5.73 in chips)
Seat 6: cac80547 ($5.81 in chips)
a87332e3: posts small blind $0.02
80bed98b: posts big blind $0.05
*** HOLE CARDS ***
Dealt to Hero [8c 8s]
Dealt to a87332e3 
Dealt to 80bed98b 
Dealt to c6176fba 
Dealt to 9ef7e4ce 
Dealt to cac80547 
c6176fba: folds
9ef7e4ce: folds
cac80547: folds
Hero: raises $0.07 to $0.12
a87332e3: folds
80bed98b: folds
Uncalled bet ($0.07) returned to Hero
*** SHOWDOWN ***
Hero collected $0.12 from pot
*** SUMMARY ***
Total pot $0.12 | Rake $0 | Jackpot $0 | Bingo $0 | Fortune $0
Seat 1: Hero (button) collected ($0.12)
Seat 2: a87332e3 (small blind) folded before Flop
Seat 3: 80bed98b (big blind) folded before Flop
Seat 4: c6176fba folded before Flop (didn't bet)
Seat 5: 9ef7e4ce folded before Flop (didn't bet)
Seat 6: cac80547 folded before Flop (didn't bet)


Poker Hand #HD1181447795: Hold'em No Limit  ($0.02/$0.05) - 2023/03/29 20:06:44
Table 'NLHBlue72' 6-max Seat #6 is the button
Seat 1: Hero ($6.82 in chips)
Seat 2: a87332e3 ($4.45 in chips)
Seat 3: 80bed98b ($1.31 in chips)
Seat 4: c6176fba ($3.66 in chips)
Seat 5: 9ef7e4ce ($5.57 in chips)
Seat 6: cac80547 ($5.81 in chips)
Hero: posts small blind $0.02
a87332e3: posts big blind $0.05
*** HOLE CARDS ***
Dealt to Hero [Tc 4s]
Dealt to a87332e3 
Dealt to 80bed98b 
Dealt to c6176fba 
Dealt to 9ef7e4ce 
Dealt to cac80547 
80bed98b: folds
c6176fba: folds
9ef7e4ce: raises $0.1 to $0.15
cac80547: folds
Hero: folds
a87332e3: calls $0.1
*** FLOP *** [Js 2c 4h]
a87332e3: checks
9ef7e4ce: bets $0.16
a87332e3: folds
Uncalled bet ($0.16) returned to 9ef7e4ce
*** SHOWDOWN ***
9ef7e4ce collected $0.31 from pot
*** SUMMARY ***
Total pot $0.32 | Rake $0.01 | Jackpot $0 | Bingo $0 | Fortune $0
Board [Js 2c 4h]
Seat 1: Hero (small blind) folded before Flop
Seat 2: a87332e3 (big blind) folded on the Flop
Seat 3: 80bed98b folded before Flop (didn't bet)
Seat 4: c6176fba folded before Flop (didn't bet)
Seat 5: 9ef7e4ce won ($0.31)
Seat 6: cac80547 (button) folded before Flop (didn't bet)


Poker Hand #HD1181447736: Hold'em No Limit  ($0.02/$0.05) - 2023/03/29 20:06:22
Table 'NLHBlue72' 6-max Seat #5 is the button
Seat 1: Hero ($6.87 in chips)
Seat 2: a87332e3 ($4.45 in chips)
Seat 3: 80bed98b ($1.31 in chips)
Seat 4: c6176fba ($3.66 in chips)
Seat 5: 9ef7e4ce ($5.57 in chips)
Seat 6: cac80547 ($5.76 in chips)
cac80547: posts small blind $0.02
Hero: posts big blind $0.05
*** HOLE CARDS ***
Dealt to Hero [7d 5s]
Dealt to a87332e3 
Dealt to 80bed98b 
Dealt to c6176fba 
Dealt to 9ef7e4ce 
Dealt to cac80547 
a87332e3: folds
80bed98b: folds
c6176fba: folds
9ef7e4ce: folds
cac80547: raises $0.1 to $0.15
Hero: folds
Uncalled bet ($0.1) returned to cac80547
*** SHOWDOWN ***
cac80547 collected $0.1 from pot
*** SUMMARY ***
Total pot $0.1 | Rake $0 | Jackpot $0 | Bingo $0 | Fortune $0
Seat 1: Hero (big blind) folded before Flop
Seat 2: a87332e3 folded before Flop (didn't bet)
Seat 3: 80bed98b folded before Flop (didn't bet)
Seat 4: c6176fba folded before Flop (didn't bet)
Seat 5: 9ef7e4ce (button) folded before Flop (didn't bet)
Seat 6: cac80547 (small blind) collected ($0.1)


Poker Hand #HD1181447551: Hold'em No Limit  ($0.02/$0.05) - 2023/03/29 20:05:21
Table 'NLHBlue72' 6-max Seat #4 is the button
Seat 1: Hero ($6.87 in chips)
Seat 2: a87332e3 ($4.45 in chips)
Seat 3: 80bed98b ($1.31 in chips)
Seat 4: c6176fba ($3.86 in chips)
Seat 5: 9ef7e4ce ($5.34 in chips)
Seat 6: cac80547 ($5.81 in chips)
9ef7e4ce: posts small blind $0.02
cac80547: posts big blind $0.05
*** HOLE CARDS ***
Dealt to Hero [4h 5h]
Dealt to a87332e3 
Dealt to 80bed98b 
Dealt to c6176fba 
Dealt to 9ef7e4ce 
Dealt to cac80547 
Hero: folds
a87332e3: folds
80bed98b: folds
c6176fba: calls $0.05
9ef7e4ce: calls $0.03
cac80547: checks
*** FLOP *** [8s Th Jh]
9ef7e4ce: checks
cac80547: checks
c6176fba: checks
*** TURN *** [8s Th Jh] [6d]
9ef7e4ce: checks
cac80547: checks
c6176fba: checks
*** RIVER *** [8s Th Jh 6d] [9h]
9ef7e4ce: bets $0.15
cac80547: folds
c6176fba: calls $0.15
9ef7e4ce: shows [7h Ah] (Ace High Flush)
c6176fba: shows [2c Ad] (Ace-High)
*** SHOWDOWN ***
9ef7e4ce collected $0.43 from pot
*** SUMMARY ***
Total pot $0.45 | Rake $0.02 | Jackpot $0 | Bingo $0 | Fortune $0
Board [8s Th Jh 6d 9h]
Seat 1: Hero folded before Flop (didn't bet)
Seat 2: a87332e3 folded before Flop (didn't bet)
Seat 3: 80bed98b folded before Flop (didn't bet)
Seat 4: c6176fba (button) showed [2c Ad] and lost with Ace-High
Seat 5: 9ef7e4ce (small blind) showed [7h Ah] and won ($0.43) with Ace High Flush
Seat 6: cac80547 (big blind) folded on the River


Poker Hand #HD1181447444: Hold'em No Limit  ($0.02/$0.05) - 2023/03/29 20:04:43
Table 'NLHBlue72' 6-max Seat #3 is the button
Seat 1: Hero ($6.87 in chips)
Seat 2: a87332e3 ($4.56 in chips)
Seat 3: 80bed98b ($1.31 in chips)
Seat 4: c6176fba ($3.97 in chips)
Seat 5: 9ef7e4ce ($5.13 in chips)
Seat 6: cac80547 ($5.81 in chips)
c6176fba: posts small blind $0.02
9ef7e4ce: posts big blind $0.05
*** HOLE CARDS ***
Dealt to Hero [2h 4s]
Dealt to a87332e3 
Dealt to 80bed98b 
Dealt to c6176fba 
Dealt to 9ef7e4ce 
Dealt to cac80547 
cac80547: folds
Hero: folds
a87332e3: raises $0.06 to $0.11
80bed98b: folds
c6176fba: calls $0.09
9ef7e4ce: calls $0.06
*** FLOP *** [Ts 3h Qd]
c6176fba: checks
9ef7e4ce: bets $0.25
a87332e3: folds
c6176fba: folds
Uncalled bet ($0.25) returned to 9ef7e4ce
*** SHOWDOWN ***
9ef7e4ce collected $0.32 from pot
*** SUMMARY ***
Total pot $0.33 | Rake $0.01 | Jackpot $0 | Bingo $0 | Fortune $0
Board [Ts 3h Qd]
Seat 1: Hero folded before Flop (didn't bet)
Seat 2: a87332e3 folded on the Flop
Seat 3: 80bed98b (button) folded before Flop (didn't bet)
Seat 4: c6176fba (small blind) folded on the Flop
Seat 5: 9ef7e4ce (big blind) won ($0.32)
Seat 6: cac80547 folded before Flop (didn't bet)


Poker Hand #HD1181447221: Hold'em No Limit  ($0.02/$0.05) - 2023/03/29 20:03:27
Table 'NLHBlue72' 6-max Seat #2 is the button
Seat 1: Hero ($6.87 in chips)
Seat 2: a87332e3 ($4.93 in chips)
Seat 3: 80bed98b ($1.46 in chips)
Seat 4: c6176fba ($4.02 in chips)
Seat 5: 9ef7e4ce ($5.28 in chips)
Seat 6: cac80547 ($5.14 in chips)
80bed98b: posts small blind $0.02
c6176fba: posts big blind $0.05
*** HOLE CARDS ***
Dealt to Hero [Tc Qh]
Dealt to a87332e3 
Dealt to 80bed98b 
Dealt to c6176fba 
Dealt to 9ef7e4ce 
Dealt to cac80547 
9ef7e4ce: raises $0.1 to $0.15
cac80547: calls $0.15
Hero: folds
a87332e3: calls $0.15
80bed98b: calls $0.13
c6176fba: folds
*** FLOP *** [9d 2h 7h]
80bed98b: checks
9ef7e4ce: checks
cac80547: bets $0.22
a87332e3: calls $0.22
80bed98b: folds
9ef7e4ce: folds
*** TURN *** [9d 2h 7h] [Th]
cac80547: bets $0.55
a87332e3: folds
Uncalled bet ($0.55) returned to cac80547
*** SHOWDOWN ***
cac80547 collected $1.04 from pot
*** SUMMARY ***
Total pot $1.09 | Rake $0.05 | Jackpot $0 | Bingo $0 | Fortune $0
Board [9d 2h 7h Th]
Seat 1: Hero folded before Flop (didn't bet)
Seat 2: a87332e3 (button) folded on the Turn
Seat 3: 80bed98b (small blind) folded on the Flop
Seat 4: c6176fba (big blind) folded before Flop
Seat 5: 9ef7e4ce folded on the Flop
Seat 6: cac80547 won ($1.04)


Poker Hand #HD1181447183: Hold'em No Limit  ($0.02/$0.05) - 2023/03/29 20:03:16
Table 'NLHBlue72' 6-max Seat #1 is the button
Seat 1: Hero ($6.87 in chips)
Seat 2: a87332e3 ($4.95 in chips)
Seat 3: 80bed98b ($1.51 in chips)
Seat 5: 9ef7e4ce ($5.28 in chips)
Seat 6: cac80547 ($5.07 in chips)
a87332e3: posts small blind $0.02
80bed98b: posts big blind $0.05
*** HOLE CARDS ***
Dealt to Hero [5h 9s]
Dealt to a87332e3 
Dealt to 80bed98b 
Dealt to 9ef7e4ce 
Dealt to cac80547 
9ef7e4ce: folds
cac80547: raises $0.1 to $0.15
Hero: folds
a87332e3: folds
80bed98b: folds
Uncalled bet ($0.1) returned to cac80547
*** SHOWDOWN ***
cac80547 collected $0.12 from pot
*** SUMMARY ***
Total pot $0.12 | Rake $0 | Jackpot $0 | Bingo $0 | Fortune $0
Seat 1: Hero (button) folded before Flop (didn't bet)
Seat 2: a87332e3 (small blind) folded before Flop
Seat 3: 80bed98b (big blind) folded before Flop
Seat 5: 9ef7e4ce folded before Flop (didn't bet)
Seat 6: cac80547 collected ($0.12)


Poker Hand #HD1181447119: Hold'em No Limit  ($0.02/$0.05) - 2023/03/29 20:02:55
Table 'NLHBlue72' 6-max Seat #6 is the button
Seat 1: Hero ($6.89 in chips)
Seat 2: a87332e3 ($5 in chips)
Seat 3: 80bed98b ($1.51 in chips)
Seat 5: 9ef7e4ce ($5.28 in chips)
Seat 6: cac80547 ($5 in chips)
Hero: posts small blind $0.02
a87332e3: posts big blind $0.05
*** HOLE CARDS ***
Dealt to Hero [Ac 5s]
Dealt to a87332e3 
Dealt to 80bed98b 
Dealt to 9ef7e4ce 
Dealt to cac80547 
80bed98b: folds
9ef7e4ce: folds
cac80547: raises $0.08 to $0.13
Hero: folds
a87332e3: folds
Uncalled bet ($0.08) returned to cac80547
*** SHOWDOWN ***
cac80547 collected $0.12 from pot
*** SUMMARY ***
Total pot $0.12 | Rake $0 | Jackpot $0 | Bingo $0 | Fortune $0
Seat 1: Hero (small blind) folded before Flop
Seat 2: a87332e3 (big blind) folded before Flop
Seat 3: 80bed98b folded before Flop (didn't bet)
Seat 5: 9ef7e4ce folded before Flop (didn't bet)
Seat 6: cac80547 (button) collected ($0.12)


Poker Hand #HD1181446980: Hold'em No Limit  ($0.02/$0.05) - 2023/03/29 20:02:14
Table 'NLHBlue72' 6-max Seat #5 is the button
Seat 1: Hero ($6.94 in chips)
Seat 2: a87332e3 ($5.21 in chips)
Seat 3: 80bed98b ($1.25 in chips)
Seat 5: 9ef7e4ce ($5.28 in chips)
Seat 6: cac80547 ($5 in chips)
cac80547: posts small blind $0.02
Hero: posts big blind $0.05
*** HOLE CARDS ***
Dealt to Hero [9h 7c]
Dealt to a87332e3 
Dealt to 80bed98b 
Dealt to 9ef7e4ce 
Dealt to cac80547 
a87332e3: raises $0.06 to $0.11
80bed98b: raises $0.1 to $0.21
9ef7e4ce: folds
cac80547: folds
Hero: folds
a87332e3: calls $0.1
*** FLOP *** [Th 6h Jc]
a87332e3: checks
80bed98b: bets $0.17
a87332e3: folds
Uncalled bet ($0.17) returned to 80bed98b
*** SHOWDOWN ***
80bed98b collected $0.47 from pot
*** SUMMARY ***
Total pot $0.49 | Rake $0.02 | Jackpot $0 | Bingo $0 | Fortune $0
Board [Th 6h Jc]
Seat 1: Hero (big blind) folded before Flop
Seat 2: a87332e3 folded on the Flop
Seat 3: 80bed98b won ($0.47)
Seat 5: 9ef7e4ce (button) folded before Flop (didn't bet)
Seat 6: cac80547 (small blind) folded before Flop


Poker Hand #HD1181446930: Hold'em No Limit  ($0.02/$0.05) - 2023/03/29 20:01:57
Table 'NLHBlue72' 6-max Seat #4 is the button
Seat 1: Hero ($6.94 in chips)
Seat 2: a87332e3 ($5.21 in chips)
Seat 3: 80bed98b ($1.18 in chips)
Seat 4: 35859282 ($6.3 in chips)
Seat 5: 9ef7e4ce ($5.3 in chips)
Seat 6: cac80547 ($5 in chips)
9ef7e4ce: posts small blind $0.02
cac80547: posts big blind $0.05
*** HOLE CARDS ***
Dealt to Hero [Js 6d]
Dealt to a87332e3 
Dealt to 80bed98b 
Dealt to 35859282 
Dealt to 9ef7e4ce 
Dealt to cac80547 
Hero: folds
a87332e3: folds
80bed98b: raises $0.1 to $0.15
35859282: folds
9ef7e4ce: folds
cac80547: folds
Uncalled bet ($0.1) returned to 80bed98b
*** SHOWDOWN ***
80bed98b collected $0.12 from pot
*** SUMMARY ***
Total pot $0.12 | Rake $0 | Jackpot $0 | Bingo $0 | Fortune $0
Seat 1: Hero folded before Flop (didn't bet)
Seat 2: a87332e3 folded before Flop (didn't bet)
Seat 3: 80bed98b collected ($0.12)
Seat 4: 35859282 (button) folded before Flop (didn't bet)
Seat 5: 9ef7e4ce (small blind) folded before Flop
Seat 6: cac80547 (big blind) folded before Flop


Poker Hand #HD1181446803: Hold'em No Limit  ($0.02/$0.05) - 2023/03/29 20:01:14
Table 'NLHBlue72' 6-max Seat #3 is the button
Seat 1: Hero ($6.94 in chips)
Seat 2: a87332e3 ($5.52 in chips)
Seat 3: 80bed98b ($0.83 in chips)
Seat 4: 35859282 ($6.32 in chips)
Seat 5: 9ef7e4ce ($5.35 in chips)
35859282: posts small blind $0.02
9ef7e4ce: posts big blind $0.05
*** HOLE CARDS ***
Dealt to Hero [3h Qs]
Dealt to a87332e3 
Dealt to 80bed98b 
Dealt to 35859282 
Dealt to 9ef7e4ce 
Hero: folds
a87332e3: raises $0.06 to $0.11
80bed98b: raises $0.06 to $0.17
35859282: folds
9ef7e4ce: folds
a87332e3: calls $0.06
*** FLOP *** [5s 2d Js]
a87332e3: checks
80bed98b: bets $0.14
a87332e3: calls $0.14
*** TURN *** [5s 2d Js] [8d]
a87332e3: checks
80bed98b: bets $0.35
a87332e3: folds
Uncalled bet ($0.35) returned to 80bed98b
*** SHOWDOWN ***
80bed98b collected $0.66 from pot
*** SUMMARY ***
Total pot $0.69 | Rake $0.03 | Jackpot $0 | Bingo $0 | Fortune $0
Board [5s 2d Js 8d]
Seat 1: Hero folded before Flop (didn't bet)
Seat 2: a87332e3 folded on the Turn
Seat 3: 80bed98b (button) won ($0.66)
Seat 4: 35859282 (small blind) folded before Flop
Seat 5: 9ef7e4ce (big blind) folded before Flop


Poker Hand #HD1181446708: Hold'em No Limit  ($0.02/$0.05) - 2023/03/29 20:00:45
Table 'NLHBlue72' 6-max Seat #2 is the button
Seat 1: Hero ($6.94 in chips)
Seat 2: a87332e3 ($5.4 in chips)
Seat 3: 80bed98b ($0.85 in chips)
Seat 4: 35859282 ($6.43 in chips)
Seat 5: 9ef7e4ce ($5.35 in chips)
80bed98b: posts small blind $0.02
35859282: posts big blind $0.05
*** HOLE CARDS ***
Dealt to Hero [3h Th]
Dealt to a87332e3 
Dealt to 80bed98b 
Dealt to 35859282 
Dealt to 9ef7e4ce 
9ef7e4ce: folds
Hero: folds
a87332e3: raises $0.06 to $0.11
80bed98b: folds
35859282: calls $0.06
*** FLOP *** [8s Jd 4c]
35859282: checks
a87332e3: checks
*** TURN *** [8s Jd 4c] [9d]
35859282: checks
a87332e3: bets $0.12
35859282: folds
Uncalled bet ($0.12) returned to a87332e3
*** SHOWDOWN ***
a87332e3 collected $0.23 from pot
*** SUMMARY ***
Total pot $0.24 | Rake $0.01 | Jackpot $0 | Bingo $0 | Fortune $0
Board [8s Jd 4c 9d]
Seat 1: Hero folded before Flop (didn't bet)
Seat 2: a87332e3 (button) won ($0.23)
Seat 3: 80bed98b (small blind) folded before Flop
Seat 4: 35859282 (big blind) folded on the Turn
Seat 5: 9ef7e4ce folded before Flop (didn't bet)


Poker Hand #HD1181446563: Hold'em No Limit  ($0.02/$0.05) - 2023/03/29 19:59:55
Table 'NLHBlue72' 6-max Seat #1 is the button
Seat 1: Hero ($6.94 in chips)
Seat 2: a87332e3 ($5.55 in chips)
Seat 3: 80bed98b ($1 in chips)
Seat 4: 35859282 ($6.43 in chips)
Seat 5: 9ef7e4ce ($5.07 in chips)
a87332e3: posts small blind $0.02
80bed98b: posts big blind $0.05
*** HOLE CARDS ***
Dealt to Hero [5c 4d]
Dealt to a87332e3 
Dealt to 80bed98b 
Dealt to 35859282 
Dealt to 9ef7e4ce 
35859282: folds
9ef7e4ce: raises $0.1 to $0.15
Hero: folds
a87332e3: calls $0.13
80bed98b: calls $0.1
*** FLOP *** [2h 4s 8h]
a87332e3: checks
80bed98b: checks
9ef7e4ce: bets $0.45
a87332e3: folds
80bed98b: folds
Uncalled bet ($0.45) returned to 9ef7e4ce
*** SHOWDOWN ***
9ef7e4ce collected $0.43 from pot
*** SUMMARY ***
Total pot $0.45 | Rake $0.02 | Jackpot $0 | Bingo $0 | Fortune $0
Board [2h 4s 8h]
Seat 1: Hero (button) folded before Flop (didn't bet)
Seat 2: a87332e3 (small blind) folded on the Flop
Seat 3: 80bed98b (big blind) folded on the Flop
Seat 4: 35859282 folded before Flop (didn't bet)
Seat 5: 9ef7e4ce won ($0.43)


Poker Hand #HD1181446487: Hold'em No Limit  ($0.02/$0.05) - 2023/03/29 19:59:24
Table 'NLHBlue72' 6-max Seat #5 is the button
Seat 1: Hero ($6.81 in chips)
Seat 2: a87332e3 ($5.69 in chips)
Seat 4: 35859282 ($6.43 in chips)
Seat 5: 9ef7e4ce ($5.07 in chips)
Hero: posts small blind $0.02
a87332e3: posts big blind $0.05
*** HOLE CARDS ***
Dealt to Hero [9d As]
Dealt to a87332e3 
Dealt to 35859282 
Dealt to 9ef7e4ce 
35859282: folds
9ef7e4ce: folds
Hero: raises $0.09 to $0.14
a87332e3: calls $0.09
*** FLOP *** [5c Jc Th]
Hero: checks
a87332e3: checks
*** TURN *** [5c Jc Th] [2d]
Hero: checks
a87332e3: checks
*** RIVER *** [5c Jc Th 2d] [Kc]
Hero: checks
a87332e3: checks
Hero: shows [9d As] (Ace-High)
a87332e3: shows [Ac 6s] (Ace-High)
*** SHOWDOWN ***
Hero collected $0.27 from pot
*** SUMMARY ***
Total pot $0.28 | Rake $0.01 | Jackpot $0 | Bingo $0 | Fortune $0
Board [5c Jc Th 2d Kc]
Seat 1: Hero (small blind) showed [9d As] and won ($0.27) with Ace-High
Seat 2: a87332e3 (big blind) showed [Ac 6s] and lost with Ace-High
Seat 4: 35859282 folded before Flop (didn't bet)
Seat 5: 9ef7e4ce (button) folded before Flop (didn't bet)


Poker Hand #HD1181446367: Hold'em No Limit  ($0.02/$0.05) - 2023/03/29 19:58:51
Table 'NLHBlue72' 6-max Seat #4 is the button
Seat 1: Hero ($6.56 in chips)
Seat 2: a87332e3 ($5.69 in chips)
Seat 4: 35859282 ($6.68 in chips)
Seat 5: 9ef7e4ce ($5.09 in chips)
9ef7e4ce: posts small blind $0.02
Hero: posts big blind $0.05
*** HOLE CARDS ***
Dealt to Hero [Ad 8s]
Dealt to a87332e3 
Dealt to 35859282 
Dealt to 9ef7e4ce 
a87332e3: folds
35859282: raises $0.1 to $0.15
9ef7e4ce: folds
Hero: calls $0.1
*** FLOP *** [8d 2c Qd]
Hero: checks
35859282: checks
*** TURN *** [8d 2c Qd] [9s]
Hero: bets $0.1
35859282: calls $0.1
*** RIVER *** [8d 2c Qd 9s] [7h]
Hero: checks
35859282: checks
Hero: shows [Ad 8s] (Pair of Eights)
35859282: shows [Jd As] (Ace-High)
*** SHOWDOWN ***
Hero collected $0.5 from pot
*** SUMMARY ***
Total pot $0.52 | Rake $0.02 | Jackpot $0 | Bingo $0 | Fortune $0
Board [8d 2c Qd 9s 7h]
Seat 1: Hero (big blind) showed [Ad 8s] and won ($0.5) with Pair of Eights
Seat 2: a87332e3 folded before Flop (didn't bet)
Seat 4: 35859282 (button) showed [Jd As] and lost with Ace-High
Seat 5: 9ef7e4ce (small blind) folded before Flop


Poker Hand #HD1181446113: Hold'em No Limit  ($0.02/$0.05) - 2023/03/29 19:57:29
Table 'NLHBlue72' 6-max Seat #2 is the button
Seat 1: Hero ($6.71 in chips)
Seat 2: a87332e3 ($5.84 in chips)
Seat 4: 35859282 ($5.58 in chips)
Seat 5: 9ef7e4ce ($5.24 in chips)
Seat 6: 75af6b29 ($0.8 in chips)
35859282: posts small blind $0.02
9ef7e4ce: posts big blind $0.05
*** HOLE CARDS ***
Dealt to Hero [Qd Ks]
Dealt to a87332e3 
Dealt to 35859282 
Dealt to 9ef7e4ce 
Dealt to 75af6b29 
75af6b29: raises $0.1 to $0.15
Hero: calls $0.15
a87332e3: calls $0.15
35859282: calls $0.13
9ef7e4ce: calls $0.1
*** FLOP *** [Jc Jd 3s]
35859282: checks
9ef7e4ce: checks
75af6b29: checks
Hero: checks
a87332e3: checks
*** TURN *** [Jc Jd 3s] [7c]
35859282: checks
9ef7e4ce: checks
75af6b29: bets $0.25
Hero: folds
a87332e3: folds
35859282: calls $0.25
9ef7e4ce: folds
*** RIVER *** [Jc Jd 3s 7c] [Kc]
35859282: bets $0.63
75af6b29: calls $0.4 and is all-in
Uncalled bet ($0.23) returned to 35859282
35859282: shows [Ac 3c] (Ace High Flush)
75af6b29: shows [Js Ad] (Three Jacks)
*** SHOWDOWN ***
35859282 collected $1.9 from pot
*** SUMMARY ***
Total pot $2.05 | Rake $0.1 | Jackpot $0.05 | Bingo $0 | Fortune $0
Board [Jc Jd 3s 7c Kc]
Seat 1: Hero folded on the Turn
Seat 2: a87332e3 (button) folded on the Turn
Seat 4: 35859282 (small blind) showed [Ac 3c] and won ($1.9) with Ace High Flush
Seat 5: 9ef7e4ce (big blind) folded on the Turn
Seat 6: 75af6b29 showed [Js Ad] and lost with Three Jacks


Poker Hand #HD1181446035: Hold'em No Limit  ($0.02/$0.05) - 2023/03/29 19:57:01
Table 'NLHBlue72' 6-max Seat #1 is the button
Seat 1: Hero ($6.71 in chips)
Seat 2: a87332e3 ($5.86 in chips)
Seat 3: 80bed98b ($0.13 in chips)
Seat 4: 35859282 ($5.58 in chips)
Seat 5: 9ef7e4ce ($5.24 in chips)
Seat 6: 75af6b29 ($0.73 in chips)
a87332e3: posts small blind $0.02
80bed98b: posts big blind $0.05
*** HOLE CARDS ***
Dealt to Hero [Ah 4c]
Dealt to a87332e3 
Dealt to 80bed98b 
Dealt to 35859282 
Dealt to 9ef7e4ce 
Dealt to 75af6b29 
35859282: folds
9ef7e4ce: folds
75af6b29: calls $0.05
Hero: folds
a87332e3: folds
80bed98b: checks
*** FLOP *** [6s 9s Jh]
80bed98b: checks
75af6b29: bets $0.06
80bed98b: folds
Uncalled bet ($0.06) returned to 75af6b29
*** SHOWDOWN ***
75af6b29 collected $0.12 from pot
*** SUMMARY ***
Total pot $0.12 | Rake $0 | Jackpot $0 | Bingo $0 | Fortune $0
Board [6s 9s Jh]
Seat 1: Hero (button) folded before Flop (didn't bet)
Seat 2: a87332e3 (small blind) folded before Flop
Seat 3: 80bed98b (big blind) folded on the Flop
Seat 4: 35859282 folded before Flop (didn't bet)
Seat 5: 9ef7e4ce folded before Flop (didn't bet)
Seat 6: 75af6b29 won ($0.12)


Poker Hand #HD1181445894: Hold'em No Limit  ($0.02/$0.05) - 2023/03/29 19:56:17
Table 'NLHBlue72' 6-max Seat #6 is the button
Seat 1: Hero ($6.73 in chips)
Seat 2: a87332e3 ($5.71 in chips)
Seat 3: 80bed98b ($0.13 in chips)
Seat 4: 35859282 ($5.58 in chips)
Seat 5: 9ef7e4ce ($5.24 in chips)
Seat 6: 75af6b29 ($0.87 in chips)
Hero: posts small blind $0.02
a87332e3: posts big blind $0.05
*** HOLE CARDS ***
Dealt to Hero [9s 3c]
Dealt to a87332e3 
Dealt to 80bed98b 
Dealt to 35859282 
Dealt to 9ef7e4ce 
Dealt to 75af6b29 
80bed98b: folds
35859282: folds
9ef7e4ce: folds
75af6b29: calls $0.05
Hero: folds
a87332e3: raises $0.09 to $0.14
75af6b29: calls $0.09
*** FLOP *** [8h 4s 7h]
a87332e3: checks
75af6b29: checks
*** TURN *** [8h 4s 7h] [7c]
a87332e3: bets $0.15
75af6b29: folds
Uncalled bet ($0.15) returned to a87332e3
*** SHOWDOWN ***
a87332e3 collected $0.29 from pot
*** SUMMARY ***
Total pot $0.3 | Rake $0.01 | Jackpot $0 | Bingo $0 | Fortune $0
Board [8h 4s 7h 7c]
Seat 1: Hero (small blind) folded before Flop
Seat 2: a87332e3 (big blind) won ($0.29)
Seat 3: 80bed98b folded before Flop (didn't bet)
Seat 4: 35859282 folded before Flop (didn't bet)
Seat 5: 9ef7e4ce folded before Flop (didn't bet)
Seat 6: 75af6b29 (button) folded on the Turn


Poker Hand #HD1181445845: Hold'em No Limit  ($0.02/$0.05) - 2023/03/29 19:56:02
Table 'NLHBlue72' 6-max Seat #5 is the button
Seat 1: Hero ($6.78 in chips)
Seat 2: a87332e3 ($5.71 in chips)
Seat 3: 80bed98b ($0.13 in chips)
Seat 4: 35859282 ($5.58 in chips)
Seat 5: 9ef7e4ce ($5.24 in chips)
Seat 6: 75af6b29 ($0.82 in chips)
75af6b29: posts small blind $0.02
Hero: posts big blind $0.05
*** HOLE CARDS ***
Dealt to Hero [3d 8s]
Dealt to a87332e3 
Dealt to 80bed98b 
Dealt to 35859282 
Dealt to 9ef7e4ce 
Dealt to 75af6b29 
a87332e3: folds
80bed98b: folds
35859282: folds
9ef7e4ce: folds
75af6b29: raises $0.1 to $0.15
Hero: folds
Uncalled bet ($0.1) returned to 75af6b29
*** SHOWDOWN ***
75af6b29 collected $0.1 from pot
*** SUMMARY ***
Total pot $0.1 | Rake $0 | Jackpot $0 | Bingo $0 | Fortune $0
Seat 1: Hero (big blind) folded before Flop
Seat 2: a87332e3 folded before Flop (didn't bet)
Seat 3: 80bed98b folded before Flop (didn't bet)
Seat 4: 35859282 folded before Flop (didn't bet)
Seat 5: 9ef7e4ce (button) folded before Flop (didn't bet)
Seat 6: 75af6b29 (small blind) collected ($0.1)


Poker Hand #HD1181445782: Hold'em No Limit  ($0.02/$0.05) - 2023/03/29 19:55:42
Table 'NLHBlue72' 6-max Seat #4 is the button
Seat 1: Hero ($6.78 in chips)
Seat 2: a87332e3 ($5.71 in chips)
Seat 3: 80bed98b ($0.13 in chips)
Seat 4: 35859282 ($5.58 in chips)
Seat 5: 9ef7e4ce ($5.26 in chips)
Seat 6: 75af6b29 ($0.8 in chips)
9ef7e4ce: posts small blind $0.02
75af6b29: posts big blind $0.05
*** HOLE CARDS ***
Dealt to Hero [4h 9d]
Dealt to a87332e3 
Dealt to 80bed98b 
Dealt to 35859282 
Dealt to 9ef7e4ce 
Dealt to 75af6b29 
Hero: folds
a87332e3: folds
80bed98b: folds
35859282: folds
9ef7e4ce: folds
Uncalled bet ($0.03) returned to 75af6b29
*** SHOWDOWN ***
75af6b29 collected $0.04 from pot
*** SUMMARY ***
Total pot $0.04 | Rake $0 | Jackpot $0 | Bingo $0 | Fortune $0
Seat 1: Hero folded before Flop (didn't bet)
Seat 2: a87332e3 folded before Flop (didn't bet)
Seat 3: 80bed98b folded before Flop (didn't bet)
Seat 4: 35859282 (button) folded before Flop (didn't bet)
Seat 5: 9ef7e4ce (small blind) folded before Flop
Seat 6: 75af6b29 (big blind) collected ($0.04)


Poker Hand #HD1181445723: Hold'em No Limit  ($0.02/$0.05) - 2023/03/29 19:55:24
Table 'NLHBlue72' 6-max Seat #3 is the button
Seat 1: Hero ($6.78 in chips)
Seat 2: a87332e3 ($5.71 in chips)
Seat 3: 80bed98b ($0.13 in chips)
Seat 4: 35859282 ($5.53 in chips)
Seat 5: 9ef7e4ce ($5.31 in chips)
Seat 6: 75af6b29 ($0.8 in chips)
35859282: posts small blind $0.02
9ef7e4ce: posts big blind $0.05
*** HOLE CARDS ***
Dealt to Hero [3h Ac]
Dealt to a87332e3 
Dealt to 80bed98b 
Dealt to 35859282 
Dealt to 9ef7e4ce 
Dealt to 75af6b29 
75af6b29: folds
Hero: folds
a87332e3: folds
80bed98b: folds
35859282: raises $0.1 to $0.15
9ef7e4ce: folds
Uncalled bet ($0.1) returned to 35859282
*** SHOWDOWN ***
35859282 collected $0.1 from pot
*** SUMMARY ***
Total pot $0.1 | Rake $0 | Jackpot $0 | Bingo $0 | Fortune $0
Seat 1: Hero folded before Flop (didn't bet)
Seat 2: a87332e3 folded before Flop (didn't bet)
Seat 3: 80bed98b (button) folded before Flop (didn't bet)
Seat 4: 35859282 (small blind) collected ($0.1)
Seat 5: 9ef7e4ce (big blind) folded before Flop
Seat 6: 75af6b29 folded before Flop (didn't bet)


Poker Hand #HD1181445696: Hold'em No Limit  ($0.02/$0.05) - 2023/03/29 19:55:15
Table 'NLHBlue72' 6-max Seat #2 is the button
Seat 1: Hero ($6.78 in chips)
Seat 2: a87332e3 ($5.71 in chips)
Seat 3: 80bed98b ($0.15 in chips)
Seat 4: 35859282 ($5.51 in chips)
Seat 5: 9ef7e4ce ($5.31 in chips)
Seat 6: 75af6b29 ($0.8 in chips)
80bed98b: posts small blind $0.02
35859282: posts big blind $0.05
*** HOLE CARDS ***
Dealt to Hero [2h Ts]
Dealt to a87332e3 
Dealt to 80bed98b 
Dealt to 35859282 
Dealt to 9ef7e4ce 
Dealt to 75af6b29 
9ef7e4ce: folds
75af6b29: folds
Hero: folds
a87332e3: folds
80bed98b: folds
Uncalled bet ($0.03) returned to 35859282
*** SHOWDOWN ***
35859282 collected $0.04 from pot
*** SUMMARY ***
Total pot $0.04 | Rake $0 | Jackpot $0 | Bingo $0 | Fortune $0
Seat 1: Hero folded before Flop (didn't bet)
Seat 2: a87332e3 (button) folded before Flop (didn't bet)
Seat 3: 80bed98b (small blind) folded before Flop
Seat 4: 35859282 (big blind) collected ($0.04)
Seat 5: 9ef7e4ce folded before Flop (didn't bet)
Seat 6: 75af6b29 folded before Flop (didn't bet)


Poker Hand #HD1181385568: Hold'em No Limit  ($0.02/$0.05) - 2023/03/29 19:54:33
Table 'NLHBlue72' 6-max Seat #1 is the button
Seat 1: Hero ($6.78 in chips)
Seat 2: a87332e3 ($5.76 in chips)
Seat 3: 80bed98b ($0.2 in chips)
Seat 4: 35859282 ($5.51 in chips)
Seat 5: 9ef7e4ce ($5.31 in chips)
Seat 6: 75af6b29 ($0.7 in chips)
a87332e3: posts small blind $0.02
80bed98b: posts big blind $0.05
*** HOLE CARDS ***
Dealt to Hero [8d Kc]
Dealt to a87332e3 
Dealt to 80bed98b 
Dealt to 35859282 
Dealt to 9ef7e4ce 
Dealt to 75af6b29 
35859282: folds
9ef7e4ce: folds
75af6b29: calls $0.05
Hero: folds
a87332e3: calls $0.03
80bed98b: checks
*** FLOP *** [Ad Kd Jc]
a87332e3: checks
80bed98b: checks
75af6b29: bets $0.12
a87332e3: folds
80bed98b: folds
Uncalled bet ($0.12) returned to 75af6b29
*** SHOWDOWN ***
75af6b29 collected $0.15 from pot
*** SUMMARY ***
Total pot $0.15 | Rake $0 | Jackpot $0 | Bingo $0 | Fortune $0
Board [Ad Kd Jc]
Seat 1: Hero (button) folded before Flop (didn't bet)
Seat 2: a87332e3 (small blind) folded on the Flop
Seat 3: 80bed98b (big blind) folded on the Flop
Seat 4: 35859282 folded before Flop (didn't bet)
Seat 5: 9ef7e4ce folded before Flop (didn't bet)
Seat 6: 75af6b29 won ($0.15)


Poker Hand #HD1181385432: Hold'em No Limit  ($0.02/$0.05) - 2023/03/29 19:53:46
Table 'NLHBlue72' 6-max Seat #6 is the button
Seat 1: Hero ($6.8 in chips)
Seat 2: a87332e3 ($5.81 in chips)
Seat 3: 80bed98b ($0.2 in chips)
Seat 4: 35859282 ($5.51 in chips)
Seat 5: 9ef7e4ce ($5.31 in chips)
Seat 6: 75af6b29 ($0.63 in chips)
Hero: posts small blind $0.02
a87332e3: posts big blind $0.05
*** HOLE CARDS ***
Dealt to Hero [8h 3c]
Dealt to a87332e3 
Dealt to 80bed98b 
Dealt to 35859282 
Dealt to 9ef7e4ce 
Dealt to 75af6b29 
80bed98b: folds
35859282: folds
9ef7e4ce: folds
75af6b29: calls $0.05
Hero: folds
a87332e3: checks
*** FLOP *** [7h Qh 6s]
a87332e3: checks
75af6b29: bets $0.06
a87332e3: folds
Uncalled bet ($0.06) returned to 75af6b29
*** SHOWDOWN ***
75af6b29 collected $0.12 from pot
*** SUMMARY ***
Total pot $0.12 | Rake $0 | Jackpot $0 | Bingo $0 | Fortune $0
Board [7h Qh 6s]
Seat 1: Hero (small blind) folded before Flop
Seat 2: a87332e3 (big blind) folded on the Flop
Seat 3: 80bed98b folded before Flop (didn't bet)
Seat 4: 35859282 folded before Flop (didn't bet)
Seat 5: 9ef7e4ce folded before Flop (didn't bet)
Seat 6: 75af6b29 (button) won ($0.12)


Poker Hand #HD1181385299: Hold'em No Limit  ($0.02/$0.05) - 2023/03/29 19:53:01
Table 'NLHBlue72' 6-max Seat #5 is the button
Seat 1: Hero ($6.85 in chips)
Seat 2: a87332e3 ($5.81 in chips)
Seat 3: 80bed98b ($0.2 in chips)
Seat 4: 35859282 ($5.32 in chips)
Seat 5: 9ef7e4ce ($5.31 in chips)
Seat 6: 75af6b29 ($0.78 in chips)
75af6b29: posts small blind $0.02
Hero: posts big blind $0.05
*** HOLE CARDS ***
Dealt to Hero [9h 2h]
Dealt to a87332e3 
Dealt to 80bed98b 
Dealt to 35859282 
Dealt to 9ef7e4ce 
Dealt to 75af6b29 
a87332e3: folds
80bed98b: folds
35859282: raises $0.1 to $0.15
9ef7e4ce: folds
75af6b29: calls $0.13
Hero: folds
*** FLOP *** [8c 7s Qs]
75af6b29: checks
35859282: bets $0.27
75af6b29: folds
Uncalled bet ($0.27) returned to 35859282
*** SHOWDOWN ***
35859282 collected $0.34 from pot
*** SUMMARY ***
Total pot $0.35 | Rake $0.01 | Jackpot $0 | Bingo $0 | Fortune $0
Board [8c 7s Qs]
Seat 1: Hero (big blind) folded before Flop
Seat 2: a87332e3 folded before Flop (didn't bet)
Seat 3: 80bed98b folded before Flop (didn't bet)
Seat 4: 35859282 won ($0.34)
Seat 5: 9ef7e4ce (button) folded before Flop (didn't bet)
Seat 6: 75af6b29 (small blind) folded on the Flop


Poker Hand #HD1181385237: Hold'em No Limit  ($0.02/$0.05) - 2023/03/29 19:52:35
Table 'NLHBlue72' 6-max Seat #4 is the button
Seat 1: Hero ($6.85 in chips)
Seat 2: a87332e3 ($5.74 in chips)
Seat 3: 80bed98b ($0.2 in chips)
Seat 4: 35859282 ($5.32 in chips)
Seat 5: 9ef7e4ce ($5.33 in chips)
Seat 6: 75af6b29 ($0.83 in chips)
9ef7e4ce: posts small blind $0.02
75af6b29: posts big blind $0.05
*** HOLE CARDS ***
Dealt to Hero [7h Tc]
Dealt to a87332e3 
Dealt to 80bed98b 
Dealt to 35859282 
Dealt to 9ef7e4ce 
Dealt to 75af6b29 
Hero: folds
a87332e3: raises $0.05 to $0.1
80bed98b: folds
35859282: folds
9ef7e4ce: folds
75af6b29: folds
Uncalled bet ($0.05) returned to a87332e3
*** SHOWDOWN ***
a87332e3 collected $0.12 from pot
*** SUMMARY ***
Total pot $0.12 | Rake $0 | Jackpot $0 | Bingo $0 | Fortune $0
Seat 1: Hero folded before Flop (didn't bet)
Seat 2: a87332e3 collected ($0.12)
Seat 3: 80bed98b folded before Flop (didn't bet)
Seat 4: 35859282 (button) folded before Flop (didn't bet)
Seat 5: 9ef7e4ce (small blind) folded before Flop
Seat 6: 75af6b29 (big blind) folded before Flop


Poker Hand #HD1181385157: Hold'em No Limit  ($0.02/$0.05) - 2023/03/29 19:52:12
Table 'NLHBlue72' 6-max Seat #3 is the button
Seat 1: Hero ($6.85 in chips)
Seat 2: a87332e3 ($5.74 in chips)
Seat 3: 80bed98b ($0.2 in chips)
Seat 4: 35859282 ($5.34 in chips)
Seat 5: 9ef7e4ce ($5.31 in chips)
Seat 6: 75af6b29 ($0.83 in chips)
35859282: posts small blind $0.02
9ef7e4ce: posts big blind $0.05
*** HOLE CARDS ***
Dealt to Hero [7c 9d]
Dealt to a87332e3 
Dealt to 80bed98b 
Dealt to 35859282 
Dealt to 9ef7e4ce 
Dealt to 75af6b29 
75af6b29: folds
Hero: folds
a87332e3: folds
80bed98b: folds
35859282: folds
Uncalled bet ($0.03) returned to 9ef7e4ce
*** SHOWDOWN ***
9ef7e4ce collected $0.04 from pot
*** SUMMARY ***
Total pot $0.04 | Rake $0 | Jackpot $0 | Bingo $0 | Fortune $0
Seat 1: Hero folded before Flop (didn't bet)
Seat 2: a87332e3 folded before Flop (didn't bet)
Seat 3: 80bed98b (button) folded before Flop (didn't bet)
Seat 4: 35859282 (small blind) folded before Flop
Seat 5: 9ef7e4ce (big blind) collected ($0.04)
Seat 6: 75af6b29 folded before Flop (didn't bet)


Poker Hand #HD1181384990: Hold'em No Limit  ($0.02/$0.05) - 2023/03/29 19:51:16
Table 'NLHBlue72' 6-max Seat #2 is the button
Seat 1: Hero ($6.85 in chips)
Seat 2: a87332e3 ($5.58 in chips)
Seat 3: 80bed98b ($0.22 in chips)
Seat 4: 35859282 ($5.39 in chips)
Seat 5: 9ef7e4ce ($5.31 in chips)
Seat 6: 75af6b29 ($0.93 in chips)
80bed98b: posts small blind $0.02
35859282: posts big blind $0.05
*** HOLE CARDS ***
Dealt to Hero [9d 6d]
Dealt to a87332e3 
Dealt to 80bed98b 
Dealt to 35859282 
Dealt to 9ef7e4ce 
Dealt to 75af6b29 
9ef7e4ce: folds
75af6b29: raises $0.05 to $0.1
Hero: folds
a87332e3: calls $0.1
80bed98b: folds
35859282: folds
*** FLOP *** [5c 6c Jc]
75af6b29: checks
a87332e3: checks
*** TURN *** [5c 6c Jc] [Js]
75af6b29: checks
a87332e3: bets $0.14
75af6b29: folds
Uncalled bet ($0.14) returned to a87332e3
*** SHOWDOWN ***
a87332e3 collected $0.26 from pot
*** SUMMARY ***
Total pot $0.27 | Rake $0.01 | Jackpot $0 | Bingo $0 | Fortune $0
Board [5c 6c Jc Js]
Seat 1: Hero folded before Flop (didn't bet)
Seat 2: a87332e3 (button) won ($0.26)
Seat 3: 80bed98b (small blind) folded before Flop
Seat 4: 35859282 (big blind) folded before Flop
Seat 5: 9ef7e4ce folded before Flop (didn't bet)
Seat 6: 75af6b29 folded on the Turn


Poker Hand #HD1181384768: Hold'em No Limit  ($0.02/$0.05) - 2023/03/29 19:50:01
Table 'NLHBlue72' 6-max Seat #1 is the button
Seat 1: Hero ($6.58 in chips)
Seat 2: a87332e3 ($5.6 in chips)
Seat 3: 80bed98b ($0.42 in chips)
Seat 4: 35859282 ($5.39 in chips)
Seat 5: 9ef7e4ce ($5.31 in chips)
Seat 6: 75af6b29 ($1 in chips)
a87332e3: posts small blind $0.02
80bed98b: posts big blind $0.05
75af6b29: posts big blind $0.05
75af6b29: posts missed blind $0.02
*** HOLE CARDS ***
Dealt to Hero [Jh Jd]
Dealt to a87332e3 
Dealt to 80bed98b 
Dealt to 35859282 
Dealt to 9ef7e4ce 
Dealt to 75af6b29 
35859282: folds
9ef7e4ce: folds
75af6b29: checks
Hero: raises $0.15 to $0.2
a87332e3: folds
80bed98b: calls $0.15
75af6b29: folds
*** FLOP *** [Th 4h 6d]
80bed98b: checks
Hero: bets $0.74
80bed98b: folds
Uncalled bet ($0.74) returned to Hero
*** SHOWDOWN ***
Hero collected $0.47 from pot
*** SUMMARY ***
Total pot $0.49 | Rake $0.02 | Jackpot $0 | Bingo $0 | Fortune $0
Board [Th 4h 6d]
Seat 1: Hero (button) won ($0.47)
Seat 2: a87332e3 (small blind) folded before Flop
Seat 3: 80bed98b (big blind) folded on the Flop
Seat 4: 35859282 folded before Flop (didn't bet)
Seat 5: 9ef7e4ce folded before Flop (didn't bet)
Seat 6: 75af6b29 folded before Flop


Poker Hand #HD1181384719: Hold'em No Limit  ($0.02/$0.05) - 2023/03/29 19:49:49
Table 'NLHBlue72' 6-max Seat #5 is the button
Seat 1: Hero ($6.6 in chips)
Seat 2: a87332e3 ($5.58 in chips)
Seat 3: 80bed98b ($0.42 in chips)
Seat 4: 35859282 ($5.39 in chips)
Seat 5: 9ef7e4ce ($5.31 in chips)
Hero: posts small blind $0.02
a87332e3: posts big blind $0.05
*** HOLE CARDS ***
Dealt to Hero [9d 8c]
Dealt to a87332e3 
Dealt to 80bed98b 
Dealt to 35859282 
Dealt to 9ef7e4ce 
80bed98b: folds
35859282: folds
9ef7e4ce: folds
Hero: folds
Uncalled bet ($0.03) returned to a87332e3
*** SHOWDOWN ***
a87332e3 collected $0.04 from pot
*** SUMMARY ***
Total pot $0.04 | Rake $0 | Jackpot $0 | Bingo $0 | Fortune $0
Seat 1: Hero (small blind) folded before Flop
Seat 2: a87332e3 (big blind) collected ($0.04)
Seat 3: 80bed98b folded before Flop (didn't bet)
Seat 4: 35859282 folded before Flop (didn't bet)
Seat 5: 9ef7e4ce (button) folded before Flop (didn't bet)


Poker Hand #HD1181384575: Hold'em No Limit  ($0.02/$0.05) - 2023/03/29 19:48:56
Table 'NLHBlue72' 6-max Seat #4 is the button
Seat 1: Hero ($6.65 in chips)
Seat 2: a87332e3 ($5.58 in chips)
Seat 3: 80bed98b ($0.77 in chips)
Seat 4: 35859282 ($5 in chips)
Seat 5: 9ef7e4ce ($5.33 in chips)
9ef7e4ce: posts small blind $0.02
Hero: posts big blind $0.05
*** HOLE CARDS ***
Dealt to Hero [3c Kh]
Dealt to a87332e3 
Dealt to 80bed98b 
Dealt to 35859282 
Dealt to 9ef7e4ce 
a87332e3: folds
80bed98b: raises $0.1 to $0.15
35859282: calls $0.15
9ef7e4ce: folds
Hero: folds
*** FLOP *** [6d 5d 9h]
80bed98b: checks
35859282: checks
*** TURN *** [6d 5d 9h] [2s]
80bed98b: checks
35859282: bets $0.2
80bed98b: calls $0.2
*** RIVER *** [6d 5d 9h 2s] [7c]
80bed98b: checks
35859282: bets $0.58
80bed98b: folds
Uncalled bet ($0.58) returned to 35859282
*** SHOWDOWN ***
35859282 collected $0.74 from pot
*** SUMMARY ***
Total pot $0.77 | Rake $0.03 | Jackpot $0 | Bingo $0 | Fortune $0
Board [6d 5d 9h 2s 7c]
Seat 1: Hero (big blind) folded before Flop
Seat 2: a87332e3 folded before Flop (didn't bet)
Seat 3: 80bed98b folded on the River
Seat 4: 35859282 (button) won ($0.74)
Seat 5: 9ef7e4ce (small blind) folded before Flop


Poker Hand #HD1181384424: Hold'em No Limit  ($0.02/$0.05) - 2023/03/29 19:48:00
Table 'NLHBlue72' 6-max Seat #3 is the button
Seat 1: Hero ($5.25 in chips)
Seat 2: a87332e3 ($5.58 in chips)
Seat 3: 80bed98b ($0.77 in chips)
Seat 4: 35859282 ($5.42 in chips)
Seat 5: 9ef7e4ce ($5.38 in chips)
Seat 6: 75af6b29 ($1.02 in chips)
35859282: posts small blind $0.02
9ef7e4ce: posts big blind $0.05
*** HOLE CARDS ***
Dealt to Hero [Ad Kd]
Dealt to a87332e3 
Dealt to 80bed98b 
Dealt to 35859282 
Dealt to 9ef7e4ce 
Dealt to 75af6b29 
75af6b29: raises $0.15 to $0.2
Hero: raises $0.3 to $0.5
a87332e3: folds
80bed98b: folds
35859282: calls $0.48
9ef7e4ce: folds
75af6b29: raises $0.52 to $1.02 and is all-in
Hero: raises $4.23 to $5.25 and is all-in
35859282: folds
Uncalled bet ($4.23) returned to Hero
Hero: shows [Ad Kd]
75af6b29: shows [Ah Js]
*** FLOP *** [9s 3s 4d]
*** TURN *** [9s 3s 4d] [2d]
*** RIVER *** [9s 3s 4d 2d] [9c]
*** SHOWDOWN ***
Hero collected $2.42 from pot
*** SUMMARY ***
Total pot $2.59 | Rake $0.12 | Jackpot $0.05 | Bingo $0 | Fortune $0
Board [9s 3s 4d 2d 9c]
Seat 1: Hero showed [Ad Kd] and won ($2.42) with Pair of Nines
Seat 2: a87332e3 folded before Flop (didn't bet)
Seat 3: 80bed98b (button) folded before Flop (didn't bet)
Seat 4: 35859282 (small blind) folded before Flop
Seat 5: 9ef7e4ce (big blind) folded before Flop
Seat 6: 75af6b29 showed [Ah Js] and lost with Pair of Nines


Poker Hand #HD1181384234: Hold'em No Limit  ($0.02/$0.05) - 2023/03/29 19:46:54
Table 'NLHBlue72' 6-max Seat #2 is the button
Seat 1: Hero ($5 in chips)
Seat 2: a87332e3 ($5.7 in chips)
Seat 3: 80bed98b ($0.79 in chips)
Seat 4: 35859282 ($5.54 in chips)
Seat 5: 9ef7e4ce ($5.38 in chips)
Seat 6: 75af6b29 ($1.02 in chips)
80bed98b: posts small blind $0.02
35859282: posts big blind $0.05
*** HOLE CARDS ***
Dealt to Hero [Ac Jc]
Dealt to a87332e3 
Dealt to 80bed98b 
Dealt to 35859282 
Dealt to 9ef7e4ce 
Dealt to 75af6b29 
9ef7e4ce: folds
75af6b29: folds
Hero: raises $0.07 to $0.12
a87332e3: calls $0.12
80bed98b: folds
35859282: calls $0.07
*** FLOP *** [5s 8c 6d]
35859282: checks
Hero: checks
a87332e3: checks
*** TURN *** [5s 8c 6d] [Ad]
35859282: checks
Hero: bets $0.19
a87332e3: folds
35859282: folds
Uncalled bet ($0.19) returned to Hero
*** SHOWDOWN ***
Hero collected $0.37 from pot
*** SUMMARY ***
Total pot $0.38 | Rake $0.01 | Jackpot $0 | Bingo $0 | Fortune $0
Board [5s 8c 6d Ad]
Seat 1: Hero won ($0.37)
Seat 2: a87332e3 (button) folded on the Turn
Seat 3: 80bed98b (small blind) folded before Flop
Seat 4: 35859282 (big blind) folded on the Turn
Seat 5: 9ef7e4ce folded before Flop (didn't bet)
Seat 6: 75af6b29 folded before Flop (didn't bet)


Poker Hand #HD1181384084: Hold'em No Limit  ($0.02/$0.05) - 2023/03/29 19:46:02
Table 'NLHBlue72' 6-max Seat #1 is the button
Seat 1: Hero ($5 in chips)
Seat 2: a87332e3 ($5.72 in chips)
Seat 3: 80bed98b ($0.68 in chips)
Seat 4: 35859282 ($5.54 in chips)
Seat 5: 9ef7e4ce ($5.38 in chips)
Seat 6: 75af6b29 ($1.12 in chips)
a87332e3: posts small blind $0.02
80bed98b: posts big blind $0.05
*** HOLE CARDS ***
Dealt to Hero [5s 2s]
Dealt to a87332e3 
Dealt to 80bed98b 
Dealt to 35859282 
Dealt to 9ef7e4ce 
Dealt to 75af6b29 
35859282: folds
9ef7e4ce: folds
75af6b29: raises $0.05 to $0.1
Hero: folds
a87332e3: folds
80bed98b: calls $0.05
*** FLOP *** [Ah 5c Qh]
80bed98b: bets $0.05
75af6b29: folds
Uncalled bet ($0.05) returned to 80bed98b
*** SHOWDOWN ***
80bed98b collected $0.21 from pot
*** SUMMARY ***
Total pot $0.22 | Rake $0.01 | Jackpot $0 | Bingo $0 | Fortune $0
Board [Ah 5c Qh]
Seat 1: Hero (button) folded before Flop (didn't bet)
Seat 2: a87332e3 (small blind) folded before Flop
Seat 3: 80bed98b (big blind) won ($0.21)
Seat 4: 35859282 folded before Flop (didn't bet)
Seat 5: 9ef7e4ce folded before Flop (didn't bet)
Seat 6: 75af6b29 folded on the Flop


Poker Hand #HD1181383875: Hold'em No Limit  ($0.02/$0.05) - 2023/03/29 19:44:48
Table 'NLHBlue72' 6-max Seat #6 is the button
Seat 1: Hero ($5.02 in chips)
Seat 2: a87332e3 ($5 in chips)
Seat 3: 80bed98b ($0.94 in chips)
Seat 4: 35859282 ($5.54 in chips)
Seat 5: 9ef7e4ce ($5.38 in chips)
Seat 6: 75af6b29 ($1.12 in chips)
Hero: posts small blind $0.02
a87332e3: posts big blind $0.05
*** HOLE CARDS ***
Dealt to Hero [Ah Kh]
Dealt to a87332e3 
Dealt to 80bed98b 
Dealt to 35859282 
Dealt to 9ef7e4ce 
Dealt to 75af6b29 
80bed98b: calls $0.05
35859282: folds
9ef7e4ce: folds
75af6b29: folds
Hero: raises $0.21 to $0.26
a87332e3: calls $0.21
80bed98b: calls $0.21
*** FLOP *** [3c 9c 6s]
Hero: bets $0.26
a87332e3: raises $0.43 to $0.69
80bed98b: folds
Hero: folds
Uncalled bet ($0.43) returned to a87332e3
*** SHOWDOWN ***
a87332e3 collected $1.24 from pot
*** SUMMARY ***
Total pot $1.3 | Rake $0.06 | Jackpot $0 | Bingo $0 | Fortune $0
Board [3c 9c 6s]
Seat 1: Hero (small blind) folded on the Flop
Seat 2: a87332e3 (big blind) won ($1.24)
Seat 3: 80bed98b folded on the Flop
Seat 4: 35859282 folded before Flop (didn't bet)
Seat 5: 9ef7e4ce folded before Flop (didn't bet)
Seat 6: 75af6b29 (button) folded before Flop (didn't bet)


Poker Hand #HD1181383743: Hold'em No Limit  ($0.02/$0.05) - 2023/03/29 19:44:02
Table 'NLHBlue72' 6-max Seat #5 is the button
Seat 1: Hero ($5.17 in chips)
Seat 3: 80bed98b ($0.94 in chips)
Seat 4: 35859282 ($5.38 in chips)
Seat 5: 9ef7e4ce ($5.38 in chips)
Seat 6: 75af6b29 ($1.14 in chips)
75af6b29: posts small blind $0.02
Hero: posts big blind $0.05
*** HOLE CARDS ***
Dealt to Hero [4c Kc]
Dealt to 80bed98b 
Dealt to 35859282 
Dealt to 9ef7e4ce 
Dealt to 75af6b29 
80bed98b: folds
35859282: raises $0.1 to $0.15
9ef7e4ce: folds
75af6b29: folds
Hero: calls $0.1
*** FLOP *** [7h 8s Ad]
Hero: checks
35859282: checks
*** TURN *** [7h 8s Ad] [4h]
Hero: checks
35859282: checks
*** RIVER *** [7h 8s Ad 4h] [9d]
Hero: checks
35859282: checks
Hero: shows [4c Kc] (Pair of Fours)
35859282: shows [Td 7d] (Pair of Sevens)
*** SHOWDOWN ***
35859282 collected $0.31 from pot
*** SUMMARY ***
Total pot $0.32 | Rake $0.01 | Jackpot $0 | Bingo $0 | Fortune $0
Board [7h 8s Ad 4h 9d]
Seat 1: Hero (big blind) showed [4c Kc] and lost with Pair of Fours
Seat 3: 80bed98b folded before Flop (didn't bet)
Seat 4: 35859282 showed [Td 7d] and won ($0.31) with Pair of Sevens
Seat 5: 9ef7e4ce (button) folded before Flop (didn't bet)
Seat 6: 75af6b29 (small blind) folded before Flop


Poker Hand #HD1181383606: Hold'em No Limit  ($0.02/$0.05) - 2023/03/29 19:43:00
Table 'NLHBlue72' 6-max Seat #4 is the button
Seat 1: Hero ($5.17 in chips)
Seat 3: 80bed98b ($1.18 in chips)
Seat 4: 35859282 ($5.38 in chips)
Seat 5: 9ef7e4ce ($5.4 in chips)
Seat 6: 75af6b29 ($0.9 in chips)
9ef7e4ce: posts small blind $0.02
75af6b29: posts big blind $0.05
*** HOLE CARDS ***
Dealt to Hero [4h 8s]
Dealt to 80bed98b 
Dealt to 35859282 
Dealt to 9ef7e4ce 
Dealt to 75af6b29 
Hero: folds
80bed98b: calls $0.05
35859282: folds
9ef7e4ce: folds
75af6b29: checks
*** FLOP *** [3h 4s 5s]
75af6b29: bets $0.09
80bed98b: calls $0.09
*** TURN *** [3h 4s 5s] [3c]
75af6b29: bets $0.1
80bed98b: calls $0.1
*** RIVER *** [3h 4s 5s 3c] [9s]
75af6b29: bets $0.25
80bed98b: folds
Uncalled bet ($0.25) returned to 75af6b29
*** SHOWDOWN ***
75af6b29 collected $0.48 from pot
*** SUMMARY ***
Total pot $0.5 | Rake $0.02 | Jackpot $0 | Bingo $0 | Fortune $0
Board [3h 4s 5s 3c 9s]
Seat 1: Hero folded before Flop (didn't bet)
Seat 3: 80bed98b folded on the River
Seat 4: 35859282 (button) folded before Flop (didn't bet)
Seat 5: 9ef7e4ce (small blind) folded before Flop
Seat 6: 75af6b29 (big blind) won ($0.48)


Poker Hand #HD1181383480: Hold'em No Limit  ($0.02/$0.05) - 2023/03/29 19:42:15
Table 'NLHBlue72' 6-max Seat #3 is the button
Seat 1: Hero ($5.04 in chips)
Seat 2: 6b41d259 ($5 in chips)
Seat 3: 80bed98b ($1.18 in chips)
Seat 4: 35859282 ($5.4 in chips)
Seat 5: 9ef7e4ce ($5.52 in chips)
Seat 6: 75af6b29 ($0.9 in chips)
35859282: posts small blind $0.02
9ef7e4ce: posts big blind $0.05
*** HOLE CARDS ***
Dealt to Hero [Qh Qd]
Dealt to 6b41d259 
Dealt to 80bed98b 
Dealt to 35859282 
Dealt to 9ef7e4ce 
Dealt to 75af6b29 
75af6b29: folds
Hero: raises $0.07 to $0.12
6b41d259: folds
80bed98b: folds
35859282: folds
9ef7e4ce: calls $0.07
*** FLOP *** [4h 6d 3d]
9ef7e4ce: checks
Hero: bets $0.2
9ef7e4ce: folds
Uncalled bet ($0.2) returned to Hero
*** SHOWDOWN ***
Hero collected $0.25 from pot
*** SUMMARY ***
Total pot $0.26 | Rake $0.01 | Jackpot $0 | Bingo $0 | Fortune $0
Board [4h 6d 3d]
Seat 1: Hero won ($0.25)
Seat 2: 6b41d259 folded before Flop (didn't bet)
Seat 3: 80bed98b (button) folded before Flop (didn't bet)
Seat 4: 35859282 (small blind) folded before Flop
Seat 5: 9ef7e4ce (big blind) folded on the Flop
Seat 6: 75af6b29 folded before Flop (didn't bet)


Poker Hand #HD1181383406: Hold'em No Limit  ($0.02/$0.05) - 2023/03/29 19:41:53
Table 'NLHBlue72' 6-max Seat #2 is the button
Seat 1: Hero ($5.04 in chips)
Seat 2: 6b41d259 ($4.93 in chips)
Seat 3: 80bed98b ($1.2 in chips)
Seat 4: 35859282 ($5.45 in chips)
Seat 5: 9ef7e4ce ($5.52 in chips)
Seat 6: 75af6b29 ($0.9 in chips)
80bed98b: posts small blind $0.02
35859282: posts big blind $0.05
*** HOLE CARDS ***
Dealt to Hero [9h Td]
Dealt to 6b41d259 
Dealt to 80bed98b 
Dealt to 35859282 
Dealt to 9ef7e4ce 
Dealt to 75af6b29 
9ef7e4ce: folds
75af6b29: folds
Hero: folds
6b41d259: raises $0.08 to $0.13
80bed98b: folds
35859282: folds
Uncalled bet ($0.08) returned to 6b41d259
*** SHOWDOWN ***
6b41d259 collected $0.12 from pot
*** SUMMARY ***
Total pot $0.12 | Rake $0 | Jackpot $0 | Bingo $0 | Fortune $0
Seat 1: Hero folded before Flop (didn't bet)
Seat 2: 6b41d259 (button) collected ($0.12)
Seat 3: 80bed98b (small blind) folded before Flop
Seat 4: 35859282 (big blind) folded before Flop
Seat 5: 9ef7e4ce folded before Flop (didn't bet)
Seat 6: 75af6b29 folded before Flop (didn't bet)


Poker Hand #HD1181383285: Hold'em No Limit  ($0.02/$0.05) - 2023/03/29 19:41:04
Table 'NLHBlue72' 6-max Seat #1 is the button
Seat 1: Hero ($5.04 in chips)
Seat 2: 6b41d259 ($4.95 in chips)
Seat 3: 80bed98b ($1.09 in chips)
Seat 4: 35859282 ($5.45 in chips)
Seat 5: 9ef7e4ce ($5.52 in chips)
Seat 6: 75af6b29 ($1 in chips)
6b41d259: posts small blind $0.02
80bed98b: posts big blind $0.05
75af6b29: posts big blind $0.05
*** HOLE CARDS ***
Dealt to Hero [Js 4h]
Dealt to 6b41d259 
Dealt to 80bed98b 
Dealt to 35859282 
Dealt to 9ef7e4ce 
Dealt to 75af6b29 
35859282: folds
9ef7e4ce: folds
75af6b29: checks
Hero: folds
6b41d259: folds
80bed98b: raises $0.05 to $0.1
75af6b29: calls $0.05
*** FLOP *** [2s 2h 8s]
80bed98b: bets $0.11
75af6b29: folds
Uncalled bet ($0.11) returned to 80bed98b
*** SHOWDOWN ***
80bed98b collected $0.21 from pot
*** SUMMARY ***
Total pot $0.22 | Rake $0.01 | Jackpot $0 | Bingo $0 | Fortune $0
Board [2s 2h 8s]
Seat 1: Hero (button) folded before Flop (didn't bet)
Seat 2: 6b41d259 (small blind) folded before Flop
Seat 3: 80bed98b (big blind) won ($0.21)
Seat 4: 35859282 folded before Flop (didn't bet)
Seat 5: 9ef7e4ce folded before Flop (didn't bet)
Seat 6: 75af6b29 folded on the Flop


Poker Hand #HD1181383105: Hold'em No Limit  ($0.02/$0.05) - 2023/03/29 19:39:56
Table 'NLHBlue72' 6-max Seat #5 is the button
Seat 1: Hero ($5.32 in chips)
Seat 2: 6b41d259 ($5 in chips)
Seat 3: 80bed98b ($0.79 in chips)
Seat 4: 35859282 ($5.45 in chips)
Seat 5: 9ef7e4ce ($5.52 in chips)
Hero: posts small blind $0.02
6b41d259: posts big blind $0.05
*** HOLE CARDS ***
Dealt to Hero [Ad 5d]
Dealt to 6b41d259 
Dealt to 80bed98b 
Dealt to 35859282 
Dealt to 9ef7e4ce 
80bed98b: calls $0.05
35859282: folds
9ef7e4ce: folds
Hero: raises $0.23 to $0.28
6b41d259: folds
80bed98b: calls $0.23
*** FLOP *** [7s Jc 6s]
Hero: checks
80bed98b: checks
*** TURN *** [7s Jc 6s] [4c]
Hero: checks
80bed98b: checks
*** RIVER *** [7s Jc 6s 4c] [4d]
Hero: checks
80bed98b: checks
Hero: shows [Ad 5d] (Pair of Fours)
80bed98b: shows [As 8h] (Pair of Fours)
*** SHOWDOWN ***
80bed98b collected $0.58 from pot
*** SUMMARY ***
Total pot $0.61 | Rake $0.03 | Jackpot $0 | Bingo $0 | Fortune $0
Board [7s Jc 6s 4c 4d]
Seat 1: Hero (small blind) showed [Ad 5d] and lost with Pair of Fours
Seat 2: 6b41d259 (big blind) folded before Flop
Seat 3: 80bed98b showed [As 8h] and won ($0.58) with Pair of Fours
Seat 4: 35859282 folded before Flop (didn't bet)
Seat 5: 9ef7e4ce (button) folded before Flop (didn't bet)


Poker Hand #HD1181382979: Hold'em No Limit  ($0.02/$0.05) - 2023/03/29 19:39:11
Table 'NLHBlue72' 6-max Seat #4 is the button
Seat 1: Hero ($5.17 in chips)
Seat 2: 6b41d259 ($5 in chips)
Seat 3: 80bed98b ($0.93 in chips)
Seat 4: 35859282 ($5.45 in chips)
Seat 5: 9ef7e4ce ($5.54 in chips)
9ef7e4ce: posts small blind $0.02
Hero: posts big blind $0.05
*** HOLE CARDS ***
Dealt to Hero [8h 7c]
Dealt to 6b41d259 
Dealt to 80bed98b 
Dealt to 35859282 
Dealt to 9ef7e4ce 
6b41d259: folds
80bed98b: calls $0.05
35859282: folds
9ef7e4ce: folds
Hero: checks
*** FLOP *** [9c 8c 6d]
Hero: checks
80bed98b: checks
*** TURN *** [9c 8c 6d] [Qh]
Hero: bets $0.09
80bed98b: calls $0.09
*** RIVER *** [9c 8c 6d Qh] [Ks]
Hero: bets $0.16
80bed98b: folds
Uncalled bet ($0.16) returned to Hero
*** SHOWDOWN ***
Hero collected $0.29 from pot
*** SUMMARY ***
Total pot $0.3 | Rake $0.01 | Jackpot $0 | Bingo $0 | Fortune $0
Board [9c 8c 6d Qh Ks]
Seat 1: Hero (big blind) won ($0.29)
Seat 2: 6b41d259 folded before Flop (didn't bet)
Seat 3: 80bed98b folded on the River
Seat 4: 35859282 (button) folded before Flop (didn't bet)
Seat 5: 9ef7e4ce (small blind) folded before Flop


Poker Hand #HD1181382913: Hold'em No Limit  ($0.02/$0.05) - 2023/03/29 19:38:46
Table 'NLHBlue72' 6-max Seat #3 is the button
Seat 1: Hero ($5.17 in chips)
Seat 2: 6b41d259 ($5 in chips)
Seat 3: 80bed98b ($0.93 in chips)
Seat 4: 35859282 ($5.47 in chips)
Seat 5: 9ef7e4ce ($5.52 in chips)
35859282: posts small blind $0.02
9ef7e4ce: posts big blind $0.05
*** HOLE CARDS ***
Dealt to Hero [5d 7s]
Dealt to 6b41d259 
Dealt to 80bed98b 
Dealt to 35859282 
Dealt to 9ef7e4ce 
Hero: folds
6b41d259: folds
80bed98b: folds
35859282: folds
Uncalled bet ($0.03) returned to 9ef7e4ce
*** SHOWDOWN ***
9ef7e4ce collected $0.04 from pot
*** SUMMARY ***
Total pot $0.04 | Rake $0 | Jackpot $0 | Bingo $0 | Fortune $0
Seat 1: Hero folded before Flop (didn't bet)
Seat 2: 6b41d259 folded before Flop (didn't bet)
Seat 3: 80bed98b (button) folded before Flop (didn't bet)
Seat 4: 35859282 (small blind) folded before Flop
Seat 5: 9ef7e4ce (big blind) collected ($0.04)


Poker Hand #HD1181382821: Hold'em No Limit  ($0.02/$0.05) - 2023/03/29 19:38:15
Table 'NLHBlue72' 6-max Seat #2 is the button
Seat 1: Hero ($5.17 in chips)
Seat 2: 6b41d259 ($5 in chips)
Seat 3: 80bed98b ($0.95 in chips)
Seat 4: 35859282 ($5.45 in chips)
Seat 5: 9ef7e4ce ($5.52 in chips)
Seat 6: 97a610c8 ($5.09 in chips)
80bed98b: posts small blind $0.02
35859282: posts big blind $0.05
*** HOLE CARDS ***
Dealt to Hero [2h Kd]
Dealt to 6b41d259 
Dealt to 80bed98b 
Dealt to 35859282 
Dealt to 9ef7e4ce 
Dealt to 97a610c8 
9ef7e4ce: folds
97a610c8: folds
Hero: folds
6b41d259: folds
80bed98b: folds
Uncalled bet ($0.03) returned to 35859282
*** SHOWDOWN ***
35859282 collected $0.04 from pot
*** SUMMARY ***
Total pot $0.04 | Rake $0 | Jackpot $0 | Bingo $0 | Fortune $0
Seat 1: Hero folded before Flop (didn't bet)
Seat 2: 6b41d259 (button) folded before Flop (didn't bet)
Seat 3: 80bed98b (small blind) folded before Flop
Seat 4: 35859282 (big blind) collected ($0.04)
Seat 5: 9ef7e4ce folded before Flop (didn't bet)
Seat 6: 97a610c8 folded before Flop (didn't bet)


Poker Hand #HD1181382664: Hold'em No Limit  ($0.02/$0.05) - 2023/03/29 19:37:19
Table 'NLHBlue72' 6-max Seat #1 is the button
Seat 1: Hero ($5.17 in chips)
Seat 2: 6b41d259 ($5.02 in chips)
Seat 3: 80bed98b ($1 in chips)
Seat 4: 35859282 ($5.45 in chips)
Seat 5: 9ef7e4ce ($5.52 in chips)
Seat 6: 97a610c8 ($5.02 in chips)
6b41d259: posts small blind $0.02
80bed98b: posts big blind $0.05
*** HOLE CARDS ***
Dealt to Hero [4s 9h]
Dealt to 6b41d259 
Dealt to 80bed98b 
Dealt to 35859282 
Dealt to 9ef7e4ce 
Dealt to 97a610c8 
35859282: folds
9ef7e4ce: folds
97a610c8: raises $0.1 to $0.15
Hero: folds
6b41d259: folds
80bed98b: folds
Uncalled bet ($0.1) returned to 97a610c8
*** SHOWDOWN ***
97a610c8 collected $0.12 from pot
*** SUMMARY ***
Total pot $0.12 | Rake $0 | Jackpot $0 | Bingo $0 | Fortune $0
Seat 1: Hero (button) folded before Flop (didn't bet)
Seat 2: 6b41d259 (small blind) folded before Flop
Seat 3: 80bed98b (big blind) folded before Flop
Seat 4: 35859282 folded before Flop (didn't bet)
Seat 5: 9ef7e4ce folded before Flop (didn't bet)
Seat 6: 97a610c8 collected ($0.12)


Poker Hand #HD1181382567: Hold'em No Limit  ($0.02/$0.05) - 2023/03/29 19:36:54
Table 'NLHBlue72' 6-max Seat #6 is the button
Seat 1: Hero ($5.19 in chips)
Seat 2: 6b41d259 ($5 in chips)
Seat 4: 35859282 ($5.45 in chips)
Seat 6: 97a610c8 ($5.02 in chips)
Hero: posts small blind $0.02
6b41d259: posts big blind $0.05
*** HOLE CARDS ***
Dealt to Hero [8s 5c]
Dealt to 6b41d259 
Dealt to 35859282 
Dealt to 97a610c8 
35859282: folds
97a610c8: folds
Hero: folds
Uncalled bet ($0.03) returned to 6b41d259
*** SHOWDOWN ***
6b41d259 collected $0.04 from pot
*** SUMMARY ***
Total pot $0.04 | Rake $0 | Jackpot $0 | Bingo $0 | Fortune $0
Seat 1: Hero (small blind) folded before Flop
Seat 2: 6b41d259 (big blind) collected ($0.04)
Seat 4: 35859282 folded before Flop (didn't bet)
Seat 6: 97a610c8 (button) folded before Flop (didn't bet)


Poker Hand #HD1181382500: Hold'em No Limit  ($0.02/$0.05) - 2023/03/29 19:36:34
Table 'NLHBlue72' 6-max Seat #4 is the button
Seat 1: Hero ($5.19 in chips)
Seat 2: 6b41d259 ($4.63 in chips)
Seat 4: 35859282 ($5.45 in chips)
Seat 5: 9ef7e4ce ($5.54 in chips)
Seat 6: 97a610c8 ($5 in chips)
9ef7e4ce: posts small blind $0.02
97a610c8: posts big blind $0.05
*** HOLE CARDS ***
Dealt to Hero [3h Jd]
Dealt to 6b41d259 
Dealt to 35859282 
Dealt to 9ef7e4ce 
Dealt to 97a610c8 
Hero: folds
6b41d259: folds
35859282: folds
9ef7e4ce: folds
Uncalled bet ($0.03) returned to 97a610c8
*** SHOWDOWN ***
97a610c8 collected $0.04 from pot
*** SUMMARY ***
Total pot $0.04 | Rake $0 | Jackpot $0 | Bingo $0 | Fortune $0
Seat 1: Hero folded before Flop (didn't bet)
Seat 2: 6b41d259 folded before Flop (didn't bet)
Seat 4: 35859282 (button) folded before Flop (didn't bet)
Seat 5: 9ef7e4ce (small blind) folded before Flop
Seat 6: 97a610c8 (big blind) collected ($0.04)


Poker Hand #HD1181382356: Hold'em No Limit  ($0.02/$0.05) - 2023/03/29 19:35:45
Table 'NLHBlue72' 6-max Seat #3 is the button
Seat 1: Hero ($5.19 in chips)
Seat 2: 6b41d259 ($5.07 in chips)
Seat 3: 72674b8b ($5.05 in chips)
Seat 4: 35859282 ($5 in chips)
Seat 5: 9ef7e4ce ($5.59 in chips)
Seat 6: 97a610c8 ($5 in chips)
35859282: posts small blind $0.02
9ef7e4ce: posts big blind $0.05
*** HOLE CARDS ***
Dealt to Hero [Kc 6h]
Dealt to 6b41d259 
Dealt to 72674b8b 
Dealt to 35859282 
Dealt to 9ef7e4ce 
Dealt to 97a610c8 
97a610c8: folds
Hero: folds
6b41d259: raises $0.08 to $0.13
72674b8b: folds
35859282: raises $0.31 to $0.44
9ef7e4ce: folds
6b41d259: calls $0.31
*** FLOP *** [4c 7s Jh]
35859282: bets $0.5
6b41d259: folds
Uncalled bet ($0.5) returned to 35859282
*** SHOWDOWN ***
35859282 collected $0.89 from pot
*** SUMMARY ***
Total pot $0.93 | Rake $0.04 | Jackpot $0 | Bingo $0 | Fortune $0
Board [4c 7s Jh]
Seat 1: Hero folded before Flop (didn't bet)
Seat 2: 6b41d259 folded on the Flop
Seat 3: 72674b8b (button) folded before Flop (didn't bet)
Seat 4: 35859282 (small blind) won ($0.89)
Seat 5: 9ef7e4ce (big blind) folded before Flop
Seat 6: 97a610c8 folded before Flop (didn't bet)


Poker Hand #HD1181382288: Hold'em No Limit  ($0.02/$0.05) - 2023/03/29 19:35:21
Table 'NLHBlue72' 6-max Seat #2 is the button
Seat 1: Hero ($5.19 in chips)
Seat 2: 6b41d259 ($5.07 in chips)
Seat 3: 72674b8b ($5 in chips)
Seat 4: 35859282 ($5 in chips)
Seat 5: 9ef7e4ce ($5.59 in chips)
Seat 6: 97a610c8 ($5 in chips)
72674b8b: posts small blind $0.02
35859282: posts big blind $0.05
*** HOLE CARDS ***
Dealt to Hero [Kd 2h]
Dealt to 6b41d259 
Dealt to 72674b8b 
Dealt to 35859282 
Dealt to 9ef7e4ce 
Dealt to 97a610c8 
9ef7e4ce: folds
97a610c8: folds
Hero: folds
6b41d259: folds
72674b8b: raises $0.1 to $0.15
35859282: folds
Uncalled bet ($0.1) returned to 72674b8b
*** SHOWDOWN ***
72674b8b collected $0.1 from pot
*** SUMMARY ***
Total pot $0.1 | Rake $0 | Jackpot $0 | Bingo $0 | Fortune $0
Seat 1: Hero folded before Flop (didn't bet)
Seat 2: 6b41d259 (button) folded before Flop (didn't bet)
Seat 3: 72674b8b (small blind) collected ($0.1)
Seat 4: 35859282 (big blind) folded before Flop
Seat 5: 9ef7e4ce folded before Flop (didn't bet)
Seat 6: 97a610c8 folded before Flop (didn't bet)


Poker Hand #HD1181382180: Hold'em No Limit  ($0.02/$0.05) - 2023/03/29 19:34:43
Table 'NLHBlue72' 6-max Seat #1 is the button
Seat 1: Hero ($5.12 in chips)
Seat 2: 6b41d259 ($5.09 in chips)
Seat 3: 72674b8b ($5 in chips)
Seat 4: 35859282 ($5 in chips)
Seat 5: 9ef7e4ce ($5.59 in chips)
Seat 6: 97a610c8 ($5 in chips)
6b41d259: posts small blind $0.02
72674b8b: posts big blind $0.05
*** HOLE CARDS ***
Dealt to Hero [Ad 3s]
Dealt to 6b41d259 
Dealt to 72674b8b 
Dealt to 35859282 
Dealt to 9ef7e4ce 
Dealt to 97a610c8 
35859282: folds
9ef7e4ce: folds
97a610c8: folds
Hero: raises $0.07 to $0.12
6b41d259: folds
72674b8b: folds
Uncalled bet ($0.07) returned to Hero
*** SHOWDOWN ***
Hero collected $0.12 from pot
*** SUMMARY ***
Total pot $0.12 | Rake $0 | Jackpot $0 | Bingo $0 | Fortune $0
Seat 1: Hero (button) collected ($0.12)
Seat 2: 6b41d259 (small blind) folded before Flop
Seat 3: 72674b8b (big blind) folded before Flop
Seat 4: 35859282 folded before Flop (didn't bet)
Seat 5: 9ef7e4ce folded before Flop (didn't bet)
Seat 6: 97a610c8 folded before Flop (didn't bet)


Poker Hand #HD1181382073: Hold'em No Limit  ($0.02/$0.05) - 2023/03/29 19:34:04
Table 'NLHBlue72' 6-max Seat #6 is the button
Seat 1: Hero ($5.14 in chips)
Seat 2: 6b41d259 ($5 in chips)
Seat 4: 35859282 ($5 in chips)
Seat 5: 9ef7e4ce ($5.66 in chips)
Seat 6: 97a610c8 ($5 in chips)
Hero: posts small blind $0.02
6b41d259: posts big blind $0.05
9ef7e4ce: posts big blind $0.05
9ef7e4ce: posts missed blind $0.02
*** HOLE CARDS ***
Dealt to Hero [3d 8d]
Dealt to 6b41d259 
Dealt to 35859282 
Dealt to 9ef7e4ce 
Dealt to 97a610c8 
35859282: folds
9ef7e4ce: checks
97a610c8: folds
Hero: folds
6b41d259: checks
*** FLOP *** [4s 9s 7d]
6b41d259: bets $0.05
9ef7e4ce: folds
Uncalled bet ($0.05) returned to 6b41d259
*** SHOWDOWN ***
6b41d259 collected $0.14 from pot
*** SUMMARY ***
Total pot $0.14 | Rake $0 | Jackpot $0 | Bingo $0 | Fortune $0
Board [4s 9s 7d]
Seat 1: Hero (small blind) folded before Flop
Seat 2: 6b41d259 (big blind) won ($0.14)
Seat 4: 35859282 folded before Flop (didn't bet)
Seat 5: 9ef7e4ce folded on the Flop
Seat 6: 97a610c8 (button) folded before Flop (didn't bet)


Poker Hand #HD1181381900: Hold'em No Limit  ($0.02/$0.05) - 2023/03/29 19:33:02
Table 'NLHBlue72' 6-max Seat #4 is the button
Seat 1: Hero ($5 in chips)
Seat 2: 6b41d259 ($5 in chips)
Seat 3: 60d72c60 ($5.23 in chips)
Seat 4: 35859282 ($5 in chips)
Seat 6: 97a610c8 ($5 in chips)
97a610c8: posts small blind $0.02
Hero: posts big blind $0.05
*** HOLE CARDS ***
Dealt to Hero [9d Kc]
Dealt to 6b41d259 
Dealt to 60d72c60 
Dealt to 35859282 
Dealt to 97a610c8 
6b41d259: folds
60d72c60: folds
35859282: folds
97a610c8: raises $0.1 to $0.15
Hero: calls $0.1
*** FLOP *** [4d Kh 7d]
97a610c8: checks
Hero: bets $0.15
97a610c8: folds
Uncalled bet ($0.15) returned to Hero
*** SHOWDOWN ***
Hero collected $0.29 from pot
*** SUMMARY ***
Total pot $0.3 | Rake $0.01 | Jackpot $0 | Bingo $0 | Fortune $0
Board [4d Kh 7d]
Seat 1: Hero (big blind) won ($0.29)
Seat 2: 6b41d259 folded before Flop (didn't bet)
Seat 3: 60d72c60 folded before Flop (didn't bet)
Seat 4: 35859282 (button) folded before Flop (didn't bet)
Seat 6: 97a610c8 (small blind) folded on the Flop


Poker Hand #HD1181381849: Hold'em No Limit  ($0.02/$0.05) - 2023/03/29 19:32:42
Table 'NLHBlue72' 6-max Seat #3 is the button
Seat 1: Hero ($5 in chips)
Seat 2: 6b41d259 ($5 in chips)
Seat 3: 60d72c60 ($5.16 in chips)
Seat 4: 35859282 ($5 in chips)
Seat 6: 97a610c8 ($5 in chips)
35859282: posts small blind $0.02
97a610c8: posts big blind $0.05
*** HOLE CARDS ***
Dealt to Hero [Qs 4d]
Dealt to 6b41d259 
Dealt to 60d72c60 
Dealt to 35859282 
Dealt to 97a610c8 
Hero: folds
6b41d259: folds
60d72c60: raises $0.15 to $0.2
35859282: folds
97a610c8: folds
Uncalled bet ($0.15) returned to 60d72c60
*** SHOWDOWN ***
60d72c60 collected $0.12 from pot
*** SUMMARY ***
Total pot $0.12 | Rake $0 | Jackpot $0 | Bingo $0 | Fortune $0
Seat 1: Hero folded before Flop (didn't bet)
Seat 2: 6b41d259 folded before Flop (didn't bet)
Seat 3: 60d72c60 (button) collected ($0.12)
Seat 4: 35859282 (small blind) folded before Flop
Seat 6: 97a610c8 (big blind) folded before Flop


Poker Hand #HD1181381776: Hold'em No Limit  ($0.02/$0.05) - 2023/03/29 19:32:12
Table 'NLHBlue72' 6-max Seat #2 is the button
Seat 1: Hero ($5 in chips)
Seat 2: 6b41d259 ($4.93 in chips)
Seat 3: 60d72c60 ($5.18 in chips)
Seat 4: 35859282 ($5 in chips)
Seat 5: 9ef7e4ce ($5.66 in chips)
Seat 6: 97a610c8 ($5 in chips)
60d72c60: posts small blind $0.02
35859282: posts big blind $0.05
*** HOLE CARDS ***
Dealt to Hero [Kc 2s]
Dealt to 6b41d259 
Dealt to 60d72c60 
Dealt to 35859282 
Dealt to 9ef7e4ce 
Dealt to 97a610c8 
9ef7e4ce: folds
97a610c8: folds
Hero: folds
6b41d259: raises $0.08 to $0.13
60d72c60: folds
35859282: folds
Uncalled bet ($0.08) returned to 6b41d259
*** SHOWDOWN ***
6b41d259 collected $0.12 from pot
*** SUMMARY ***
Total pot $0.12 | Rake $0 | Jackpot $0 | Bingo $0 | Fortune $0
Seat 1: Hero folded before Flop (didn't bet)
Seat 2: 6b41d259 (button) collected ($0.12)
Seat 3: 60d72c60 (small blind) folded before Flop
Seat 4: 35859282 (big blind) folded before Flop
Seat 5: 9ef7e4ce folded before Flop (didn't bet)
Seat 6: 97a610c8 folded before Flop (didn't bet)


Poker Hand #HD1181381720: Hold'em No Limit  ($0.02/$0.05) - 2023/03/29 19:31:51
Table 'NLHBlue72' 6-max Seat #1 is the button
Seat 1: Hero ($5 in chips)
Seat 2: 6b41d259 ($4.95 in chips)
Seat 3: 60d72c60 ($5.16 in chips)
Seat 5: 9ef7e4ce ($5.66 in chips)
Seat 6: 97a610c8 ($5 in chips)
6b41d259: posts small blind $0.02
60d72c60: posts big blind $0.05
*** HOLE CARDS ***
Dealt to Hero [8c 4d]
Dealt to 6b41d259 
Dealt to 60d72c60 
Dealt to 9ef7e4ce 
Dealt to 97a610c8 
9ef7e4ce: folds
97a610c8: folds
Hero: folds
6b41d259: folds
Uncalled bet ($0.03) returned to 60d72c60
*** SHOWDOWN ***
60d72c60 collected $0.04 from pot
*** SUMMARY ***
Total pot $0.04 | Rake $0 | Jackpot $0 | Bingo $0 | Fortune $0
Seat 1: Hero (button) folded before Flop (didn't bet)
Seat 2: 6b41d259 (small blind) folded before Flop
Seat 3: 60d72c60 (big blind) collected ($0.04)
Seat 5: 9ef7e4ce folded before Flop (didn't bet)
Seat 6: 97a610c8 folded before Flop (didn't bet)


Poker Hand #HD1181381616: Hold'em No Limit  ($0.02/$0.05) - 2023/03/29 19:31:16
Table 'NLHBlue72' 6-max Seat #6 is the button
Seat 1: Hero ($5 in chips)
Seat 2: 6b41d259 ($5 in chips)
Seat 3: 60d72c60 ($5.16 in chips)
Seat 5: 9ef7e4ce ($5.59 in chips)
Seat 6: 97a610c8 ($5 in chips)
Hero: posts small blind $0.02
6b41d259: posts big blind $0.05
*** HOLE CARDS ***
Dealt to Hero [5s 7c]
Dealt to 6b41d259 
Dealt to 60d72c60 
Dealt to 9ef7e4ce 
Dealt to 97a610c8 
60d72c60: folds
9ef7e4ce: raises $0.12 to $0.17
97a610c8: folds
Hero: folds
6b41d259: folds
Uncalled bet ($0.12) returned to 9ef7e4ce
*** SHOWDOWN ***
9ef7e4ce collected $0.12 from pot
*** SUMMARY ***
Total pot $0.12 | Rake $0 | Jackpot $0 | Bingo $0 | Fortune $0
Seat 1: Hero (small blind) folded before Flop
Seat 2: 6b41d259 (big blind) folded before Flop
Seat 3: 60d72c60 folded before Flop (didn't bet)
Seat 5: 9ef7e4ce collected ($0.12)
Seat 6: 97a610c8 (button) folded before Flop (didn't bet)


Poker Hand #HD1181381558: Hold'em No Limit  ($0.02/$0.05) - 2023/03/29 19:30:55
Table 'NLHBlue72' 6-max Seat #5 is the button
Seat 1: Hero ($5 in chips)
Seat 2: 6b41d259 ($5 in chips)
Seat 3: 60d72c60 ($5.09 in chips)
Seat 5: 9ef7e4ce ($5.59 in chips)
Seat 6: 97a610c8 ($5 in chips)
97a610c8: posts small blind $0.02
Hero: posts big blind $0.05
*** HOLE CARDS ***
Dealt to Hero [8s Jc]
Dealt to 6b41d259 
Dealt to 60d72c60 
Dealt to 9ef7e4ce 
Dealt to 97a610c8 
6b41d259: folds
60d72c60: raises $0.1 to $0.15
9ef7e4ce: folds
97a610c8: folds
Hero: folds
Uncalled bet ($0.1) returned to 60d72c60
*** SHOWDOWN ***
60d72c60 collected $0.12 from pot
*** SUMMARY ***
Total pot $0.12 | Rake $0 | Jackpot $0 | Bingo $0 | Fortune $0
Seat 1: Hero (big blind) folded before Flop
Seat 2: 6b41d259 folded before Flop (didn't bet)
Seat 3: 60d72c60 collected ($0.12)
Seat 5: 9ef7e4ce (button) folded before Flop (didn't bet)
Seat 6: 97a610c8 (small blind) folded before Flop


Poker Hand #HD1181381507: Hold'em No Limit  ($0.02/$0.05) - 2023/03/29 19:30:33
Table 'NLHBlue72' 6-max Seat #3 is the button
Seat 1: Hero ($5 in chips)
Seat 2: 6b41d259 ($4.63 in chips)
Seat 3: 60d72c60 ($5.09 in chips)
Seat 5: 9ef7e4ce ($5.54 in chips)
Seat 6: 97a610c8 ($5 in chips)
9ef7e4ce: posts small blind $0.02
97a610c8: posts big blind $0.05
*** HOLE CARDS ***
Dealt to Hero [Ad 7d]
Dealt to 6b41d259 
Dealt to 60d72c60 
Dealt to 9ef7e4ce 
Dealt to 97a610c8 
Hero: folds
6b41d259: folds
60d72c60: folds
9ef7e4ce: raises $0.1 to $0.15
97a610c8: folds
Uncalled bet ($0.1) returned to 9ef7e4ce
*** SHOWDOWN ***
9ef7e4ce collected $0.1 from pot
*** SUMMARY ***
Total pot $0.1 | Rake $0 | Jackpot $0 | Bingo $0 | Fortune $0
Seat 1: Hero folded before Flop (didn't bet)
Seat 2: 6b41d259 folded before Flop (didn't bet)
Seat 3: 60d72c60 (button) folded before Flop (didn't bet)
Seat 5: 9ef7e4ce (small blind) collected ($0.1)
Seat 6: 97a610c8 (big blind) folded before Flop


Poker Hand #HD1181381284: Hold'em No Limit  ($0.02/$0.05) - 2023/03/29 19:29:16
Table 'NLHBlue72' 6-max Seat #2 is the button
Seat 1: Hero ($5 in chips)
Seat 2: 6b41d259 ($7.23 in chips)
Seat 3: 60d72c60 ($2.6 in chips)
Seat 4: 2c4e629a ($7.95 in chips)
Seat 5: 9ef7e4ce ($5.54 in chips)
Seat 6: 97a610c8 ($5.1 in chips)
60d72c60: posts small blind $0.02
2c4e629a: posts big blind $0.05
*** HOLE CARDS ***
Dealt to Hero [Kc 8s]
Dealt to 6b41d259 
Dealt to 60d72c60 
Dealt to 2c4e629a 
Dealt to 9ef7e4ce 
Dealt to 97a610c8 
9ef7e4ce: folds
97a610c8: raises $0.1 to $0.15
Hero: folds
6b41d259: raises $0.28 to $0.43
60d72c60: raises $2.17 to $2.6 and is all-in
2c4e629a: folds
97a610c8: folds
6b41d259: calls $2.17
60d72c60: shows [Ts Ac]
6b41d259: shows [Qc As]
*** FLOP *** [4c Td Tc]
*** TURN *** [4c Td Tc] [3s]
*** RIVER *** [4c Td Tc 3s] [Th]
*** SHOWDOWN ***
60d72c60 collected $5.09 from pot
*** SUMMARY ***
Total pot $5.4 | Rake $0.26 | Jackpot $0.05 | Bingo $0 | Fortune $0
Board [4c Td Tc 3s Th]
Seat 1: Hero folded before Flop (didn't bet)
Seat 2: 6b41d259 (button) showed [Qc As] and lost with Three Tens
Seat 3: 60d72c60 (small blind) showed [Ts Ac] and won ($5.09) with Four Tens
Seat 4: 2c4e629a (big blind) folded before Flop
Seat 5: 9ef7e4ce folded before Flop (didn't bet)
Seat 6: 97a610c8 folded before Flop


Poker Hand #HD1181381208: Hold'em No Limit  ($0.02/$0.05) - 2023/03/29 19:28:49
Table 'NLHBlue72' 6-max Seat #1 is the button
Seat 1: Hero ($5 in chips)
Seat 2: 6b41d259 ($7.18 in chips)
Seat 3: 60d72c60 ($2.65 in chips)
Seat 4: 2c4e629a ($7.95 in chips)
Seat 5: 9ef7e4ce ($5.54 in chips)
Seat 6: 97a610c8 ($5.1 in chips)
6b41d259: posts small blind $0.02
60d72c60: posts big blind $0.05
*** HOLE CARDS ***
Dealt to Hero [Ts 2s]
Dealt to 6b41d259 
Dealt to 60d72c60 
Dealt to 2c4e629a 
Dealt to 9ef7e4ce 
Dealt to 97a610c8 
2c4e629a: folds
9ef7e4ce: folds
97a610c8: folds
Hero: folds
6b41d259: raises $0.1 to $0.15
60d72c60: folds
Uncalled bet ($0.1) returned to 6b41d259
*** SHOWDOWN ***
6b41d259 collected $0.1 from pot
*** SUMMARY ***
Total pot $0.1 | Rake $0 | Jackpot $0 | Bingo $0 | Fortune $0
Seat 1: Hero (button) folded before Flop (didn't bet)
Seat 2: 6b41d259 (small blind) collected ($0.1)
Seat 3: 60d72c60 (big blind) folded before Flop
Seat 4: 2c4e629a folded before Flop (didn't bet)
Seat 5: 9ef7e4ce folded before Flop (didn't bet)
Seat 6: 97a610c8 folded before Flop (didn't bet)


Poker Hand #HD1181381024: Hold'em No Limit  ($0.02/$0.05) - 2023/03/29 19:27:39
Table 'NLHBlue72' 6-max Seat #6 is the button
Seat 1: Hero ($5 in chips)
Seat 2: 6b41d259 ($7.23 in chips)
Seat 3: 60d72c60 ($2.65 in chips)
Seat 4: 2c4e629a ($7.95 in chips)
Seat 5: 9ef7e4ce ($4.46 in chips)
Seat 6: 97a610c8 ($5.1 in chips)
Hero: posts small blind $0.02
6b41d259: posts big blind $0.05
*** HOLE CARDS ***
Dealt to Hero [8s 8h]
Dealt to 6b41d259 
Dealt to 60d72c60 
Dealt to 2c4e629a 
Dealt to 9ef7e4ce 
Dealt to 97a610c8 
60d72c60: folds
2c4e629a: folds
9ef7e4ce: raises $0.12 to $0.17
97a610c8: folds
Hero: raises $0.41 to $0.58
6b41d259: folds
9ef7e4ce: calls $0.41
*** FLOP *** [Ks 5d Ad]
Hero: bets $0.61
9ef7e4ce: calls $0.61
*** TURN *** [Ks 5d Ad] [Kd]
Hero: checks
9ef7e4ce: bets $0.81
Hero: folds
Uncalled bet ($0.81) returned to 9ef7e4ce
*** SHOWDOWN ***
9ef7e4ce collected $2.27 from pot
*** SUMMARY ***
Total pot $2.43 | Rake $0.11 | Jackpot $0.05 | Bingo $0 | Fortune $0
Board [Ks 5d Ad Kd]
Seat 1: Hero (small blind) folded on the Turn
Seat 2: 6b41d259 (big blind) folded before Flop
Seat 3: 60d72c60 folded before Flop (didn't bet)
Seat 4: 2c4e629a folded before Flop (didn't bet)
Seat 5: 9ef7e4ce won ($2.27)
Seat 6: 97a610c8 (button) folded before Flop (didn't bet)


Poker Hand #HD1181380919: Hold'em No Limit  ($0.02/$0.05) - 2023/03/29 19:27:06
Table 'NLHBlue72' 6-max Seat #5 is the button
Seat 1: Hero ($5 in chips)
Seat 2: 6b41d259 ($7.23 in chips)
Seat 3: 60d72c60 ($2.58 in chips)
Seat 4: 2c4e629a ($7.95 in chips)
Seat 5: 9ef7e4ce ($4.46 in chips)
Seat 6: 97a610c8 ($5.12 in chips)
97a610c8: posts small blind $0.02
Hero: posts big blind $0.05
*** HOLE CARDS ***
Dealt to Hero [2s Js]
Dealt to 6b41d259 
Dealt to 60d72c60 
Dealt to 2c4e629a 
Dealt to 9ef7e4ce 
Dealt to 97a610c8 
6b41d259: folds
60d72c60: raises $0.1 to $0.15
2c4e629a: folds
9ef7e4ce: folds
97a610c8: folds
Hero: folds
Uncalled bet ($0.1) returned to 60d72c60
*** SHOWDOWN ***
60d72c60 collected $0.12 from pot
*** SUMMARY ***
Total pot $0.12 | Rake $0 | Jackpot $0 | Bingo $0 | Fortune $0
Seat 1: Hero (big blind) folded before Flop
Seat 2: 6b41d259 folded before Flop (didn't bet)
Seat 3: 60d72c60 collected ($0.12)
Seat 4: 2c4e629a folded before Flop (didn't bet)
Seat 5: 9ef7e4ce (button) folded before Flop (didn't bet)
Seat 6: 97a610c8 (small blind) folded before Flop


Poker Hand #HD1181380627: Hold'em No Limit  ($0.02/$0.05) - 2023/03/29 19:25:23
Table 'NLHBlue72' 6-max Seat #4 is the button
Seat 1: Hero ($5 in chips)
Seat 2: 6b41d259 ($7.23 in chips)
Seat 3: 60d72c60 ($5.14 in chips)
Seat 4: 2c4e629a ($5.62 in chips)
Seat 5: 9ef7e4ce ($4.48 in chips)
Seat 6: 97a610c8 ($5.17 in chips)
9ef7e4ce: posts small blind $0.02
97a610c8: posts big blind $0.05
*** HOLE CARDS ***
Dealt to Hero [7c Qh]
Dealt to 6b41d259 
Dealt to 60d72c60 
Dealt to 2c4e629a 
Dealt to 9ef7e4ce 
Dealt to 97a610c8 
Hero: folds
6b41d259: folds
60d72c60: raises $0.1 to $0.15
2c4e629a: calls $0.15
9ef7e4ce: folds
97a610c8: folds
*** FLOP *** [Ks 3c 8h]
60d72c60: bets $0.19
2c4e629a: raises $0.19 to $0.38
60d72c60: calls $0.19
*** TURN *** [Ks 3c 8h] [4s]
60d72c60: checks
2c4e629a: bets $0.58
60d72c60: calls $0.58
*** RIVER *** [Ks 3c 8h 4s] [6h]
60d72c60: checks
2c4e629a: bets $1.45
60d72c60: calls $1.45
2c4e629a: shows [3s 3h] (Three Treys)
60d72c60: shows [8c Ad] (Pair of Eights)
*** SHOWDOWN ***
2c4e629a collected $4.89 from pot
*** SUMMARY ***
Total pot $5.19 | Rake $0.25 | Jackpot $0.05 | Bingo $0 | Fortune $0
Board [Ks 3c 8h 4s 6h]
Seat 1: Hero folded before Flop (didn't bet)
Seat 2: 6b41d259 folded before Flop (didn't bet)
Seat 3: 60d72c60 showed [8c Ad] and lost with Pair of Eights
Seat 4: 2c4e629a (button) showed [3s 3h] and won ($4.89) with Three Treys
Seat 5: 9ef7e4ce (small blind) folded before Flop
Seat 6: 97a610c8 (big blind) folded before Flop


Poker Hand #HD1181380480: Hold'em No Limit  ($0.02/$0.05) - 2023/03/29 19:24:31
Table 'NLHBlue72' 6-max Seat #3 is the button
Seat 1: Hero ($5 in chips)
Seat 2: 6b41d259 ($7.23 in chips)
Seat 3: 60d72c60 ($5.14 in chips)
Seat 4: 2c4e629a ($5.53 in chips)
Seat 5: 9ef7e4ce ($4.58 in chips)
Seat 6: 97a610c8 ($5.17 in chips)
2c4e629a: posts small blind $0.02
9ef7e4ce: posts big blind $0.05
*** HOLE CARDS ***
Dealt to Hero [7s 3h]
Dealt to 6b41d259 
Dealt to 60d72c60 
Dealt to 2c4e629a 
Dealt to 9ef7e4ce 
Dealt to 97a610c8 
97a610c8: folds
Hero: folds
6b41d259: folds
60d72c60: folds
2c4e629a: raises $0.05 to $0.1
9ef7e4ce: calls $0.05
*** FLOP *** [3c 6c Jh]
2c4e629a: checks
9ef7e4ce: checks
*** TURN *** [3c 6c Jh] [8d]
2c4e629a: checks
9ef7e4ce: checks
*** RIVER *** [3c 6c Jh 8d] [9c]
2c4e629a: bets $0.1
9ef7e4ce: folds
Uncalled bet ($0.1) returned to 2c4e629a
*** SHOWDOWN ***
2c4e629a collected $0.19 from pot
*** SUMMARY ***
Total pot $0.2 | Rake $0.01 | Jackpot $0 | Bingo $0 | Fortune $0
Board [3c 6c Jh 8d 9c]
Seat 1: Hero folded before Flop (didn't bet)
Seat 2: 6b41d259 folded before Flop (didn't bet)
Seat 3: 60d72c60 (button) folded before Flop (didn't bet)
Seat 4: 2c4e629a (small blind) won ($0.19)
Seat 5: 9ef7e4ce (big blind) folded on the River
Seat 6: 97a610c8 folded before Flop (didn't bet)


Poker Hand #HD1181380433: Hold'em No Limit  ($0.02/$0.05) - 2023/03/29 19:24:16
Table 'NLHBlue72' 6-max Seat #2 is the button
Seat 1: Hero ($5 in chips)
Seat 2: 6b41d259 ($7.23 in chips)
Seat 3: 60d72c60 ($5.16 in chips)
Seat 4: 2c4e629a ($5.51 in chips)
Seat 5: 9ef7e4ce ($4.58 in chips)
Seat 6: 97a610c8 ($5.17 in chips)
60d72c60: posts small blind $0.02
2c4e629a: posts big blind $0.05
*** HOLE CARDS ***
Dealt to Hero [6c 4c]
Dealt to 6b41d259 
Dealt to 60d72c60 
Dealt to 2c4e629a 
Dealt to 9ef7e4ce 
Dealt to 97a610c8 
9ef7e4ce: folds
97a610c8: folds
Hero: folds
6b41d259: folds
60d72c60: folds
Uncalled bet ($0.03) returned to 2c4e629a
*** SHOWDOWN ***
2c4e629a collected $0.04 from pot
*** SUMMARY ***
Total pot $0.04 | Rake $0 | Jackpot $0 | Bingo $0 | Fortune $0
Seat 1: Hero folded before Flop (didn't bet)
Seat 2: 6b41d259 (button) folded before Flop (didn't bet)
Seat 3: 60d72c60 (small blind) folded before Flop
Seat 4: 2c4e629a (big blind) collected ($0.04)
Seat 5: 9ef7e4ce folded before Flop (didn't bet)
Seat 6: 97a610c8 folded before Flop (didn't bet)


Poker Hand #HD1181380238: Hold'em No Limit  ($0.02/$0.05) - 2023/03/29 19:23:05
Table 'NLHBlue72' 6-max Seat #1 is the button
Seat 1: Hero ($5 in chips)
Seat 2: 6b41d259 ($7.25 in chips)
Seat 3: 60d72c60 ($5.21 in chips)
Seat 4: 2c4e629a ($5.51 in chips)
Seat 5: 9ef7e4ce ($4.24 in chips)
Seat 6: 97a610c8 ($5.47 in chips)
6b41d259: posts small blind $0.02
60d72c60: posts big blind $0.05
*** HOLE CARDS ***
Dealt to Hero [Ks 9d]
Dealt to 6b41d259 
Dealt to 60d72c60 
Dealt to 2c4e629a 
Dealt to 9ef7e4ce 
Dealt to 97a610c8 
2c4e629a: folds
9ef7e4ce: raises $0.1 to $0.15
97a610c8: calls $0.15
Hero: folds
6b41d259: folds
60d72c60: folds
*** FLOP *** [6d 9s 3c]
9ef7e4ce: checks
97a610c8: checks
*** TURN *** [6d 9s 3c] [Th]
9ef7e4ce: bets $0.15
97a610c8: calls $0.15
*** RIVER *** [6d 9s 3c Th] [2c]
9ef7e4ce: bets $0.34
97a610c8: folds
Uncalled bet ($0.34) returned to 9ef7e4ce
*** SHOWDOWN ***
9ef7e4ce collected $0.64 from pot
*** SUMMARY ***
Total pot $0.67 | Rake $0.03 | Jackpot $0 | Bingo $0 | Fortune $0
Board [6d 9s 3c Th 2c]
Seat 1: Hero (button) folded before Flop (didn't bet)
Seat 2: 6b41d259 (small blind) folded before Flop
Seat 3: 60d72c60 (big blind) folded before Flop
Seat 4: 2c4e629a folded before Flop (didn't bet)
Seat 5: 9ef7e4ce won ($0.64)
Seat 6: 97a610c8 folded on the River


Poker Hand #HD1181380072: Hold'em No Limit  ($0.02/$0.05) - 2023/03/29 19:22:07
Table 'NLHBlue72' 6-max Seat #6 is the button
Seat 1: Hero ($5 in chips)
Seat 2: 6b41d259 ($7.3 in chips)
Seat 3: 60d72c60 ($5.21 in chips)
Seat 4: 2c4e629a ($5.95 in chips)
Seat 5: 9ef7e4ce ($4.24 in chips)
Seat 6: 97a610c8 ($5 in chips)
Hero: posts small blind $0.02
6b41d259: posts big blind $0.05
*** HOLE CARDS ***
Dealt to Hero [4s 5s]
Dealt to 6b41d259 
Dealt to 60d72c60 
Dealt to 2c4e629a 
Dealt to 9ef7e4ce 
Dealt to 97a610c8 
60d72c60: folds
2c4e629a: raises $0.1 to $0.15
9ef7e4ce: folds
97a610c8: raises $0.29 to $0.44
Hero: folds
6b41d259: folds
2c4e629a: calls $0.29
*** FLOP *** [3c Js 4d]
2c4e629a: checks
97a610c8: bets $0.49
2c4e629a: folds
Uncalled bet ($0.49) returned to 97a610c8
*** SHOWDOWN ***
97a610c8 collected $0.91 from pot
*** SUMMARY ***
Total pot $0.95 | Rake $0.04 | Jackpot $0 | Bingo $0 | Fortune $0
Board [3c Js 4d]
Seat 1: Hero (small blind) folded before Flop
Seat 2: 6b41d259 (big blind) folded before Flop
Seat 3: 60d72c60 folded before Flop (didn't bet)
Seat 4: 2c4e629a folded on the Flop
Seat 5: 9ef7e4ce folded before Flop (didn't bet)
Seat 6: 97a610c8 (button) won ($0.91)


Poker Hand #HD1181380023: Hold'em No Limit  ($0.02/$0.05) - 2023/03/29 19:21:52
Table 'NLHBlue72' 6-max Seat #5 is the button
Seat 1: Hero ($5 in chips)
Seat 2: 6b41d259 ($7.3 in chips)
Seat 3: 60d72c60 ($5.21 in chips)
Seat 4: 2c4e629a ($5.88 in chips)
Seat 5: 9ef7e4ce ($4.24 in chips)
Seat 6: 97a610c8 ($5.02 in chips)
97a610c8: posts small blind $0.02
Hero: posts big blind $0.05
*** HOLE CARDS ***
Dealt to Hero [2s 8s]
Dealt to 6b41d259 
Dealt to 60d72c60 
Dealt to 2c4e629a 
Dealt to 9ef7e4ce 
Dealt to 97a610c8 
6b41d259: folds
60d72c60: folds
2c4e629a: raises $0.1 to $0.15
9ef7e4ce: folds
97a610c8: folds
Hero: folds
Uncalled bet ($0.1) returned to 2c4e629a
*** SHOWDOWN ***
2c4e629a collected $0.12 from pot
*** SUMMARY ***
Total pot $0.12 | Rake $0 | Jackpot $0 | Bingo $0 | Fortune $0
Seat 1: Hero (big blind) folded before Flop
Seat 2: 6b41d259 folded before Flop (didn't bet)
Seat 3: 60d72c60 folded before Flop (didn't bet)
Seat 4: 2c4e629a collected ($0.12)
Seat 5: 9ef7e4ce (button) folded before Flop (didn't bet)
Seat 6: 97a610c8 (small blind) folded before Flop


