Poker Hand #HD1189728672: Hold'em No Limit  ($0.02/$0.05) - 2023/04/04 20:56:07
Table 'NLHBlue75' 6-max Seat #3 is the button
Seat 1: 1f921c75 ($5.71 in chips)
Seat 2: 1420b291 ($16.52 in chips)
Seat 3: bafc2263 ($5.07 in chips)
Seat 4: bd07532d ($3.86 in chips)
Seat 5: c58f34e9 ($5 in chips)
Seat 6: Hero ($5.25 in chips)
bd07532d: posts small blind $0.02
c58f34e9: posts big blind $0.05
*** HOLE CARDS ***
Dealt to 1f921c75 
Dealt to 1420b291 
Dealt to bafc2263 
Dealt to bd07532d 
Dealt to c58f34e9 
Dealt to Hero [Th Js]
Hero: folds
1f921c75: folds
1420b291: folds
bafc2263: folds
bd07532d: calls $0.03
c58f34e9: checks
*** FLOP *** [Ks 6s Kd]
bd07532d: checks
c58f34e9: checks
*** TURN *** [Ks 6s Kd] [7d]
bd07532d: bets $0.05
c58f34e9: folds
Uncalled bet ($0.05) returned to bd07532d
*** SHOWDOWN ***
bd07532d collected $0.1 from pot
*** SUMMARY ***
Total pot $0.1 | Rake $0 | Jackpot $0 | Bingo $0 | Fortune $0
Board [Ks 6s Kd 7d]
Seat 1: 1f921c75 folded before Flop (didn't bet)
Seat 2: 1420b291 folded before Flop (didn't bet)
Seat 3: bafc2263 (button) folded before Flop (didn't bet)
Seat 4: bd07532d (small blind) won ($0.1)
Seat 5: c58f34e9 (big blind) folded on the Turn
Seat 6: Hero folded before Flop (didn't bet)


Poker Hand #HD1189728559: Hold'em No Limit  ($0.02/$0.05) - 2023/04/04 20:55:13
Table 'NLHBlue75' 6-max Seat #2 is the button
Seat 1: 1f921c75 ($5.71 in chips)
Seat 2: 1420b291 ($16.52 in chips)
Seat 3: bafc2263 ($5.09 in chips)
Seat 4: bd07532d ($4.11 in chips)
Seat 5: c58f34e9 ($5 in chips)
Seat 6: Hero ($5 in chips)
bafc2263: posts small blind $0.02
bd07532d: posts big blind $0.05
*** HOLE CARDS ***
Dealt to 1f921c75 
Dealt to 1420b291 
Dealt to bafc2263 
Dealt to bd07532d 
Dealt to c58f34e9 
Dealt to Hero [Tc Ts]
c58f34e9: folds
Hero: raises $0.07 to $0.12
1f921c75: folds
1420b291: folds
bafc2263: folds
bd07532d: calls $0.07
*** FLOP *** [4d Js 3c]
bd07532d: checks
Hero: bets $0.13
bd07532d: calls $0.13
*** TURN *** [4d Js 3c] [Ks]
bd07532d: checks
Hero: checks
*** RIVER *** [4d Js 3c Ks] [7h]
bd07532d: checks
Hero: checks
bd07532d: shows [9c Qs] (King-High)
Hero: shows [Tc Ts] (Pair of Tens)
*** SHOWDOWN ***
Hero collected $0.5 from pot
*** SUMMARY ***
Total pot $0.52 | Rake $0.02 | Jackpot $0 | Bingo $0 | Fortune $0
Board [4d Js 3c Ks 7h]
Seat 1: 1f921c75 folded before Flop (didn't bet)
Seat 2: 1420b291 (button) folded before Flop (didn't bet)
Seat 3: bafc2263 (small blind) folded before Flop
Seat 4: bd07532d (big blind) showed [9c Qs] and lost with King-High
Seat 5: c58f34e9 folded before Flop (didn't bet)
Seat 6: Hero showed [Tc Ts] and won ($0.5) with Pair of Tens


Poker Hand #HD1189728542: Hold'em No Limit  ($0.02/$0.05) - 2023/04/04 20:55:03
Table 'NLHBlue75' 6-max Seat #1 is the button
Seat 1: 1f921c75 ($5.71 in chips)
Seat 2: 1420b291 ($16.54 in chips)
Seat 3: bafc2263 ($5.07 in chips)
Seat 4: bd07532d ($4.11 in chips)
Seat 5: c58f34e9 ($5 in chips)
Seat 6: Hero ($5 in chips)
1420b291: posts small blind $0.02
bafc2263: posts big blind $0.05
*** HOLE CARDS ***
Dealt to 1f921c75 
Dealt to 1420b291 
Dealt to bafc2263 
Dealt to bd07532d 
Dealt to c58f34e9 
Dealt to Hero [8s Ad]
bd07532d: folds
c58f34e9: folds
Hero: folds
1f921c75: folds
1420b291: folds
Uncalled bet ($0.03) returned to bafc2263
*** SHOWDOWN ***
bafc2263 collected $0.04 from pot
*** SUMMARY ***
Total pot $0.04 | Rake $0 | Jackpot $0 | Bingo $0 | Fortune $0
Seat 1: 1f921c75 (button) folded before Flop (didn't bet)
Seat 2: 1420b291 (small blind) folded before Flop
Seat 3: bafc2263 (big blind) collected ($0.04)
Seat 4: bd07532d folded before Flop (didn't bet)
Seat 5: c58f34e9 folded before Flop (didn't bet)
Seat 6: Hero folded before Flop (didn't bet)


Poker Hand #HD1189728515: Hold'em No Limit  ($0.02/$0.05) - 2023/04/04 20:54:49
Table 'NLHBlue75' 6-max Seat #6 is the button
Seat 1: 1f921c75 ($5.73 in chips)
Seat 2: 1420b291 ($16.59 in chips)
Seat 3: bafc2263 ($5 in chips)
Seat 4: bd07532d ($4.11 in chips)
Seat 5: c58f34e9 ($5 in chips)
Seat 6: Hero ($5 in chips)
1f921c75: posts small blind $0.02
1420b291: posts big blind $0.05
*** HOLE CARDS ***
Dealt to 1f921c75 
Dealt to 1420b291 
Dealt to bafc2263 
Dealt to bd07532d 
Dealt to c58f34e9 
Dealt to Hero [Jc Ts]
bafc2263: raises $0.08 to $0.13
bd07532d: folds
c58f34e9: folds
Hero: folds
1f921c75: folds
1420b291: folds
Uncalled bet ($0.08) returned to bafc2263
*** SHOWDOWN ***
bafc2263 collected $0.12 from pot
*** SUMMARY ***
Total pot $0.12 | Rake $0 | Jackpot $0 | Bingo $0 | Fortune $0
Seat 1: 1f921c75 (small blind) folded before Flop
Seat 2: 1420b291 (big blind) folded before Flop
Seat 3: bafc2263 collected ($0.12)
Seat 4: bd07532d folded before Flop (didn't bet)
Seat 5: c58f34e9 folded before Flop (didn't bet)
Seat 6: Hero (button) folded before Flop (didn't bet)


Poker Hand #HD1189728447: Hold'em No Limit  ($0.02/$0.05) - 2023/04/04 20:54:19
Table 'NLHBlue75' 6-max Seat #5 is the button
Seat 1: 1f921c75 ($5.78 in chips)
Seat 2: 1420b291 ($16.59 in chips)
Seat 3: bafc2263 ($5.05 in chips)
Seat 4: bd07532d ($3.92 in chips)
Seat 5: c58f34e9 ($5 in chips)
Seat 6: Hero ($5.02 in chips)
Hero: posts small blind $0.02
1f921c75: posts big blind $0.05
*** HOLE CARDS ***
Dealt to 1f921c75 
Dealt to 1420b291 
Dealt to bafc2263 
Dealt to bd07532d 
Dealt to c58f34e9 
Dealt to Hero [7d 5d]
1420b291: folds
bafc2263: raises $0.08 to $0.13
bd07532d: raises $0.33 to $0.46
c58f34e9: folds
Hero: folds
1f921c75: folds
bafc2263: folds
Uncalled bet ($0.33) returned to bd07532d
*** SHOWDOWN ***
bd07532d collected $0.32 from pot
*** SUMMARY ***
Total pot $0.33 | Rake $0.01 | Jackpot $0 | Bingo $0 | Fortune $0
Seat 1: 1f921c75 (big blind) folded before Flop
Seat 2: 1420b291 folded before Flop (didn't bet)
Seat 3: bafc2263 folded before Flop
Seat 4: bd07532d collected ($0.32)
Seat 5: c58f34e9 (button) folded before Flop (didn't bet)
Seat 6: Hero (small blind) folded before Flop


Poker Hand #HD1189728345: Hold'em No Limit  ($0.02/$0.05) - 2023/04/04 20:53:24
Table 'NLHBlue75' 6-max Seat #4 is the button
Seat 1: 1f921c75 ($5.57 in chips)
Seat 2: 1420b291 ($16.59 in chips)
Seat 3: bafc2263 ($5.05 in chips)
Seat 4: bd07532d ($4.07 in chips)
Seat 5: c58f34e9 ($5.02 in chips)
Seat 6: Hero ($5.07 in chips)
c58f34e9: posts small blind $0.02
Hero: posts big blind $0.05
*** HOLE CARDS ***
Dealt to 1f921c75 
Dealt to 1420b291 
Dealt to bafc2263 
Dealt to bd07532d 
Dealt to c58f34e9 
Dealt to Hero [Jc 9s]
1f921c75: raises $0.1 to $0.15
1420b291: folds
bafc2263: folds
bd07532d: calls $0.15
c58f34e9: folds
Hero: folds
*** FLOP *** [Jh Qs 7d]
1f921c75: checks
bd07532d: checks
*** TURN *** [Jh Qs 7d] [9h]
1f921c75: checks
bd07532d: checks
*** RIVER *** [Jh Qs 7d 9h] [5h]
1f921c75: checks
bd07532d: checks
1f921c75: shows [Ad Th] (Ace-High)
bd07532d: shows [Tc 6c] (Queen-High)
*** SHOWDOWN ***
1f921c75 collected $0.36 from pot
*** SUMMARY ***
Total pot $0.37 | Rake $0.01 | Jackpot $0 | Bingo $0 | Fortune $0
Board [Jh Qs 7d 9h 5h]
Seat 1: 1f921c75 showed [Ad Th] and won ($0.36) with Ace-High
Seat 2: 1420b291 folded before Flop (didn't bet)
Seat 3: bafc2263 folded before Flop (didn't bet)
Seat 4: bd07532d (button) showed [Tc 6c] and lost with Queen-High
Seat 5: c58f34e9 (small blind) folded before Flop
Seat 6: Hero (big blind) folded before Flop


Poker Hand #HD1189728328: Hold'em No Limit  ($0.02/$0.05) - 2023/04/04 20:53:14
Table 'NLHBlue75' 6-max Seat #3 is the button
Seat 1: 1f921c75 ($5.57 in chips)
Seat 2: 1420b291 ($16.59 in chips)
Seat 3: bafc2263 ($5.05 in chips)
Seat 4: bd07532d ($4.09 in chips)
Seat 5: c58f34e9 ($5 in chips)
Seat 6: Hero ($5.07 in chips)
bd07532d: posts small blind $0.02
c58f34e9: posts big blind $0.05
*** HOLE CARDS ***
Dealt to 1f921c75 
Dealt to 1420b291 
Dealt to bafc2263 
Dealt to bd07532d 
Dealt to c58f34e9 
Dealt to Hero [Td Ks]
Hero: folds
1f921c75: folds
1420b291: folds
bafc2263: folds
bd07532d: folds
Uncalled bet ($0.03) returned to c58f34e9
*** SHOWDOWN ***
c58f34e9 collected $0.04 from pot
*** SUMMARY ***
Total pot $0.04 | Rake $0 | Jackpot $0 | Bingo $0 | Fortune $0
Seat 1: 1f921c75 folded before Flop (didn't bet)
Seat 2: 1420b291 folded before Flop (didn't bet)
Seat 3: bafc2263 (button) folded before Flop (didn't bet)
Seat 4: bd07532d (small blind) folded before Flop
Seat 5: c58f34e9 (big blind) collected ($0.04)
Seat 6: Hero folded before Flop (didn't bet)


Poker Hand #HD1189728283: Hold'em No Limit  ($0.02/$0.05) - 2023/04/04 20:52:49
Table 'NLHBlue75' 6-max Seat #2 is the button
Seat 1: 1f921c75 ($5.57 in chips)
Seat 2: 1420b291 ($16.59 in chips)
Seat 3: bafc2263 ($5 in chips)
Seat 4: bd07532d ($4.14 in chips)
Seat 5: c58f34e9 ($5 in chips)
Seat 6: Hero ($5.07 in chips)
bafc2263: posts small blind $0.02
bd07532d: posts big blind $0.05
*** HOLE CARDS ***
Dealt to 1f921c75 
Dealt to 1420b291 
Dealt to bafc2263 
Dealt to bd07532d 
Dealt to c58f34e9 
Dealt to Hero [Tc Qs]
c58f34e9: folds
Hero: folds
1f921c75: folds
1420b291: folds
bafc2263: raises $0.1 to $0.15
bd07532d: folds
Uncalled bet ($0.1) returned to bafc2263
*** SHOWDOWN ***
bafc2263 collected $0.1 from pot
*** SUMMARY ***
Total pot $0.1 | Rake $0 | Jackpot $0 | Bingo $0 | Fortune $0
Seat 1: 1f921c75 folded before Flop (didn't bet)
Seat 2: 1420b291 (button) folded before Flop (didn't bet)
Seat 3: bafc2263 (small blind) collected ($0.1)
Seat 4: bd07532d (big blind) folded before Flop
Seat 5: c58f34e9 folded before Flop (didn't bet)
Seat 6: Hero folded before Flop (didn't bet)


Poker Hand #HD1189728254: Hold'em No Limit  ($0.02/$0.05) - 2023/04/04 20:52:32
Table 'NLHBlue75' 6-max Seat #1 is the button
Seat 1: 1f921c75 ($5.57 in chips)
Seat 2: 1420b291 ($16.61 in chips)
Seat 3: bafc2263 ($5 in chips)
Seat 4: bd07532d ($4.14 in chips)
Seat 5: c58f34e9 ($5 in chips)
Seat 6: Hero ($5 in chips)
1420b291: posts small blind $0.02
bafc2263: posts big blind $0.05
*** HOLE CARDS ***
Dealt to 1f921c75 
Dealt to 1420b291 
Dealt to bafc2263 
Dealt to bd07532d 
Dealt to c58f34e9 
Dealt to Hero [5h Ad]
bd07532d: folds
c58f34e9: folds
Hero: raises $0.07 to $0.12
1f921c75: folds
1420b291: folds
bafc2263: folds
Uncalled bet ($0.07) returned to Hero
*** SHOWDOWN ***
Hero collected $0.12 from pot
*** SUMMARY ***
Total pot $0.12 | Rake $0 | Jackpot $0 | Bingo $0 | Fortune $0
Seat 1: 1f921c75 (button) folded before Flop (didn't bet)
Seat 2: 1420b291 (small blind) folded before Flop
Seat 3: bafc2263 (big blind) folded before Flop
Seat 4: bd07532d folded before Flop (didn't bet)
Seat 5: c58f34e9 folded before Flop (didn't bet)
Seat 6: Hero collected ($0.12)


Poker Hand #HD1189728183: Hold'em No Limit  ($0.02/$0.05) - 2023/04/04 20:51:54
Table 'NLHBlue75' 6-max Seat #6 is the button
Seat 1: 1f921c75 ($5.59 in chips)
Seat 2: 1420b291 ($16.26 in chips)
Seat 3: bafc2263 ($5 in chips)
Seat 4: bd07532d ($4.14 in chips)
Seat 5: c58f34e9 ($5 in chips)
Seat 6: Hero ($5 in chips)
1f921c75: posts small blind $0.02
1420b291: posts big blind $0.05
*** HOLE CARDS ***
Dealt to 1f921c75 
Dealt to 1420b291 
Dealt to bafc2263 
Dealt to bd07532d 
Dealt to c58f34e9 
Dealt to Hero [6h Qd]
bafc2263: folds
bd07532d: folds
c58f34e9: raises $0.08 to $0.13
Hero: folds
1f921c75: folds
1420b291: calls $0.08
*** FLOP *** [5c 7s Kd]
1420b291: checks
c58f34e9: bets $0.23
1420b291: calls $0.23
*** TURN *** [5c 7s Kd] [Tc]
1420b291: checks
c58f34e9: checks
*** RIVER *** [5c 7s Kd Tc] [8d]
1420b291: bets $0.57
c58f34e9: folds
Uncalled bet ($0.57) returned to 1420b291
*** SHOWDOWN ***
1420b291 collected $0.71 from pot
*** SUMMARY ***
Total pot $0.74 | Rake $0.03 | Jackpot $0 | Bingo $0 | Fortune $0
Board [5c 7s Kd Tc 8d]
Seat 1: 1f921c75 (small blind) folded before Flop
Seat 2: 1420b291 (big blind) won ($0.71)
Seat 3: bafc2263 folded before Flop (didn't bet)
Seat 4: bd07532d folded before Flop (didn't bet)
Seat 5: c58f34e9 folded on the River
Seat 6: Hero (button) folded before Flop (didn't bet)


Poker Hand #HD1189728151: Hold'em No Limit  ($0.02/$0.05) - 2023/04/04 20:51:36
Table 'NLHBlue75' 6-max Seat #5 is the button
Seat 1: 1f921c75 ($5.64 in chips)
Seat 2: 1420b291 ($16.26 in chips)
Seat 3: bafc2263 ($5 in chips)
Seat 4: bd07532d ($4.07 in chips)
Seat 5: c58f34e9 ($5 in chips)
Seat 6: Hero ($5.02 in chips)
Hero: posts small blind $0.02
1f921c75: posts big blind $0.05
*** HOLE CARDS ***
Dealt to 1f921c75 
Dealt to 1420b291 
Dealt to bafc2263 
Dealt to bd07532d 
Dealt to c58f34e9 
Dealt to Hero [5h 9d]
1420b291: folds
bafc2263: folds
bd07532d: raises $0.1 to $0.15
c58f34e9: folds
Hero: folds
1f921c75: folds
Uncalled bet ($0.1) returned to bd07532d
*** SHOWDOWN ***
bd07532d collected $0.12 from pot
*** SUMMARY ***
Total pot $0.12 | Rake $0 | Jackpot $0 | Bingo $0 | Fortune $0
Seat 1: 1f921c75 (big blind) folded before Flop
Seat 2: 1420b291 folded before Flop (didn't bet)
Seat 3: bafc2263 folded before Flop (didn't bet)
Seat 4: bd07532d collected ($0.12)
Seat 5: c58f34e9 (button) folded before Flop (didn't bet)
Seat 6: Hero (small blind) folded before Flop


Poker Hand #HD1189728097: Hold'em No Limit  ($0.02/$0.05) - 2023/04/04 20:51:10
Table 'NLHBlue75' 6-max Seat #4 is the button
Seat 1: 1f921c75 ($5.64 in chips)
Seat 2: 1420b291 ($16.26 in chips)
Seat 3: bafc2263 ($5 in chips)
Seat 4: bd07532d ($3.88 in chips)
Seat 5: c58f34e9 ($5 in chips)
Seat 6: Hero ($5.07 in chips)
c58f34e9: posts small blind $0.02
Hero: posts big blind $0.05
*** HOLE CARDS ***
Dealt to 1f921c75 
Dealt to 1420b291 
Dealt to bafc2263 
Dealt to bd07532d 
Dealt to c58f34e9 
Dealt to Hero [5h 7h]
1f921c75: folds
1420b291: folds
bafc2263: raises $0.08 to $0.13
bd07532d: raises $0.33 to $0.46
c58f34e9: folds
Hero: folds
bafc2263: folds
Uncalled bet ($0.33) returned to bd07532d
*** SHOWDOWN ***
bd07532d collected $0.32 from pot
*** SUMMARY ***
Total pot $0.33 | Rake $0.01 | Jackpot $0 | Bingo $0 | Fortune $0
Seat 1: 1f921c75 folded before Flop (didn't bet)
Seat 2: 1420b291 folded before Flop (didn't bet)
Seat 3: bafc2263 folded before Flop
Seat 4: bd07532d (button) collected ($0.32)
Seat 5: c58f34e9 (small blind) folded before Flop
Seat 6: Hero (big blind) folded before Flop


Poker Hand #HD1189728051: Hold'em No Limit  ($0.02/$0.05) - 2023/04/04 20:50:44
Table 'NLHBlue75' 6-max Seat #3 is the button
Seat 1: 1f921c75 ($5.57 in chips)
Seat 2: 1420b291 ($16.26 in chips)
Seat 3: bafc2263 ($5 in chips)
Seat 4: bd07532d ($3.9 in chips)
Seat 5: c58f34e9 ($5 in chips)
Seat 6: Hero ($5.07 in chips)
bd07532d: posts small blind $0.02
c58f34e9: posts big blind $0.05
*** HOLE CARDS ***
Dealt to 1f921c75 
Dealt to 1420b291 
Dealt to bafc2263 
Dealt to bd07532d 
Dealt to c58f34e9 
Dealt to Hero [6s Jc]
Hero: folds
1f921c75: raises $0.1 to $0.15
1420b291: folds
bafc2263: folds
bd07532d: folds
c58f34e9: folds
Uncalled bet ($0.1) returned to 1f921c75
*** SHOWDOWN ***
1f921c75 collected $0.12 from pot
*** SUMMARY ***
Total pot $0.12 | Rake $0 | Jackpot $0 | Bingo $0 | Fortune $0
Seat 1: 1f921c75 collected ($0.12)
Seat 2: 1420b291 folded before Flop (didn't bet)
Seat 3: bafc2263 (button) folded before Flop (didn't bet)
Seat 4: bd07532d (small blind) folded before Flop
Seat 5: c58f34e9 (big blind) folded before Flop
Seat 6: Hero folded before Flop (didn't bet)


Poker Hand #HD1189727974: Hold'em No Limit  ($0.02/$0.05) - 2023/04/04 20:49:58
Table 'NLHBlue75' 6-max Seat #2 is the button
Seat 1: 1f921c75 ($5.57 in chips)
Seat 2: 1420b291 ($15.81 in chips)
Seat 3: bafc2263 ($5 in chips)
Seat 4: bd07532d ($4.37 in chips)
Seat 5: c58f34e9 ($5 in chips)
Seat 6: Hero ($5.07 in chips)
bafc2263: posts small blind $0.02
bd07532d: posts big blind $0.05
*** HOLE CARDS ***
Dealt to 1f921c75 
Dealt to 1420b291 
Dealt to bafc2263 
Dealt to bd07532d 
Dealt to c58f34e9 
Dealt to Hero [5s Kd]
c58f34e9: folds
Hero: folds
1f921c75: folds
1420b291: raises $0.1 to $0.15
bafc2263: folds
bd07532d: raises $0.32 to $0.47
1420b291: calls $0.32
*** FLOP *** [4h 5h Kh]
bd07532d: checks
1420b291: checks
*** TURN *** [4h 5h Kh] [Jh]
bd07532d: checks
1420b291: checks
*** RIVER *** [4h 5h Kh Jh] [Ts]
bd07532d: checks
1420b291: checks
bd07532d: shows [9d Ad] (Ace-High)
1420b291: shows [8d 8s] (Pair of Eights)
*** SHOWDOWN ***
1420b291 collected $0.92 from pot
*** SUMMARY ***
Total pot $0.96 | Rake $0.04 | Jackpot $0 | Bingo $0 | Fortune $0
Board [4h 5h Kh Jh Ts]
Seat 1: 1f921c75 folded before Flop (didn't bet)
Seat 2: 1420b291 (button) showed [8d 8s] and won ($0.92) with Pair of Eights
Seat 3: bafc2263 (small blind) folded before Flop
Seat 4: bd07532d (big blind) showed [9d Ad] and lost with Ace-High
Seat 5: c58f34e9 folded before Flop (didn't bet)
Seat 6: Hero folded before Flop (didn't bet)


Poker Hand #HD1189727914: Hold'em No Limit  ($0.02/$0.05) - 2023/04/04 20:49:21
Table 'NLHBlue75' 6-max Seat #1 is the button
Seat 1: 1f921c75 ($5.57 in chips)
Seat 2: 1420b291 ($15.63 in chips)
Seat 3: bafc2263 ($5.14 in chips)
Seat 4: bd07532d ($4.37 in chips)
Seat 5: c58f34e9 ($5 in chips)
Seat 6: Hero ($5.07 in chips)
1420b291: posts small blind $0.02
bafc2263: posts big blind $0.05
*** HOLE CARDS ***
Dealt to 1f921c75 
Dealt to 1420b291 
Dealt to bafc2263 
Dealt to bd07532d 
Dealt to c58f34e9 
Dealt to Hero [7d 5d]
bd07532d: folds
c58f34e9: folds
Hero: folds
1f921c75: folds
1420b291: raises $0.15 to $0.2
bafc2263: calls $0.15
*** FLOP *** [6d Jc 6s]
1420b291: bets $0.25
bafc2263: folds
Uncalled bet ($0.25) returned to 1420b291
*** SHOWDOWN ***
1420b291 collected $0.38 from pot
*** SUMMARY ***
Total pot $0.4 | Rake $0.02 | Jackpot $0 | Bingo $0 | Fortune $0
Board [6d Jc 6s]
Seat 1: 1f921c75 (button) folded before Flop (didn't bet)
Seat 2: 1420b291 (small blind) won ($0.38)
Seat 3: bafc2263 (big blind) folded on the Flop
Seat 4: bd07532d folded before Flop (didn't bet)
Seat 5: c58f34e9 folded before Flop (didn't bet)
Seat 6: Hero folded before Flop (didn't bet)


Poker Hand #HD1189727898: Hold'em No Limit  ($0.02/$0.05) - 2023/04/04 20:49:10
Table 'NLHBlue75' 6-max Seat #6 is the button
Seat 1: 1f921c75 ($5.59 in chips)
Seat 2: 1420b291 ($15.68 in chips)
Seat 3: bafc2263 ($5.14 in chips)
Seat 4: bd07532d ($4.37 in chips)
Seat 5: c58f34e9 ($5 in chips)
Seat 6: Hero ($5 in chips)
1f921c75: posts small blind $0.02
1420b291: posts big blind $0.05
*** HOLE CARDS ***
Dealt to 1f921c75 
Dealt to 1420b291 
Dealt to bafc2263 
Dealt to bd07532d 
Dealt to c58f34e9 
Dealt to Hero [3h Ac]
bafc2263: folds
bd07532d: folds
c58f34e9: folds
Hero: raises $0.07 to $0.12
1f921c75: folds
1420b291: folds
Uncalled bet ($0.07) returned to Hero
*** SHOWDOWN ***
Hero collected $0.12 from pot
*** SUMMARY ***
Total pot $0.12 | Rake $0 | Jackpot $0 | Bingo $0 | Fortune $0
Seat 1: 1f921c75 (small blind) folded before Flop
Seat 2: 1420b291 (big blind) folded before Flop
Seat 3: bafc2263 folded before Flop (didn't bet)
Seat 4: bd07532d folded before Flop (didn't bet)
Seat 5: c58f34e9 folded before Flop (didn't bet)
Seat 6: Hero (button) collected ($0.12)


Poker Hand #HD1189727818: Hold'em No Limit  ($0.02/$0.05) - 2023/04/04 20:48:28
Table 'NLHBlue75' 6-max Seat #5 is the button
Seat 1: 1f921c75 ($5 in chips)
Seat 2: 1420b291 ($15.68 in chips)
Seat 3: bafc2263 ($5.14 in chips)
Seat 4: bd07532d ($5 in chips)
Seat 5: c58f34e9 ($5 in chips)
Seat 6: Hero ($5 in chips)
Hero: posts small blind $0.02
1f921c75: posts big blind $0.05
*** HOLE CARDS ***
Dealt to 1f921c75 
Dealt to 1420b291 
Dealt to bafc2263 
Dealt to bd07532d 
Dealt to c58f34e9 
Dealt to Hero [As 3h]
1420b291: folds
bafc2263: folds
bd07532d: raises $0.1 to $0.15
c58f34e9: folds
Hero: folds
1f921c75: calls $0.1
*** FLOP *** [8d 5c 7h]
1f921c75: checks
bd07532d: bets $0.16
1f921c75: calls $0.16
*** TURN *** [8d 5c 7h] [Kc]
1f921c75: checks
bd07532d: bets $0.32
1f921c75: calls $0.32
*** RIVER *** [8d 5c 7h Kc] [5h]
1f921c75: checks
bd07532d: checks
1f921c75: shows [Kd Jc] (Pair of Kings and Pair of Fives)
bd07532d: shows [Js 7s] (Pair of Sevens and Pair of Fives)
*** SHOWDOWN ***
1f921c75 collected $1.22 from pot
*** SUMMARY ***
Total pot $1.28 | Rake $0.06 | Jackpot $0 | Bingo $0 | Fortune $0
Board [8d 5c 7h Kc 5h]
Seat 1: 1f921c75 (big blind) showed [Kd Jc] and won ($1.22) with Pair of Kings and Pair of Fives
Seat 2: 1420b291 folded before Flop (didn't bet)
Seat 3: bafc2263 folded before Flop (didn't bet)
Seat 4: bd07532d showed [Js 7s] and lost with Pair of Sevens and Pair of Fives
Seat 5: c58f34e9 (button) folded before Flop (didn't bet)
Seat 6: Hero (small blind) folded before Flop


Poker Hand #HD1189727666: Hold'em No Limit  ($0.02/$0.05) - 2023/04/04 20:47:10
Table 'NLHBlue75' 6-max Seat #4 is the button
Seat 1: 1f921c75 ($5 in chips)
Seat 2: 1420b291 ($9.63 in chips)
Seat 3: bafc2263 ($5.14 in chips)
Seat 4: bd07532d ($6.38 in chips)
Seat 5: c58f34e9 ($5 in chips)
Seat 6: Hero ($5.05 in chips)
c58f34e9: posts small blind $0.02
Hero: posts big blind $0.05
*** HOLE CARDS ***
Dealt to 1f921c75 
Dealt to 1420b291 
Dealt to bafc2263 
Dealt to bd07532d 
Dealt to c58f34e9 
Dealt to Hero [As 4s]
1f921c75: folds
1420b291: raises $0.15 to $0.2
bafc2263: folds
bd07532d: calls $0.2
c58f34e9: folds
Hero: calls $0.15
*** FLOP *** [6h 7d 5h]
Hero: checks
1420b291: bets $0.53
bd07532d: calls $0.53
Hero: folds
*** TURN *** [6h 7d 5h] [3c]
1420b291: bets $1.43
bd07532d: raises $1.5 to $2.93
1420b291: raises $5.97 to $8.9 and is all-in
bd07532d: calls $2.72 and is all-in
Uncalled bet ($3.25) returned to 1420b291
1420b291: shows [8d 8h] (Pair of Eights)
bd07532d: shows [5s 9s] (Pair of Fives)
*** RIVER *** [6h 7d 5h 3c] [2s]
*** SHOWDOWN ***
1420b291 collected $12.43 from pot
*** SUMMARY ***
Total pot $12.98 | Rake $0.5 | Jackpot $0.05 | Bingo $0 | Fortune $0
Board [6h 7d 5h 3c 2s]
Seat 1: 1f921c75 folded before Flop (didn't bet)
Seat 2: 1420b291 showed [8d 8h] and won ($12.43) with Pair of Eights
Seat 3: bafc2263 folded before Flop (didn't bet)
Seat 4: bd07532d (button) showed [5s 9s] and lost with Pair of Fives
Seat 5: c58f34e9 (small blind) folded before Flop
Seat 6: Hero (big blind) folded on the Flop


Poker Hand #HD1189727568: Hold'em No Limit  ($0.02/$0.05) - 2023/04/04 20:46:17
Table 'NLHBlue75' 6-max Seat #3 is the button
Seat 1: 1f921c75 ($5 in chips)
Seat 2: 1420b291 ($9.63 in chips)
Seat 3: bafc2263 ($5.14 in chips)
Seat 4: bd07532d ($5.84 in chips)
Seat 5: c58f34e9 ($5.14 in chips)
Seat 6: Hero ($5.05 in chips)
bd07532d: posts small blind $0.02
c58f34e9: posts big blind $0.05
*** HOLE CARDS ***
Dealt to 1f921c75 
Dealt to 1420b291 
Dealt to bafc2263 
Dealt to bd07532d 
Dealt to c58f34e9 
Dealt to Hero [6h 2c]
Hero: folds
1f921c75: folds
1420b291: folds
bafc2263: folds
bd07532d: raises $0.1 to $0.15
c58f34e9: raises $0.45 to $0.6
bd07532d: calls $0.45
*** FLOP *** [Qs 2d Kc]
bd07532d: checks
c58f34e9: checks
*** TURN *** [Qs 2d Kc] [3s]
bd07532d: bets $0.6
c58f34e9: folds
Uncalled bet ($0.6) returned to bd07532d
*** SHOWDOWN ***
bd07532d collected $1.14 from pot
*** SUMMARY ***
Total pot $1.2 | Rake $0.06 | Jackpot $0 | Bingo $0 | Fortune $0
Board [Qs 2d Kc 3s]
Seat 1: 1f921c75 folded before Flop (didn't bet)
Seat 2: 1420b291 folded before Flop (didn't bet)
Seat 3: bafc2263 (button) folded before Flop (didn't bet)
Seat 4: bd07532d (small blind) won ($1.14)
Seat 5: c58f34e9 (big blind) folded on the Turn
Seat 6: Hero folded before Flop (didn't bet)


Poker Hand #HD1189727512: Hold'em No Limit  ($0.02/$0.05) - 2023/04/04 20:45:47
Table 'NLHBlue75' 6-max Seat #2 is the button
Seat 1: 1f921c75 ($5 in chips)
Seat 2: 1420b291 ($9.63 in chips)
Seat 3: bafc2263 ($5 in chips)
Seat 4: bd07532d ($5.99 in chips)
Seat 5: c58f34e9 ($5.14 in chips)
Seat 6: Hero ($5.05 in chips)
bafc2263: posts small blind $0.02
bd07532d: posts big blind $0.05
*** HOLE CARDS ***
Dealt to 1f921c75 
Dealt to 1420b291 
Dealt to bafc2263 
Dealt to bd07532d 
Dealt to c58f34e9 
Dealt to Hero [3c 7s]
c58f34e9: folds
Hero: folds
1f921c75: folds
1420b291: folds
bafc2263: raises $0.1 to $0.15
bd07532d: calls $0.1
*** FLOP *** [7d Td Ah]
bafc2263: checks
bd07532d: checks
*** TURN *** [7d Td Ah] [Qd]
bafc2263: checks
bd07532d: checks
*** RIVER *** [7d Td Ah Qd] [Ts]
bafc2263: checks
bd07532d: checks
bafc2263: shows [2h 2s] (Pair of Tens and Pair of Twos)
bd07532d: shows [5h 4h] (Pair of Tens)
*** SHOWDOWN ***
bafc2263 collected $0.29 from pot
*** SUMMARY ***
Total pot $0.3 | Rake $0.01 | Jackpot $0 | Bingo $0 | Fortune $0
Board [7d Td Ah Qd Ts]
Seat 1: 1f921c75 folded before Flop (didn't bet)
Seat 2: 1420b291 (button) folded before Flop (didn't bet)
Seat 3: bafc2263 (small blind) showed [2h 2s] and won ($0.29) with Pair of Tens and Pair of Twos
Seat 4: bd07532d (big blind) showed [5h 4h] and lost with Pair of Tens
Seat 5: c58f34e9 folded before Flop (didn't bet)
Seat 6: Hero folded before Flop (didn't bet)


Poker Hand #HD1189727488: Hold'em No Limit  ($0.02/$0.05) - 2023/04/04 20:45:34
Table 'NLHBlue75' 6-max Seat #1 is the button
Seat 1: 1f921c75 ($5 in chips)
Seat 2: 1420b291 ($9.65 in chips)
Seat 3: bafc2263 ($5 in chips)
Seat 4: bd07532d ($5.99 in chips)
Seat 5: c58f34e9 ($5.07 in chips)
Seat 6: Hero ($5.05 in chips)
1420b291: posts small blind $0.02
bafc2263: posts big blind $0.05
*** HOLE CARDS ***
Dealt to 1f921c75 
Dealt to 1420b291 
Dealt to bafc2263 
Dealt to bd07532d 
Dealt to c58f34e9 
Dealt to Hero [Qd 2d]
bd07532d: folds
c58f34e9: raises $0.13 to $0.18
Hero: folds
1f921c75: folds
1420b291: folds
bafc2263: folds
Uncalled bet ($0.13) returned to c58f34e9
*** SHOWDOWN ***
c58f34e9 collected $0.12 from pot
*** SUMMARY ***
Total pot $0.12 | Rake $0 | Jackpot $0 | Bingo $0 | Fortune $0
Seat 1: 1f921c75 (button) folded before Flop (didn't bet)
Seat 2: 1420b291 (small blind) folded before Flop
Seat 3: bafc2263 (big blind) folded before Flop
Seat 4: bd07532d folded before Flop (didn't bet)
Seat 5: c58f34e9 collected ($0.12)
Seat 6: Hero folded before Flop (didn't bet)


Poker Hand #HD1189727421: Hold'em No Limit  ($0.02/$0.05) - 2023/04/04 20:45:01
Table 'NLHBlue75' 6-max Seat #6 is the button
Seat 1: 1f921c75 ($5 in chips)
Seat 2: 1420b291 ($9.7 in chips)
Seat 3: bafc2263 ($5 in chips)
Seat 4: bd07532d ($5.92 in chips)
Seat 5: c58f34e9 ($5.07 in chips)
Seat 6: Hero ($5.05 in chips)
1f921c75: posts small blind $0.02
1420b291: posts big blind $0.05
*** HOLE CARDS ***
Dealt to 1f921c75 
Dealt to 1420b291 
Dealt to bafc2263 
Dealt to bd07532d 
Dealt to c58f34e9 
Dealt to Hero [2d 7h]
bafc2263: folds
bd07532d: calls $0.05
c58f34e9: folds
Hero: folds
1f921c75: folds
1420b291: checks
*** FLOP *** [Qh 5h Kd]
1420b291: checks
bd07532d: checks
*** TURN *** [Qh 5h Kd] [6s]
1420b291: checks
bd07532d: checks
*** RIVER *** [Qh 5h Kd 6s] [Jc]
1420b291: checks
bd07532d: checks
1420b291: shows [8s 4s] (King-High)
bd07532d: shows [7c 9c] (King-High)
*** SHOWDOWN ***
bd07532d collected $0.12 from pot
*** SUMMARY ***
Total pot $0.12 | Rake $0 | Jackpot $0 | Bingo $0 | Fortune $0
Board [Qh 5h Kd 6s Jc]
Seat 1: 1f921c75 (small blind) folded before Flop
Seat 2: 1420b291 (big blind) showed [8s 4s] and lost with King-High
Seat 3: bafc2263 folded before Flop (didn't bet)
Seat 4: bd07532d showed [7c 9c] and won ($0.12) with King-High
Seat 5: c58f34e9 folded before Flop (didn't bet)
Seat 6: Hero (button) folded before Flop (didn't bet)


Poker Hand #HD1189727404: Hold'em No Limit  ($0.02/$0.05) - 2023/04/04 20:44:50
Table 'NLHBlue75' 6-max Seat #5 is the button
Seat 1: 1f921c75 ($5 in chips)
Seat 2: 1420b291 ($9.7 in chips)
Seat 3: bafc2263 ($5 in chips)
Seat 4: bd07532d ($5.92 in chips)
Seat 5: c58f34e9 ($5.07 in chips)
Seat 6: Hero ($5 in chips)
Hero: posts small blind $0.02
1f921c75: posts big blind $0.05
*** HOLE CARDS ***
Dealt to 1f921c75 
Dealt to 1420b291 
Dealt to bafc2263 
Dealt to bd07532d 
Dealt to c58f34e9 
Dealt to Hero [As Tc]
1420b291: folds
bafc2263: folds
bd07532d: folds
c58f34e9: folds
Hero: raises $0.09 to $0.14
1f921c75: folds
Uncalled bet ($0.09) returned to Hero
*** SHOWDOWN ***
Hero collected $0.1 from pot
*** SUMMARY ***
Total pot $0.1 | Rake $0 | Jackpot $0 | Bingo $0 | Fortune $0
Seat 1: 1f921c75 (big blind) folded before Flop
Seat 2: 1420b291 folded before Flop (didn't bet)
Seat 3: bafc2263 folded before Flop (didn't bet)
Seat 4: bd07532d folded before Flop (didn't bet)
Seat 5: c58f34e9 (button) folded before Flop (didn't bet)
Seat 6: Hero (small blind) collected ($0.1)


Poker Hand #HD1189727336: Hold'em No Limit  ($0.02/$0.05) - 2023/04/04 20:44:01
Table 'NLHBlue75' 6-max Seat #4 is the button
Seat 1: 1f921c75 ($5 in chips)
Seat 2: 1420b291 ($9.7 in chips)
Seat 3: bafc2263 ($5 in chips)
Seat 4: bd07532d ($5.03 in chips)
Seat 5: c58f34e9 ($5.09 in chips)
Seat 6: Hero ($5 in chips)
c58f34e9: posts small blind $0.02
Hero: posts big blind $0.05
*** HOLE CARDS ***
Dealt to 1f921c75 
Dealt to 1420b291 
Dealt to bafc2263 
Dealt to bd07532d 
Dealt to c58f34e9 
Dealt to Hero [8d As]
1f921c75: folds
1420b291: folds
bafc2263: raises $0.08 to $0.13
bd07532d: raises $0.33 to $0.46
c58f34e9: folds
Hero: folds
bafc2263: calls $0.33
*** FLOP *** [9h Ks Jh]
bafc2263: checks
bd07532d: bets $0.5
bafc2263: calls $0.5
*** TURN *** [9h Ks Jh] [5h]
bafc2263: checks
bd07532d: bets $0.66
bafc2263: folds
Uncalled bet ($0.66) returned to bd07532d
*** SHOWDOWN ***
bd07532d collected $1.85 from pot
*** SUMMARY ***
Total pot $1.99 | Rake $0.09 | Jackpot $0.05 | Bingo $0 | Fortune $0
Board [9h Ks Jh 5h]
Seat 1: 1f921c75 folded before Flop (didn't bet)
Seat 2: 1420b291 folded before Flop (didn't bet)
Seat 3: bafc2263 folded on the Turn
Seat 4: bd07532d (button) won ($1.85)
Seat 5: c58f34e9 (small blind) folded before Flop
Seat 6: Hero (big blind) folded before Flop


Poker Hand #HD1189727294: Hold'em No Limit  ($0.02/$0.05) - 2023/04/04 20:43:39
Table 'NLHBlue75' 6-max Seat #3 is the button
Seat 1: 1f921c75 ($5 in chips)
Seat 2: 1420b291 ($9.63 in chips)
Seat 3: bafc2263 ($5 in chips)
Seat 4: bd07532d ($5.05 in chips)
Seat 5: c58f34e9 ($5.14 in chips)
Seat 6: Hero ($5 in chips)
bd07532d: posts small blind $0.02
c58f34e9: posts big blind $0.05
*** HOLE CARDS ***
Dealt to 1f921c75 
Dealt to 1420b291 
Dealt to bafc2263 
Dealt to bd07532d 
Dealt to c58f34e9 
Dealt to Hero [8c 4h]
Hero: folds
1f921c75: folds
1420b291: raises $0.1 to $0.15
bafc2263: folds
bd07532d: folds
c58f34e9: folds
Uncalled bet ($0.1) returned to 1420b291
*** SHOWDOWN ***
1420b291 collected $0.12 from pot
*** SUMMARY ***
Total pot $0.12 | Rake $0 | Jackpot $0 | Bingo $0 | Fortune $0
Seat 1: 1f921c75 folded before Flop (didn't bet)
Seat 2: 1420b291 collected ($0.12)
Seat 3: bafc2263 (button) folded before Flop (didn't bet)
Seat 4: bd07532d (small blind) folded before Flop
Seat 5: c58f34e9 (big blind) folded before Flop
Seat 6: Hero folded before Flop (didn't bet)


Poker Hand #HD1189727199: Hold'em No Limit  ($0.02/$0.05) - 2023/04/04 20:42:34
Table 'NLHBlue75' 6-max Seat #2 is the button
Seat 1: 1f921c75 ($5.07 in chips)
Seat 2: 1420b291 ($9.63 in chips)
Seat 3: bafc2263 ($5 in chips)
Seat 4: bd07532d ($4.89 in chips)
Seat 5: c58f34e9 ($5.14 in chips)
Seat 6: Hero ($5 in chips)
bafc2263: posts small blind $0.02
bd07532d: posts big blind $0.05
*** HOLE CARDS ***
Dealt to 1f921c75 
Dealt to 1420b291 
Dealt to bafc2263 
Dealt to bd07532d 
Dealt to c58f34e9 
Dealt to Hero [2h Jd]
c58f34e9: folds
Hero: folds
1f921c75: raises $0.1 to $0.15
1420b291: folds
bafc2263: folds
bd07532d: raises $0.32 to $0.47
1f921c75: folds
Uncalled bet ($0.32) returned to bd07532d
*** SHOWDOWN ***
bd07532d collected $0.31 from pot
*** SUMMARY ***
Total pot $0.32 | Rake $0.01 | Jackpot $0 | Bingo $0 | Fortune $0
Seat 1: 1f921c75 folded before Flop
Seat 2: 1420b291 (button) folded before Flop (didn't bet)
Seat 3: bafc2263 (small blind) folded before Flop
Seat 4: bd07532d (big blind) collected ($0.31)
Seat 5: c58f34e9 folded before Flop (didn't bet)
Seat 6: Hero folded before Flop (didn't bet)


Poker Hand #HD1189727083: Hold'em No Limit  ($0.02/$0.05) - 2023/04/04 20:41:32
Table 'NLHBlue75' 6-max Seat #1 is the button
Seat 1: 1f921c75 ($5.07 in chips)
Seat 2: 1420b291 ($9.65 in chips)
Seat 3: bafc2263 ($5 in chips)
Seat 4: bd07532d ($4.89 in chips)
Seat 5: c58f34e9 ($5.07 in chips)
Seat 6: Hero ($5 in chips)
1420b291: posts small blind $0.02
bafc2263: posts big blind $0.05
*** HOLE CARDS ***
Dealt to 1f921c75 
Dealt to 1420b291 
Dealt to bafc2263 
Dealt to bd07532d 
Dealt to c58f34e9 
Dealt to Hero [7c 9d]
bd07532d: folds
c58f34e9: raises $0.13 to $0.18
Hero: folds
1f921c75: folds
1420b291: folds
bafc2263: folds
Uncalled bet ($0.13) returned to c58f34e9
*** SHOWDOWN ***
c58f34e9 collected $0.12 from pot
*** SUMMARY ***
Total pot $0.12 | Rake $0 | Jackpot $0 | Bingo $0 | Fortune $0
Seat 1: 1f921c75 (button) folded before Flop (didn't bet)
Seat 2: 1420b291 (small blind) folded before Flop
Seat 3: bafc2263 (big blind) folded before Flop
Seat 4: bd07532d folded before Flop (didn't bet)
Seat 5: c58f34e9 collected ($0.12)
Seat 6: Hero folded before Flop (didn't bet)


Poker Hand #HD1189726949: Hold'em No Limit  ($0.02/$0.05) - 2023/04/04 20:40:24
Table 'NLHBlue75' 6-max Seat #6 is the button
Seat 1: 1f921c75 ($5.09 in chips)
Seat 2: 1420b291 ($9.49 in chips)
Seat 3: bafc2263 ($5 in chips)
Seat 4: bd07532d ($5.04 in chips)
Seat 5: c58f34e9 ($5.07 in chips)
Seat 6: Hero ($5 in chips)
1f921c75: posts small blind $0.02
1420b291: posts big blind $0.05
*** HOLE CARDS ***
Dealt to 1f921c75 
Dealt to 1420b291 
Dealt to bafc2263 
Dealt to bd07532d 
Dealt to c58f34e9 
Dealt to Hero [Th Kd]
bafc2263: folds
bd07532d: raises $0.1 to $0.15
c58f34e9: folds
Hero: folds
1f921c75: folds
1420b291: calls $0.1
*** FLOP *** [6c Js 2h]
1420b291: checks
bd07532d: checks
*** TURN *** [6c Js 2h] [Kh]
1420b291: checks
bd07532d: checks
*** RIVER *** [6c Js 2h Kh] [Ks]
1420b291: checks
bd07532d: checks
1420b291: shows [6s As] (Pair of Kings and Pair of Sixes)
bd07532d: shows [Td Qd] (Pair of Kings)
*** SHOWDOWN ***
1420b291 collected $0.31 from pot
*** SUMMARY ***
Total pot $0.32 | Rake $0.01 | Jackpot $0 | Bingo $0 | Fortune $0
Board [6c Js 2h Kh Ks]
Seat 1: 1f921c75 (small blind) folded before Flop
Seat 2: 1420b291 (big blind) showed [6s As] and won ($0.31) with Pair of Kings and Pair of Sixes
Seat 3: bafc2263 folded before Flop (didn't bet)
Seat 4: bd07532d showed [Td Qd] and lost with Pair of Kings
Seat 5: c58f34e9 folded before Flop (didn't bet)
Seat 6: Hero (button) folded before Flop (didn't bet)


Poker Hand #HD1189726846: Hold'em No Limit  ($0.02/$0.05) - 2023/04/04 20:39:29
Table 'NLHBlue75' 6-max Seat #5 is the button
Seat 1: 1f921c75 ($5.14 in chips)
Seat 2: 1420b291 ($9.24 in chips)
Seat 3: bafc2263 ($5 in chips)
Seat 4: bd07532d ($5.24 in chips)
Seat 5: c58f34e9 ($5.07 in chips)
Seat 6: Hero ($5 in chips)
Hero: posts small blind $0.02
1f921c75: posts big blind $0.05
*** HOLE CARDS ***
Dealt to 1f921c75 
Dealt to 1420b291 
Dealt to bafc2263 
Dealt to bd07532d 
Dealt to c58f34e9 
Dealt to Hero [4d 8d]
1420b291: raises $0.15 to $0.2
bafc2263: folds
bd07532d: calls $0.2
c58f34e9: folds
Hero: folds
1f921c75: folds
*** FLOP *** [9d Jc Js]
1420b291: bets $0.4
bd07532d: folds
Uncalled bet ($0.4) returned to 1420b291
*** SHOWDOWN ***
1420b291 collected $0.45 from pot
*** SUMMARY ***
Total pot $0.47 | Rake $0.02 | Jackpot $0 | Bingo $0 | Fortune $0
Board [9d Jc Js]
Seat 1: 1f921c75 (big blind) folded before Flop
Seat 2: 1420b291 won ($0.45)
Seat 3: bafc2263 folded before Flop (didn't bet)
Seat 4: bd07532d folded on the Flop
Seat 5: c58f34e9 (button) folded before Flop (didn't bet)
Seat 6: Hero (small blind) folded before Flop


Poker Hand #HD1189726791: Hold'em No Limit  ($0.02/$0.05) - 2023/04/04 20:38:52
Table 'NLHBlue75' 6-max Seat #4 is the button
Seat 1: 1f921c75 ($5.14 in chips)
Seat 2: 1420b291 ($9.24 in chips)
Seat 3: bafc2263 ($5 in chips)
Seat 4: bd07532d ($5.24 in chips)
Seat 5: c58f34e9 ($5.02 in chips)
Seat 6: Hero ($5 in chips)
c58f34e9: posts small blind $0.02
Hero: posts big blind $0.05
*** HOLE CARDS ***
Dealt to 1f921c75 
Dealt to 1420b291 
Dealt to bafc2263 
Dealt to bd07532d 
Dealt to c58f34e9 
Dealt to Hero [2h Kc]
1f921c75: folds
1420b291: folds
bafc2263: folds
bd07532d: folds
c58f34e9: raises $0.08 to $0.13
Hero: folds
Uncalled bet ($0.08) returned to c58f34e9
*** SHOWDOWN ***
c58f34e9 collected $0.1 from pot
*** SUMMARY ***
Total pot $0.1 | Rake $0 | Jackpot $0 | Bingo $0 | Fortune $0
Seat 1: 1f921c75 folded before Flop (didn't bet)
Seat 2: 1420b291 folded before Flop (didn't bet)
Seat 3: bafc2263 folded before Flop (didn't bet)
Seat 4: bd07532d (button) folded before Flop (didn't bet)
Seat 5: c58f34e9 (small blind) collected ($0.1)
Seat 6: Hero (big blind) folded before Flop


