Poker Hand #HD1144478235: Hold'em No Limit  ($0.02/$0.05) - 2023/03/03 18:10:51
Table 'NLHBlue119' 6-max Seat #5 is the button
Seat 1: 4bbc3a39 ($7.73 in chips)
Seat 2: e1e4878d ($10.45 in chips)
Seat 3: Hero ($7.96 in chips)
Seat 5: a16c3216 ($5 in chips)
4bbc3a39: posts small blind $0.02
e1e4878d: posts big blind $0.05
*** HOLE CARDS ***
Dealt to 4bbc3a39 
Dealt to e1e4878d 
Dealt to Hero [Qc 9h]
Dealt to a16c3216 
Hero: folds
a16c3216: folds
4bbc3a39: folds
Uncalled bet ($0.03) returned to e1e4878d
*** SHOWDOWN ***
e1e4878d collected $0.04 from pot
*** SUMMARY ***
Total pot $0.04 | Rake $0 | Jackpot $0 | Bingo $0 | Fortune $0
Seat 1: 4bbc3a39 (small blind) folded before Flop
Seat 2: e1e4878d (big blind) collected ($0.04)
Seat 3: Hero folded before Flop (didn't bet)
Seat 5: a16c3216 (button) folded before Flop (didn't bet)


Poker Hand #HD1144478128: Hold'em No Limit  ($0.02/$0.05) - 2023/03/03 18:10:13
Table 'NLHBlue119' 6-max Seat #3 is the button
Seat 1: 4bbc3a39 ($7.71 in chips)
Seat 2: e1e4878d ($10.45 in chips)
Seat 3: Hero ($7.96 in chips)
Seat 5: a16c3216 ($5 in chips)
a16c3216: posts small blind $0.02
4bbc3a39: posts big blind $0.05
*** HOLE CARDS ***
Dealt to 4bbc3a39 
Dealt to e1e4878d 
Dealt to Hero [Tc 8c]
Dealt to a16c3216 
e1e4878d: folds
Hero: folds
a16c3216: folds
Uncalled bet ($0.03) returned to 4bbc3a39
*** SHOWDOWN ***
4bbc3a39 collected $0.04 from pot
*** SUMMARY ***
Total pot $0.04 | Rake $0 | Jackpot $0 | Bingo $0 | Fortune $0
Seat 1: 4bbc3a39 (big blind) collected ($0.04)
Seat 2: e1e4878d folded before Flop (didn't bet)
Seat 3: Hero (button) folded before Flop (didn't bet)
Seat 5: a16c3216 (small blind) folded before Flop


Poker Hand #HD1144477897: Hold'em No Limit  ($0.02/$0.05) - 2023/03/03 18:08:48
Table 'NLHBlue119' 6-max Seat #2 is the button
Seat 1: 4bbc3a39 ($6.36 in chips)
Seat 2: e1e4878d ($10.45 in chips)
Seat 3: Hero ($7.98 in chips)
Seat 5: a16c3216 ($5 in chips)
Hero: posts small blind $0.02
a16c3216: posts big blind $0.05
*** HOLE CARDS ***
Dealt to 4bbc3a39 
Dealt to e1e4878d 
Dealt to Hero [2c 5h]
Dealt to a16c3216 
4bbc3a39: raises $0.07 to $0.12
e1e4878d: folds
Hero: folds
a16c3216: raises $0.2 to $0.32
4bbc3a39: calls $0.2
*** FLOP *** [3c 8h 6s]
a16c3216: bets $0.44
4bbc3a39: calls $0.44
*** TURN *** [3c 8h 6s] [As]
a16c3216: checks
4bbc3a39: bets $0.77
a16c3216: calls $0.77
*** RIVER *** [3c 8h 6s As] [2h]
a16c3216: checks
4bbc3a39: bets $4.83 and is all-in
a16c3216: folds
Uncalled bet ($4.83) returned to 4bbc3a39
*** SHOWDOWN ***
4bbc3a39 collected $2.88 from pot
*** SUMMARY ***
Total pot $3.08 | Rake $0.15 | Jackpot $0.05 | Bingo $0 | Fortune $0
Board [3c 8h 6s As 2h]
Seat 1: 4bbc3a39 won ($2.88)
Seat 2: e1e4878d (button) folded before Flop (didn't bet)
Seat 3: Hero (small blind) folded before Flop
Seat 5: a16c3216 (big blind) folded on the River


Poker Hand #HD1144477812: Hold'em No Limit  ($0.02/$0.05) - 2023/03/03 18:08:19
Table 'NLHBlue119' 6-max Seat #1 is the button
Seat 1: 4bbc3a39 ($6.8 in chips)
Seat 2: e1e4878d ($10.47 in chips)
Seat 3: Hero ($7.56 in chips)
Seat 5: a16c3216 ($5 in chips)
e1e4878d: posts small blind $0.02
Hero: posts big blind $0.05
*** HOLE CARDS ***
Dealt to 4bbc3a39 
Dealt to e1e4878d 
Dealt to Hero [Kh Kc]
Dealt to a16c3216 
a16c3216: folds
4bbc3a39: raises $0.07 to $0.12
e1e4878d: folds
Hero: raises $0.32 to $0.44
4bbc3a39: calls $0.32
*** FLOP *** [9d 6s 5s]
Hero: bets $0.45
4bbc3a39: folds
Uncalled bet ($0.45) returned to Hero
*** SHOWDOWN ***
Hero collected $0.86 from pot
*** SUMMARY ***
Total pot $0.9 | Rake $0.04 | Jackpot $0 | Bingo $0 | Fortune $0
Board [9d 6s 5s]
Seat 1: 4bbc3a39 (button) folded on the Flop
Seat 2: e1e4878d (small blind) folded before Flop
Seat 3: Hero (big blind) won ($0.86)
Seat 5: a16c3216 folded before Flop (didn't bet)


Poker Hand #HD1144477774: Hold'em No Limit  ($0.02/$0.05) - 2023/03/03 18:08:07
Table 'NLHBlue119' 6-max Seat #5 is the button
Seat 1: 4bbc3a39 ($6.82 in chips)
Seat 2: e1e4878d ($10.52 in chips)
Seat 3: Hero ($7.49 in chips)
Seat 5: a16c3216 ($5 in chips)
4bbc3a39: posts small blind $0.02
e1e4878d: posts big blind $0.05
*** HOLE CARDS ***
Dealt to 4bbc3a39 
Dealt to e1e4878d 
Dealt to Hero [Th 7h]
Dealt to a16c3216 
Hero: raises $0.07 to $0.12
a16c3216: folds
4bbc3a39: folds
e1e4878d: folds
Uncalled bet ($0.07) returned to Hero
*** SHOWDOWN ***
Hero collected $0.12 from pot
*** SUMMARY ***
Total pot $0.12 | Rake $0 | Jackpot $0 | Bingo $0 | Fortune $0
Seat 1: 4bbc3a39 (small blind) folded before Flop
Seat 2: e1e4878d (big blind) folded before Flop
Seat 3: Hero collected ($0.12)
Seat 5: a16c3216 (button) folded before Flop (didn't bet)


Poker Hand #HD1144477751: Hold'em No Limit  ($0.02/$0.05) - 2023/03/03 18:07:58
Table 'NLHBlue119' 6-max Seat #3 is the button
Seat 1: 4bbc3a39 ($6.8 in chips)
Seat 2: e1e4878d ($10.52 in chips)
Seat 3: Hero ($7.49 in chips)
Seat 5: a16c3216 ($5 in chips)
a16c3216: posts small blind $0.02
4bbc3a39: posts big blind $0.05
*** HOLE CARDS ***
Dealt to 4bbc3a39 
Dealt to e1e4878d 
Dealt to Hero [7c 4d]
Dealt to a16c3216 
e1e4878d: folds
Hero: folds
a16c3216: folds
Uncalled bet ($0.03) returned to 4bbc3a39
*** SHOWDOWN ***
4bbc3a39 collected $0.04 from pot
*** SUMMARY ***
Total pot $0.04 | Rake $0 | Jackpot $0 | Bingo $0 | Fortune $0
Seat 1: 4bbc3a39 (big blind) collected ($0.04)
Seat 2: e1e4878d folded before Flop (didn't bet)
Seat 3: Hero (button) folded before Flop (didn't bet)
Seat 5: a16c3216 (small blind) folded before Flop


Poker Hand #HD1144477707: Hold'em No Limit  ($0.02/$0.05) - 2023/03/03 18:07:39
Table 'NLHBlue119' 6-max Seat #2 is the button
Seat 1: 4bbc3a39 ($6.8 in chips)
Seat 2: e1e4878d ($10.45 in chips)
Seat 3: Hero ($7.51 in chips)
Seat 5: a16c3216 ($5 in chips)
Hero: posts small blind $0.02
a16c3216: posts big blind $0.05
*** HOLE CARDS ***
Dealt to 4bbc3a39 
Dealt to e1e4878d 
Dealt to Hero [3h Th]
Dealt to a16c3216 
4bbc3a39: folds
e1e4878d: raises $0.1 to $0.15
Hero: folds
a16c3216: folds
Uncalled bet ($0.1) returned to e1e4878d
*** SHOWDOWN ***
e1e4878d collected $0.12 from pot
*** SUMMARY ***
Total pot $0.12 | Rake $0 | Jackpot $0 | Bingo $0 | Fortune $0
Seat 1: 4bbc3a39 folded before Flop (didn't bet)
Seat 2: e1e4878d (button) collected ($0.12)
Seat 3: Hero (small blind) folded before Flop
Seat 5: a16c3216 (big blind) folded before Flop


Poker Hand #HD1144477674: Hold'em No Limit  ($0.02/$0.05) - 2023/03/03 18:07:26
Table 'NLHBlue119' 6-max Seat #1 is the button
Seat 1: 4bbc3a39 ($6.73 in chips)
Seat 2: e1e4878d ($10.47 in chips)
Seat 3: Hero ($7.56 in chips)
Seat 5: a16c3216 ($5 in chips)
e1e4878d: posts small blind $0.02
Hero: posts big blind $0.05
*** HOLE CARDS ***
Dealt to 4bbc3a39 
Dealt to e1e4878d 
Dealt to Hero [5d 3d]
Dealt to a16c3216 
a16c3216: folds
4bbc3a39: raises $0.07 to $0.12
e1e4878d: folds
Hero: folds
Uncalled bet ($0.07) returned to 4bbc3a39
*** SHOWDOWN ***
4bbc3a39 collected $0.12 from pot
*** SUMMARY ***
Total pot $0.12 | Rake $0 | Jackpot $0 | Bingo $0 | Fortune $0
Seat 1: 4bbc3a39 (button) collected ($0.12)
Seat 2: e1e4878d (small blind) folded before Flop
Seat 3: Hero (big blind) folded before Flop
Seat 5: a16c3216 folded before Flop (didn't bet)


Poker Hand #HD1144477587: Hold'em No Limit  ($0.02/$0.05) - 2023/03/03 18:06:56
Table 'NLHBlue119' 6-max Seat #5 is the button
Seat 1: 4bbc3a39 ($6.75 in chips)
Seat 2: e1e4878d ($10.36 in chips)
Seat 3: Hero ($7.56 in chips)
Seat 5: a16c3216 ($5 in chips)
4bbc3a39: posts small blind $0.02
e1e4878d: posts big blind $0.05
*** HOLE CARDS ***
Dealt to 4bbc3a39 
Dealt to e1e4878d 
Dealt to Hero [8h 6c]
Dealt to a16c3216 
Hero: folds
a16c3216: raises $0.05 to $0.1
4bbc3a39: folds
e1e4878d: raises $0.32 to $0.42
a16c3216: folds
Uncalled bet ($0.32) returned to e1e4878d
*** SHOWDOWN ***
e1e4878d collected $0.21 from pot
*** SUMMARY ***
Total pot $0.22 | Rake $0.01 | Jackpot $0 | Bingo $0 | Fortune $0
Seat 1: 4bbc3a39 (small blind) folded before Flop
Seat 2: e1e4878d (big blind) collected ($0.21)
Seat 3: Hero folded before Flop (didn't bet)
Seat 5: a16c3216 (button) folded before Flop


Poker Hand #HD1144477555: Hold'em No Limit  ($0.02/$0.05) - 2023/03/03 18:06:45
Table 'NLHBlue119' 6-max Seat #3 is the button
Seat 1: 4bbc3a39 ($6.73 in chips)
Seat 2: e1e4878d ($10.36 in chips)
Seat 3: Hero ($7.56 in chips)
Seat 5: a16c3216 ($5 in chips)
a16c3216: posts small blind $0.02
4bbc3a39: posts big blind $0.05
*** HOLE CARDS ***
Dealt to 4bbc3a39 
Dealt to e1e4878d 
Dealt to Hero [Jd 3s]
Dealt to a16c3216 
e1e4878d: folds
Hero: folds
a16c3216: folds
Uncalled bet ($0.03) returned to 4bbc3a39
*** SHOWDOWN ***
4bbc3a39 collected $0.04 from pot
*** SUMMARY ***
Total pot $0.04 | Rake $0 | Jackpot $0 | Bingo $0 | Fortune $0
Seat 1: 4bbc3a39 (big blind) collected ($0.04)
Seat 2: e1e4878d folded before Flop (didn't bet)
Seat 3: Hero (button) folded before Flop (didn't bet)
Seat 5: a16c3216 (small blind) folded before Flop


Poker Hand #HD1144477464: Hold'em No Limit  ($0.02/$0.05) - 2023/03/03 18:06:16
Table 'NLHBlue119' 6-max Seat #2 is the button
Seat 1: 4bbc3a39 ($6.73 in chips)
Seat 2: e1e4878d ($10.29 in chips)
Seat 3: Hero ($7.58 in chips)
Seat 5: a16c3216 ($5 in chips)
Hero: posts small blind $0.02
a16c3216: posts big blind $0.05
*** HOLE CARDS ***
Dealt to 4bbc3a39 
Dealt to e1e4878d 
Dealt to Hero [3h Tc]
Dealt to a16c3216 
4bbc3a39: folds
e1e4878d: raises $0.1 to $0.15
Hero: folds
a16c3216: folds
Uncalled bet ($0.1) returned to e1e4878d
*** SHOWDOWN ***
e1e4878d collected $0.12 from pot
*** SUMMARY ***
Total pot $0.12 | Rake $0 | Jackpot $0 | Bingo $0 | Fortune $0
Seat 1: 4bbc3a39 folded before Flop (didn't bet)
Seat 2: e1e4878d (button) collected ($0.12)
Seat 3: Hero (small blind) folded before Flop
Seat 5: a16c3216 (big blind) folded before Flop


Poker Hand #HD1144477419: Hold'em No Limit  ($0.02/$0.05) - 2023/03/03 18:06:00
Table 'NLHBlue119' 6-max Seat #1 is the button
Seat 1: 4bbc3a39 ($6.66 in chips)
Seat 2: e1e4878d ($10.31 in chips)
Seat 3: Hero ($7.63 in chips)
Seat 5: a16c3216 ($5 in chips)
e1e4878d: posts small blind $0.02
Hero: posts big blind $0.05
*** HOLE CARDS ***
Dealt to 4bbc3a39 
Dealt to e1e4878d 
Dealt to Hero [8c Th]
Dealt to a16c3216 
a16c3216: folds
4bbc3a39: raises $0.07 to $0.12
e1e4878d: folds
Hero: folds
Uncalled bet ($0.07) returned to 4bbc3a39
*** SHOWDOWN ***
4bbc3a39 collected $0.12 from pot
*** SUMMARY ***
Total pot $0.12 | Rake $0 | Jackpot $0 | Bingo $0 | Fortune $0
Seat 1: 4bbc3a39 (button) collected ($0.12)
Seat 2: e1e4878d (small blind) folded before Flop
Seat 3: Hero (big blind) folded before Flop
Seat 5: a16c3216 folded before Flop (didn't bet)


Poker Hand #HD1144477203: Hold'em No Limit  ($0.02/$0.05) - 2023/03/03 18:04:39
Table 'NLHBlue119' 6-max Seat #5 is the button
Seat 1: 4bbc3a39 ($6.68 in chips)
Seat 2: e1e4878d ($6.08 in chips)
Seat 3: Hero ($7.75 in chips)
Seat 4: 7238f65f ($3.84 in chips)
Seat 5: a16c3216 ($5.52 in chips)
4bbc3a39: posts small blind $0.02
e1e4878d: posts big blind $0.05
*** HOLE CARDS ***
Dealt to 4bbc3a39 
Dealt to e1e4878d 
Dealt to Hero [9h Kh]
Dealt to 7238f65f 
Dealt to a16c3216 
Hero: raises $0.07 to $0.12
7238f65f: calls $0.12
a16c3216: calls $0.12
4bbc3a39: folds
e1e4878d: raises $0.6 to $0.72
Hero: folds
7238f65f: calls $0.6
a16c3216: calls $0.6
*** FLOP *** [6d 4s 6c]
e1e4878d: checks
7238f65f: bets $3.12 and is all-in
a16c3216: folds
e1e4878d: calls $3.12
7238f65f: shows [8d 8s] (Pair of Eights and Pair of Sixes)
e1e4878d: shows [As Ah] (Pair of Aces and Pair of Sixes)
*** TURN *** [6d 4s 6c] [4d]
*** RIVER *** [6d 4s 6c 4d] [Td]
*** SHOWDOWN ***
e1e4878d collected $8.07 from pot
*** SUMMARY ***
Total pot $8.54 | Rake $0.42 | Jackpot $0.05 | Bingo $0 | Fortune $0
Board [6d 4s 6c 4d Td]
Seat 1: 4bbc3a39 (small blind) folded before Flop
Seat 2: e1e4878d (big blind) showed [As Ah] and won ($8.07) with Pair of Aces and Pair of Sixes
Seat 3: Hero folded before Flop
Seat 4: 7238f65f showed [8d 8s] and lost with Pair of Eights and Pair of Sixes
Seat 5: a16c3216 (button) folded on the Flop


Poker Hand #HD1144477126: Hold'em No Limit  ($0.02/$0.05) - 2023/03/03 18:04:04
Table 'NLHBlue119' 6-max Seat #4 is the button
Seat 1: 4bbc3a39 ($6.73 in chips)
Seat 2: e1e4878d ($6.08 in chips)
Seat 3: Hero ($7.59 in chips)
Seat 4: 7238f65f ($3.84 in chips)
Seat 5: a16c3216 ($5.64 in chips)
a16c3216: posts small blind $0.02
4bbc3a39: posts big blind $0.05
*** HOLE CARDS ***
Dealt to 4bbc3a39 
Dealt to e1e4878d 
Dealt to Hero [Jd Ah]
Dealt to 7238f65f 
Dealt to a16c3216 
e1e4878d: folds
Hero: raises $0.07 to $0.12
7238f65f: folds
a16c3216: calls $0.1
4bbc3a39: folds
*** FLOP *** [Js 3s 2h]
a16c3216: checks
Hero: bets $0.14
a16c3216: folds
Uncalled bet ($0.14) returned to Hero
*** SHOWDOWN ***
Hero collected $0.28 from pot
*** SUMMARY ***
Total pot $0.29 | Rake $0.01 | Jackpot $0 | Bingo $0 | Fortune $0
Board [Js 3s 2h]
Seat 1: 4bbc3a39 (big blind) folded before Flop
Seat 2: e1e4878d folded before Flop (didn't bet)
Seat 3: Hero won ($0.28)
Seat 4: 7238f65f (button) folded before Flop (didn't bet)
Seat 5: a16c3216 (small blind) folded on the Flop


Poker Hand #HD1144476995: Hold'em No Limit  ($0.02/$0.05) - 2023/03/03 18:03:15
Table 'NLHBlue119' 6-max Seat #3 is the button
Seat 1: 4bbc3a39 ($6.73 in chips)
Seat 2: e1e4878d ($6.08 in chips)
Seat 3: Hero ($7.59 in chips)
Seat 4: 7238f65f ($3.97 in chips)
Seat 5: a16c3216 ($5.52 in chips)
7238f65f: posts small blind $0.02
a16c3216: posts big blind $0.05
*** HOLE CARDS ***
Dealt to 4bbc3a39 
Dealt to e1e4878d 
Dealt to Hero [4s 9h]
Dealt to 7238f65f 
Dealt to a16c3216 
4bbc3a39: folds
e1e4878d: folds
Hero: folds
7238f65f: calls $0.03
a16c3216: checks
*** FLOP *** [Qd 7c Qh]
7238f65f: checks
a16c3216: checks
*** TURN *** [Qd 7c Qh] [3s]
7238f65f: checks
a16c3216: checks
*** RIVER *** [Qd 7c Qh 3s] [5d]
7238f65f: checks
a16c3216: bets $0.08
7238f65f: calls $0.08
a16c3216: shows [4d Qs] (Three Queens)
7238f65f: shows [Kd 5s] (Pair of Queens and Pair of Fives)
*** SHOWDOWN ***
a16c3216 collected $0.25 from pot
*** SUMMARY ***
Total pot $0.26 | Rake $0.01 | Jackpot $0 | Bingo $0 | Fortune $0
Board [Qd 7c Qh 3s 5d]
Seat 1: 4bbc3a39 folded before Flop (didn't bet)
Seat 2: e1e4878d folded before Flop (didn't bet)
Seat 3: Hero (button) folded before Flop (didn't bet)
Seat 4: 7238f65f (small blind) showed [Kd 5s] and lost with Pair of Queens and Pair of Fives
Seat 5: a16c3216 (big blind) showed [4d Qs] and won ($0.25) with Three Queens


Poker Hand #HD1144476942: Hold'em No Limit  ($0.02/$0.05) - 2023/03/03 18:02:58
Table 'NLHBlue119' 6-max Seat #2 is the button
Seat 1: 4bbc3a39 ($6.73 in chips)
Seat 2: e1e4878d ($6.01 in chips)
Seat 3: Hero ($7.61 in chips)
Seat 4: 7238f65f ($4.02 in chips)
Seat 5: a16c3216 ($5.52 in chips)
Hero: posts small blind $0.02
7238f65f: posts big blind $0.05
*** HOLE CARDS ***
Dealt to 4bbc3a39 
Dealt to e1e4878d 
Dealt to Hero [5c 9d]
Dealt to 7238f65f 
Dealt to a16c3216 
a16c3216: folds
4bbc3a39: folds
e1e4878d: raises $0.1 to $0.15
Hero: folds
7238f65f: folds
Uncalled bet ($0.1) returned to e1e4878d
*** SHOWDOWN ***
e1e4878d collected $0.12 from pot
*** SUMMARY ***
Total pot $0.12 | Rake $0 | Jackpot $0 | Bingo $0 | Fortune $0
Seat 1: 4bbc3a39 folded before Flop (didn't bet)
Seat 2: e1e4878d (button) collected ($0.12)
Seat 3: Hero (small blind) folded before Flop
Seat 4: 7238f65f (big blind) folded before Flop
Seat 5: a16c3216 folded before Flop (didn't bet)


Poker Hand #HD1144476889: Hold'em No Limit  ($0.02/$0.05) - 2023/03/03 18:02:39
Table 'NLHBlue119' 6-max Seat #1 is the button
Seat 1: 4bbc3a39 ($6.73 in chips)
Seat 2: e1e4878d ($6.03 in chips)
Seat 3: Hero ($7.59 in chips)
Seat 4: 7238f65f ($4.02 in chips)
Seat 5: a16c3216 ($5.52 in chips)
e1e4878d: posts small blind $0.02
Hero: posts big blind $0.05
*** HOLE CARDS ***
Dealt to 4bbc3a39 
Dealt to e1e4878d 
Dealt to Hero [Kd 5d]
Dealt to 7238f65f 
Dealt to a16c3216 
7238f65f: folds
a16c3216: folds
4bbc3a39: folds
e1e4878d: folds
Uncalled bet ($0.03) returned to Hero
*** SHOWDOWN ***
Hero collected $0.04 from pot
*** SUMMARY ***
Total pot $0.04 | Rake $0 | Jackpot $0 | Bingo $0 | Fortune $0
Seat 1: 4bbc3a39 (button) folded before Flop (didn't bet)
Seat 2: e1e4878d (small blind) folded before Flop
Seat 3: Hero (big blind) collected ($0.04)
Seat 4: 7238f65f folded before Flop (didn't bet)
Seat 5: a16c3216 folded before Flop (didn't bet)


Poker Hand #HD1144476807: Hold'em No Limit  ($0.02/$0.05) - 2023/03/03 18:02:08
Table 'NLHBlue119' 6-max Seat #5 is the button
Seat 1: 4bbc3a39 ($6.75 in chips)
Seat 2: e1e4878d ($6.08 in chips)
Seat 3: Hero ($7.52 in chips)
Seat 4: 7238f65f ($4.02 in chips)
Seat 5: a16c3216 ($5.52 in chips)
4bbc3a39: posts small blind $0.02
e1e4878d: posts big blind $0.05
*** HOLE CARDS ***
Dealt to 4bbc3a39 
Dealt to e1e4878d 
Dealt to Hero [Qd Kd]
Dealt to 7238f65f 
Dealt to a16c3216 
Hero: raises $0.07 to $0.12
7238f65f: folds
a16c3216: folds
4bbc3a39: folds
e1e4878d: folds
Uncalled bet ($0.07) returned to Hero
*** SHOWDOWN ***
Hero collected $0.12 from pot
*** SUMMARY ***
Total pot $0.12 | Rake $0 | Jackpot $0 | Bingo $0 | Fortune $0
Seat 1: 4bbc3a39 (small blind) folded before Flop
Seat 2: e1e4878d (big blind) folded before Flop
Seat 3: Hero collected ($0.12)
Seat 4: 7238f65f folded before Flop (didn't bet)
Seat 5: a16c3216 (button) folded before Flop (didn't bet)


Poker Hand #HD1144476636: Hold'em No Limit  ($0.02/$0.05) - 2023/03/03 18:01:01
Table 'NLHBlue119' 6-max Seat #4 is the button
Seat 1: 4bbc3a39 ($6.75 in chips)
Seat 2: e1e4878d ($6.08 in chips)
Seat 3: Hero ($5.52 in chips)
Seat 4: 7238f65f ($4.02 in chips)
Seat 5: a16c3216 ($5.54 in chips)
Seat 6: 937c60c7 ($2.25 in chips)
a16c3216: posts small blind $0.02
937c60c7: posts big blind $0.05
*** HOLE CARDS ***
Dealt to 4bbc3a39 
Dealt to e1e4878d 
Dealt to Hero [Qh Qc]
Dealt to 7238f65f 
Dealt to a16c3216 
Dealt to 937c60c7 
4bbc3a39: folds
e1e4878d: folds
Hero: raises $0.07 to $0.12
7238f65f: folds
a16c3216: folds
937c60c7: raises $0.26 to $0.38
Hero: raises $5.14 to $5.52 and is all-in
937c60c7: calls $1.87 and is all-in
Uncalled bet ($3.27) returned to Hero
Hero: shows [Qh Qc]
937c60c7: shows [5s Ad]
*** FIRST FLOP *** [9h 5h 4h]
*** FIRST TURN *** [9h 5h 4h] [Kc]
*** FIRST RIVER *** [9h 5h 4h Kc] [3d]
*** SECOND FLOP *** [8d 2s 5d]
*** SECOND TURN *** [8d 2s 5d] [7h]
*** SECOND RIVER *** [8d 2s 5d 7h] [Td]
*** FIRST SHOWDOWN ***
Hero collected $2.13 from pot
*** SECOND SHOWDOWN ***
Hero collected $2.12 from pot
*** SUMMARY ***
Total pot $4.52 | Rake $0.22 | Jackpot $0.05 | Bingo $0 | Fortune $0
Hand was run two times
FIRST Board [9h 5h 4h Kc 3d]
SECOND Board [8d 2s 5d 7h Td]
Seat 1: 4bbc3a39 folded before Flop (didn't bet)
Seat 2: e1e4878d folded before Flop (didn't bet)
Seat 3: Hero showed [Qh Qc] and won ($2.13) with Pair of Queens, and won ($2.12) with Pair of Queens
Seat 4: 7238f65f (button) folded before Flop (didn't bet)
Seat 5: a16c3216 (small blind) folded before Flop
Seat 6: 937c60c7 (big blind) showed [5s Ad] and lost with Pair of Fives, and lost with Pair of Fives


Poker Hand #HD1144476559: Hold'em No Limit  ($0.02/$0.05) - 2023/03/03 18:00:34
Table 'NLHBlue119' 6-max Seat #3 is the button
Seat 1: 4bbc3a39 ($6.75 in chips)
Seat 2: e1e4878d ($6.08 in chips)
Seat 3: Hero ($5.36 in chips)
Seat 4: 7238f65f ($4.14 in chips)
Seat 5: a16c3216 ($5.59 in chips)
7238f65f: posts small blind $0.02
a16c3216: posts big blind $0.05
*** HOLE CARDS ***
Dealt to 4bbc3a39 
Dealt to e1e4878d 
Dealt to Hero [Jd Jh]
Dealt to 7238f65f 
Dealt to a16c3216 
4bbc3a39: folds
e1e4878d: folds
Hero: raises $0.07 to $0.12
7238f65f: calls $0.1
a16c3216: folds
*** FLOP *** [7h 3h 7d]
7238f65f: checks
Hero: bets $0.22
7238f65f: folds
Uncalled bet ($0.22) returned to Hero
*** SHOWDOWN ***
Hero collected $0.28 from pot
*** SUMMARY ***
Total pot $0.29 | Rake $0.01 | Jackpot $0 | Bingo $0 | Fortune $0
Board [7h 3h 7d]
Seat 1: 4bbc3a39 folded before Flop (didn't bet)
Seat 2: e1e4878d folded before Flop (didn't bet)
Seat 3: Hero (button) won ($0.28)
Seat 4: 7238f65f (small blind) folded on the Flop
Seat 5: a16c3216 (big blind) folded before Flop


Poker Hand #HD1144476490: Hold'em No Limit  ($0.02/$0.05) - 2023/03/03 18:00:09
Table 'NLHBlue119' 6-max Seat #2 is the button
Seat 1: 4bbc3a39 ($6.75 in chips)
Seat 2: e1e4878d ($6.08 in chips)
Seat 3: Hero ($5.38 in chips)
Seat 4: 7238f65f ($4.12 in chips)
Seat 5: a16c3216 ($5.59 in chips)
Hero: posts small blind $0.02
7238f65f: posts big blind $0.05
*** HOLE CARDS ***
Dealt to 4bbc3a39 
Dealt to e1e4878d 
Dealt to Hero [5c Td]
Dealt to 7238f65f 
Dealt to a16c3216 
a16c3216: folds
4bbc3a39: folds
e1e4878d: folds
Hero: folds
Uncalled bet ($0.03) returned to 7238f65f
*** SHOWDOWN ***
7238f65f collected $0.04 from pot
*** SUMMARY ***
Total pot $0.04 | Rake $0 | Jackpot $0 | Bingo $0 | Fortune $0
Seat 1: 4bbc3a39 folded before Flop (didn't bet)
Seat 2: e1e4878d (button) folded before Flop (didn't bet)
Seat 3: Hero (small blind) folded before Flop
Seat 4: 7238f65f (big blind) collected ($0.04)
Seat 5: a16c3216 folded before Flop (didn't bet)


Poker Hand #HD1144476461: Hold'em No Limit  ($0.02/$0.05) - 2023/03/03 17:59:57
Table 'NLHBlue119' 6-max Seat #1 is the button
Seat 1: 4bbc3a39 ($6.75 in chips)
Seat 2: e1e4878d ($6.1 in chips)
Seat 3: Hero ($5.36 in chips)
Seat 4: 7238f65f ($4.12 in chips)
Seat 5: a16c3216 ($5.59 in chips)
e1e4878d: posts small blind $0.02
Hero: posts big blind $0.05
*** HOLE CARDS ***
Dealt to 4bbc3a39 
Dealt to e1e4878d 
Dealt to Hero [Ts Ah]
Dealt to 7238f65f 
Dealt to a16c3216 
7238f65f: folds
a16c3216: folds
4bbc3a39: folds
e1e4878d: folds
Uncalled bet ($0.03) returned to Hero
*** SHOWDOWN ***
Hero collected $0.04 from pot
*** SUMMARY ***
Total pot $0.04 | Rake $0 | Jackpot $0 | Bingo $0 | Fortune $0
Seat 1: 4bbc3a39 (button) folded before Flop (didn't bet)
Seat 2: e1e4878d (small blind) folded before Flop
Seat 3: Hero (big blind) collected ($0.04)
Seat 4: 7238f65f folded before Flop (didn't bet)
Seat 5: a16c3216 folded before Flop (didn't bet)


Poker Hand #HD1144476388: Hold'em No Limit  ($0.02/$0.05) - 2023/03/03 17:59:30
Table 'NLHBlue119' 6-max Seat #5 is the button
Seat 1: 4bbc3a39 ($6.8 in chips)
Seat 2: e1e4878d ($6.1 in chips)
Seat 3: Hero ($5.36 in chips)
Seat 4: 7238f65f ($4.05 in chips)
Seat 5: a16c3216 ($5.59 in chips)
Seat 6: 1154ca73 ($2.28 in chips)
1154ca73: posts small blind $0.02
4bbc3a39: posts big blind $0.05
*** HOLE CARDS ***
Dealt to 4bbc3a39 
Dealt to e1e4878d 
Dealt to Hero [Qh 8h]
Dealt to 7238f65f 
Dealt to a16c3216 
Dealt to 1154ca73 
e1e4878d: folds
Hero: folds
7238f65f: raises $0.1 to $0.15
a16c3216: folds
1154ca73: folds
4bbc3a39: folds
Uncalled bet ($0.1) returned to 7238f65f
*** SHOWDOWN ***
7238f65f collected $0.12 from pot
*** SUMMARY ***
Total pot $0.12 | Rake $0 | Jackpot $0 | Bingo $0 | Fortune $0
Seat 1: 4bbc3a39 (big blind) folded before Flop
Seat 2: e1e4878d folded before Flop (didn't bet)
Seat 3: Hero folded before Flop (didn't bet)
Seat 4: 7238f65f collected ($0.12)
Seat 5: a16c3216 (button) folded before Flop (didn't bet)
Seat 6: 1154ca73 (small blind) folded before Flop


Poker Hand #HD1144476219: Hold'em No Limit  ($0.02/$0.05) - 2023/03/03 17:58:31
Table 'NLHBlue119' 6-max Seat #4 is the button
Seat 1: 4bbc3a39 ($6.8 in chips)
Seat 2: e1e4878d ($6.1 in chips)
Seat 3: Hero ($5.36 in chips)
Seat 4: 7238f65f ($2.86 in chips)
Seat 5: a16c3216 ($5.61 in chips)
Seat 6: 1154ca73 ($3.78 in chips)
a16c3216: posts small blind $0.02
1154ca73: posts big blind $0.05
*** HOLE CARDS ***
Dealt to 4bbc3a39 
Dealt to e1e4878d 
Dealt to Hero [5h Qh]
Dealt to 7238f65f 
Dealt to a16c3216 
Dealt to 1154ca73 
4bbc3a39: folds
e1e4878d: folds
Hero: folds
7238f65f: raises $0.1 to $0.15
a16c3216: folds
1154ca73: raises $0.35 to $0.5
7238f65f: raises $2.36 to $2.86 and is all-in
1154ca73: calls $2.36
7238f65f: shows [Ac Ks]
1154ca73: shows [Qd As]
*** FIRST FLOP *** [2d 6c 6s]
*** FIRST TURN *** [2d 6c 6s] [8h]
*** FIRST RIVER *** [2d 6c 6s 8h] [8c]
*** SECOND FLOP *** [Jc 4s 8s]
*** SECOND TURN *** [Jc 4s 8s] [6h]
*** SECOND RIVER *** [Jc 4s 8s 6h] [3d]
*** FIRST SHOWDOWN ***
7238f65f collected $1.35 from pot
1154ca73 collected $1.36 from pot
*** SECOND SHOWDOWN ***
7238f65f collected $2.7 from pot
*** SUMMARY ***
Total pot $5.74 | Rake $0.28 | Jackpot $0.05 | Bingo $0 | Fortune $0
Hand was run two times
FIRST Board [2d 6c 6s 8h 8c]
SECOND Board [Jc 4s 8s 6h 3d]
Seat 1: 4bbc3a39 folded before Flop (didn't bet)
Seat 2: e1e4878d folded before Flop (didn't bet)
Seat 3: Hero folded before Flop (didn't bet)
Seat 4: 7238f65f (button) showed [Ac Ks] and won ($1.35) with Pair of Eights and Pair of Sixes, and won ($2.7) with Ace-High
Seat 5: a16c3216 (small blind) folded before Flop
Seat 6: 1154ca73 (big blind) showed [Qd As] and won ($1.36) with Pair of Eights and Pair of Sixes, and lost with Ace-High


Poker Hand #HD1144476116: Hold'em No Limit  ($0.02/$0.05) - 2023/03/03 17:57:59
Table 'NLHBlue119' 6-max Seat #3 is the button
Seat 1: 4bbc3a39 ($6.61 in chips)
Seat 2: e1e4878d ($6.1 in chips)
Seat 3: Hero ($5.36 in chips)
Seat 4: 7238f65f ($2.88 in chips)
Seat 5: a16c3216 ($5.66 in chips)
Seat 6: 1154ca73 ($3.91 in chips)
7238f65f: posts small blind $0.02
a16c3216: posts big blind $0.05
*** HOLE CARDS ***
Dealt to 4bbc3a39 
Dealt to e1e4878d 
Dealt to Hero [Ks 9s]
Dealt to 7238f65f 
Dealt to a16c3216 
Dealt to 1154ca73 
1154ca73: raises $0.08 to $0.13
4bbc3a39: raises $0.27 to $0.4
e1e4878d: folds
Hero: folds
7238f65f: folds
a16c3216: folds
1154ca73: folds
Uncalled bet ($0.27) returned to 4bbc3a39
*** SHOWDOWN ***
4bbc3a39 collected $0.32 from pot
*** SUMMARY ***
Total pot $0.33 | Rake $0.01 | Jackpot $0 | Bingo $0 | Fortune $0
Seat 1: 4bbc3a39 collected ($0.32)
Seat 2: e1e4878d folded before Flop (didn't bet)
Seat 3: Hero (button) folded before Flop (didn't bet)
Seat 4: 7238f65f (small blind) folded before Flop
Seat 5: a16c3216 (big blind) folded before Flop
Seat 6: 1154ca73 folded before Flop


Poker Hand #HD1144476008: Hold'em No Limit  ($0.02/$0.05) - 2023/03/03 17:57:20
Table 'NLHBlue119' 6-max Seat #2 is the button
Seat 1: 4bbc3a39 ($6.38 in chips)
Seat 2: e1e4878d ($6.1 in chips)
Seat 3: Hero ($5.38 in chips)
Seat 4: 7238f65f ($2.93 in chips)
Seat 5: a16c3216 ($5.66 in chips)
Seat 6: 1154ca73 ($4.09 in chips)
Hero: posts small blind $0.02
7238f65f: posts big blind $0.05
*** HOLE CARDS ***
Dealt to 4bbc3a39 
Dealt to e1e4878d 
Dealt to Hero [6d 3d]
Dealt to 7238f65f 
Dealt to a16c3216 
Dealt to 1154ca73 
a16c3216: folds
1154ca73: calls $0.05
4bbc3a39: raises $0.13 to $0.18
e1e4878d: folds
Hero: folds
7238f65f: folds
1154ca73: calls $0.13
*** FLOP *** [Js 6s 7d]
1154ca73: checks
4bbc3a39: bets $0.22
1154ca73: folds
Uncalled bet ($0.22) returned to 4bbc3a39
*** SHOWDOWN ***
4bbc3a39 collected $0.41 from pot
*** SUMMARY ***
Total pot $0.43 | Rake $0.02 | Jackpot $0 | Bingo $0 | Fortune $0
Board [Js 6s 7d]
Seat 1: 4bbc3a39 won ($0.41)
Seat 2: e1e4878d (button) folded before Flop (didn't bet)
Seat 3: Hero (small blind) folded before Flop
Seat 4: 7238f65f (big blind) folded before Flop
Seat 5: a16c3216 folded before Flop (didn't bet)
Seat 6: 1154ca73 folded on the Flop


Poker Hand #HD1144475974: Hold'em No Limit  ($0.02/$0.05) - 2023/03/03 17:57:04
Table 'NLHBlue119' 6-max Seat #1 is the button
Seat 1: 4bbc3a39 ($6.38 in chips)
Seat 2: e1e4878d ($6.12 in chips)
Seat 3: Hero ($5.36 in chips)
Seat 4: 7238f65f ($2.93 in chips)
Seat 5: a16c3216 ($5.66 in chips)
Seat 6: 1154ca73 ($4.09 in chips)
e1e4878d: posts small blind $0.02
Hero: posts big blind $0.05
*** HOLE CARDS ***
Dealt to 4bbc3a39 
Dealt to e1e4878d 
Dealt to Hero [2s 7h]
Dealt to 7238f65f 
Dealt to a16c3216 
Dealt to 1154ca73 
7238f65f: folds
a16c3216: folds
1154ca73: folds
4bbc3a39: folds
e1e4878d: folds
Uncalled bet ($0.03) returned to Hero
*** SHOWDOWN ***
Hero collected $0.04 from pot
*** SUMMARY ***
Total pot $0.04 | Rake $0 | Jackpot $0 | Bingo $0 | Fortune $0
Seat 1: 4bbc3a39 (button) folded before Flop (didn't bet)
Seat 2: e1e4878d (small blind) folded before Flop
Seat 3: Hero (big blind) collected ($0.04)
Seat 4: 7238f65f folded before Flop (didn't bet)
Seat 5: a16c3216 folded before Flop (didn't bet)
Seat 6: 1154ca73 folded before Flop (didn't bet)


Poker Hand #HD1144475810: Hold'em No Limit  ($0.02/$0.05) - 2023/03/03 17:56:00
Table 'NLHBlue119' 6-max Seat #6 is the button
Seat 1: 4bbc3a39 ($6.4 in chips)
Seat 2: e1e4878d ($5.73 in chips)
Seat 3: Hero ($5.36 in chips)
Seat 4: 7238f65f ($2.93 in chips)
Seat 5: a16c3216 ($5.66 in chips)
Seat 6: 1154ca73 ($4.5 in chips)
4bbc3a39: posts small blind $0.02
e1e4878d: posts big blind $0.05
*** HOLE CARDS ***
Dealt to 4bbc3a39 
Dealt to e1e4878d 
Dealt to Hero [Jh 3c]
Dealt to 7238f65f 
Dealt to a16c3216 
Dealt to 1154ca73 
Hero: folds
7238f65f: folds
a16c3216: folds
1154ca73: raises $0.05 to $0.1
4bbc3a39: folds
e1e4878d: calls $0.05
*** FLOP *** [7c Tc 7h]
e1e4878d: checks
1154ca73: bets $0.1
e1e4878d: calls $0.1
*** TURN *** [7c Tc 7h] [9d]
e1e4878d: checks
1154ca73: checks
*** RIVER *** [7c Tc 7h 9d] [5s]
e1e4878d: bets $0.21
1154ca73: calls $0.21
e1e4878d: shows [Th Kh] (Pair of Tens and Pair of Sevens)
1154ca73: shows [Ad 9s] (Pair of Nines and Pair of Sevens)
*** SHOWDOWN ***
e1e4878d collected $0.8 from pot
*** SUMMARY ***
Total pot $0.84 | Rake $0.04 | Jackpot $0 | Bingo $0 | Fortune $0
Board [7c Tc 7h 9d 5s]
Seat 1: 4bbc3a39 (small blind) folded before Flop
Seat 2: e1e4878d (big blind) showed [Th Kh] and won ($0.8) with Pair of Tens and Pair of Sevens
Seat 3: Hero folded before Flop (didn't bet)
Seat 4: 7238f65f folded before Flop (didn't bet)
Seat 5: a16c3216 folded before Flop (didn't bet)
Seat 6: 1154ca73 (button) showed [Ad 9s] and lost with Pair of Nines and Pair of Sevens


Poker Hand #HD1144475759: Hold'em No Limit  ($0.02/$0.05) - 2023/03/03 17:55:43
Table 'NLHBlue119' 6-max Seat #5 is the button
Seat 1: 4bbc3a39 ($6.45 in chips)
Seat 2: e1e4878d ($5.73 in chips)
Seat 3: Hero ($5.36 in chips)
Seat 4: 7238f65f ($2.86 in chips)
Seat 5: a16c3216 ($5.66 in chips)
Seat 6: 1154ca73 ($4.52 in chips)
1154ca73: posts small blind $0.02
4bbc3a39: posts big blind $0.05
*** HOLE CARDS ***
Dealt to 4bbc3a39 
Dealt to e1e4878d 
Dealt to Hero [2s 8d]
Dealt to 7238f65f 
Dealt to a16c3216 
Dealt to 1154ca73 
e1e4878d: folds
Hero: folds
7238f65f: raises $0.1 to $0.15
a16c3216: folds
1154ca73: folds
4bbc3a39: folds
Uncalled bet ($0.1) returned to 7238f65f
*** SHOWDOWN ***
7238f65f collected $0.12 from pot
*** SUMMARY ***
Total pot $0.12 | Rake $0 | Jackpot $0 | Bingo $0 | Fortune $0
Seat 1: 4bbc3a39 (big blind) folded before Flop
Seat 2: e1e4878d folded before Flop (didn't bet)
Seat 3: Hero folded before Flop (didn't bet)
Seat 4: 7238f65f collected ($0.12)
Seat 5: a16c3216 (button) folded before Flop (didn't bet)
Seat 6: 1154ca73 (small blind) folded before Flop


Poker Hand #HD1144475651: Hold'em No Limit  ($0.02/$0.05) - 2023/03/03 17:55:04
Table 'NLHBlue119' 6-max Seat #4 is the button
Seat 1: 4bbc3a39 ($6.45 in chips)
Seat 2: e1e4878d ($5.73 in chips)
Seat 3: Hero ($5.36 in chips)
Seat 4: 7238f65f ($2.86 in chips)
Seat 5: a16c3216 ($5 in chips)
Seat 6: 1154ca73 ($5.25 in chips)
a16c3216: posts small blind $0.02
1154ca73: posts big blind $0.05
*** HOLE CARDS ***
Dealt to 4bbc3a39 
Dealt to e1e4878d 
Dealt to Hero [6h Td]
Dealt to 7238f65f 
Dealt to a16c3216 
Dealt to 1154ca73 
4bbc3a39: folds
e1e4878d: folds
Hero: folds
7238f65f: folds
a16c3216: raises $0.05 to $0.1
1154ca73: calls $0.05
*** FLOP *** [5s 6s Jc]
a16c3216: bets $0.07
1154ca73: calls $0.07
*** TURN *** [5s 6s Jc] [3s]
a16c3216: bets $0.12
1154ca73: calls $0.12
*** RIVER *** [5s 6s Jc 3s] [Qs]
a16c3216: checks
1154ca73: bets $0.44
a16c3216: calls $0.44
1154ca73: shows [Kc 5h] (Pair of Fives)
a16c3216: shows [Ts 8s] (Queen High Flush)
*** SHOWDOWN ***
a16c3216 collected $1.39 from pot
*** SUMMARY ***
Total pot $1.46 | Rake $0.07 | Jackpot $0 | Bingo $0 | Fortune $0
Board [5s 6s Jc 3s Qs]
Seat 1: 4bbc3a39 folded before Flop (didn't bet)
Seat 2: e1e4878d folded before Flop (didn't bet)
Seat 3: Hero folded before Flop (didn't bet)
Seat 4: 7238f65f (button) folded before Flop (didn't bet)
Seat 5: a16c3216 (small blind) showed [Ts 8s] and won ($1.39) with Queen High Flush
Seat 6: 1154ca73 (big blind) showed [Kc 5h] and lost with Pair of Fives


Poker Hand #HD1144415599: Hold'em No Limit  ($0.02/$0.05) - 2023/03/03 17:54:41
Table 'NLHBlue119' 6-max Seat #3 is the button
Seat 1: 4bbc3a39 ($6.45 in chips)
Seat 2: e1e4878d ($5.73 in chips)
Seat 3: Hero ($5.36 in chips)
Seat 4: 7238f65f ($2.81 in chips)
Seat 5: a16c3216 ($5 in chips)
Seat 6: 1154ca73 ($5.25 in chips)
7238f65f: posts small blind $0.02
a16c3216: posts big blind $0.05
*** HOLE CARDS ***
Dealt to 4bbc3a39 
Dealt to e1e4878d 
Dealt to Hero [Qc 7s]
Dealt to 7238f65f 
Dealt to a16c3216 
Dealt to 1154ca73 
1154ca73: folds
4bbc3a39: folds
e1e4878d: folds
Hero: folds
7238f65f: raises $0.1 to $0.15
a16c3216: folds
Uncalled bet ($0.1) returned to 7238f65f
*** SHOWDOWN ***
7238f65f collected $0.1 from pot
*** SUMMARY ***
Total pot $0.1 | Rake $0 | Jackpot $0 | Bingo $0 | Fortune $0
Seat 1: 4bbc3a39 folded before Flop (didn't bet)
Seat 2: e1e4878d folded before Flop (didn't bet)
Seat 3: Hero (button) folded before Flop (didn't bet)
Seat 4: 7238f65f (small blind) collected ($0.1)
Seat 5: a16c3216 (big blind) folded before Flop
Seat 6: 1154ca73 folded before Flop (didn't bet)


Poker Hand #HD1144415539: Hold'em No Limit  ($0.02/$0.05) - 2023/03/03 17:54:24
Table 'NLHBlue119' 6-max Seat #2 is the button
Seat 1: 4bbc3a39 ($6.45 in chips)
Seat 2: e1e4878d ($5.73 in chips)
Seat 3: Hero ($5.31 in chips)
Seat 4: 7238f65f ($2.86 in chips)
Seat 6: 1154ca73 ($5.25 in chips)
Hero: posts small blind $0.02
7238f65f: posts big blind $0.05
*** HOLE CARDS ***
Dealt to 4bbc3a39 
Dealt to e1e4878d 
Dealt to Hero [2s Qs]
Dealt to 7238f65f 
Dealt to 1154ca73 
1154ca73: folds
4bbc3a39: folds
e1e4878d: folds
Hero: raises $0.09 to $0.14
7238f65f: folds
Uncalled bet ($0.09) returned to Hero
*** SHOWDOWN ***
Hero collected $0.1 from pot
*** SUMMARY ***
Total pot $0.1 | Rake $0 | Jackpot $0 | Bingo $0 | Fortune $0
Seat 1: 4bbc3a39 folded before Flop (didn't bet)
Seat 2: e1e4878d (button) folded before Flop (didn't bet)
Seat 3: Hero (small blind) collected ($0.1)
Seat 4: 7238f65f (big blind) folded before Flop
Seat 6: 1154ca73 folded before Flop (didn't bet)


Poker Hand #HD1144415491: Hold'em No Limit  ($0.02/$0.05) - 2023/03/03 17:54:05
Table 'NLHBlue119' 6-max Seat #1 is the button
Seat 1: 4bbc3a39 ($6.45 in chips)
Seat 2: e1e4878d ($5.75 in chips)
Seat 3: Hero ($5.36 in chips)
Seat 4: 7238f65f ($2.86 in chips)
Seat 6: 1154ca73 ($5.18 in chips)
e1e4878d: posts small blind $0.02
Hero: posts big blind $0.05
*** HOLE CARDS ***
Dealt to 4bbc3a39 
Dealt to e1e4878d 
Dealt to Hero [7h 6d]
Dealt to 7238f65f 
Dealt to 1154ca73 
7238f65f: folds
1154ca73: raises $0.08 to $0.13
4bbc3a39: folds
e1e4878d: folds
Hero: folds
Uncalled bet ($0.08) returned to 1154ca73
*** SHOWDOWN ***
1154ca73 collected $0.12 from pot
*** SUMMARY ***
Total pot $0.12 | Rake $0 | Jackpot $0 | Bingo $0 | Fortune $0
Seat 1: 4bbc3a39 (button) folded before Flop (didn't bet)
Seat 2: e1e4878d (small blind) folded before Flop
Seat 3: Hero (big blind) folded before Flop
Seat 4: 7238f65f folded before Flop (didn't bet)
Seat 6: 1154ca73 collected ($0.12)


Poker Hand #HD1144415398: Hold'em No Limit  ($0.02/$0.05) - 2023/03/03 17:53:31
Table 'NLHBlue119' 6-max Seat #6 is the button
Seat 1: 4bbc3a39 ($6.47 in chips)
Seat 2: e1e4878d ($5.52 in chips)
Seat 3: Hero ($5.36 in chips)
Seat 4: 7238f65f ($2.86 in chips)
Seat 6: 1154ca73 ($5.41 in chips)
4bbc3a39: posts small blind $0.02
e1e4878d: posts big blind $0.05
*** HOLE CARDS ***
Dealt to 4bbc3a39 
Dealt to e1e4878d 
Dealt to Hero [Ts 9c]
Dealt to 7238f65f 
Dealt to 1154ca73 
Hero: folds
7238f65f: folds
1154ca73: raises $0.08 to $0.13
4bbc3a39: folds
e1e4878d: calls $0.08
*** FLOP *** [Jd 4s 5d]
e1e4878d: checks
1154ca73: bets $0.1
e1e4878d: raises $0.24 to $0.34
1154ca73: folds
Uncalled bet ($0.24) returned to e1e4878d
*** SHOWDOWN ***
e1e4878d collected $0.46 from pot
*** SUMMARY ***
Total pot $0.48 | Rake $0.02 | Jackpot $0 | Bingo $0 | Fortune $0
Board [Jd 4s 5d]
Seat 1: 4bbc3a39 (small blind) folded before Flop
Seat 2: e1e4878d (big blind) won ($0.46)
Seat 3: Hero folded before Flop (didn't bet)
Seat 4: 7238f65f folded before Flop (didn't bet)
Seat 6: 1154ca73 (button) folded on the Flop


Poker Hand #HD1144415332: Hold'em No Limit  ($0.02/$0.05) - 2023/03/03 17:53:09
Table 'NLHBlue119' 6-max Seat #4 is the button
Seat 1: 4bbc3a39 ($6.52 in chips)
Seat 2: e1e4878d ($5.52 in chips)
Seat 3: Hero ($5.29 in chips)
Seat 4: 7238f65f ($2.86 in chips)
Seat 6: 1154ca73 ($5.43 in chips)
1154ca73: posts small blind $0.02
4bbc3a39: posts big blind $0.05
*** HOLE CARDS ***
Dealt to 4bbc3a39 
Dealt to e1e4878d 
Dealt to Hero [Ad Qc]
Dealt to 7238f65f 
Dealt to 1154ca73 
e1e4878d: folds
Hero: raises $0.07 to $0.12
7238f65f: folds
1154ca73: folds
4bbc3a39: folds
Uncalled bet ($0.07) returned to Hero
*** SHOWDOWN ***
Hero collected $0.12 from pot
*** SUMMARY ***
Total pot $0.12 | Rake $0 | Jackpot $0 | Bingo $0 | Fortune $0
Seat 1: 4bbc3a39 (big blind) folded before Flop
Seat 2: e1e4878d folded before Flop (didn't bet)
Seat 3: Hero collected ($0.12)
Seat 4: 7238f65f (button) folded before Flop (didn't bet)
Seat 6: 1154ca73 (small blind) folded before Flop


Poker Hand #HD1144415203: Hold'em No Limit  ($0.02/$0.05) - 2023/03/03 17:52:19
Table 'NLHBlue119' 6-max Seat #3 is the button
Seat 1: 4bbc3a39 ($6.52 in chips)
Seat 2: e1e4878d ($5.22 in chips)
Seat 3: Hero ($5.29 in chips)
Seat 4: 7238f65f ($2.88 in chips)
Seat 6: 1154ca73 ($5.74 in chips)
7238f65f: posts small blind $0.02
1154ca73: posts big blind $0.05
*** HOLE CARDS ***
Dealt to 4bbc3a39 
Dealt to e1e4878d 
Dealt to Hero [7s 5s]
Dealt to 7238f65f 
Dealt to 1154ca73 
4bbc3a39: folds
e1e4878d: raises $0.1 to $0.15
Hero: folds
7238f65f: folds
1154ca73: calls $0.1
*** FLOP *** [3d Qs Kc]
1154ca73: checks
e1e4878d: bets $0.16
1154ca73: calls $0.16
*** TURN *** [3d Qs Kc] [Ah]
1154ca73: checks
e1e4878d: bets $0.48
1154ca73: folds
Uncalled bet ($0.48) returned to e1e4878d
*** SHOWDOWN ***
e1e4878d collected $0.61 from pot
*** SUMMARY ***
Total pot $0.64 | Rake $0.03 | Jackpot $0 | Bingo $0 | Fortune $0
Board [3d Qs Kc Ah]
Seat 1: 4bbc3a39 folded before Flop (didn't bet)
Seat 2: e1e4878d won ($0.61)
Seat 3: Hero (button) folded before Flop (didn't bet)
Seat 4: 7238f65f (small blind) folded before Flop
Seat 6: 1154ca73 (big blind) folded on the Turn


Poker Hand #HD1144415161: Hold'em No Limit  ($0.02/$0.05) - 2023/03/03 17:52:03
Table 'NLHBlue119' 6-max Seat #2 is the button
Seat 1: 4bbc3a39 ($6.52 in chips)
Seat 2: e1e4878d ($5.22 in chips)
Seat 3: Hero ($5.31 in chips)
Seat 4: 7238f65f ($2.86 in chips)
Seat 6: 1154ca73 ($5.74 in chips)
Hero: posts small blind $0.02
7238f65f: posts big blind $0.05
*** HOLE CARDS ***
Dealt to 4bbc3a39 
Dealt to e1e4878d 
Dealt to Hero [2d 3h]
Dealt to 7238f65f 
Dealt to 1154ca73 
1154ca73: folds
4bbc3a39: folds
e1e4878d: folds
Hero: folds
Uncalled bet ($0.03) returned to 7238f65f
*** SHOWDOWN ***
7238f65f collected $0.04 from pot
*** SUMMARY ***
Total pot $0.04 | Rake $0 | Jackpot $0 | Bingo $0 | Fortune $0
Seat 1: 4bbc3a39 folded before Flop (didn't bet)
Seat 2: e1e4878d (button) folded before Flop (didn't bet)
Seat 3: Hero (small blind) folded before Flop
Seat 4: 7238f65f (big blind) collected ($0.04)
Seat 6: 1154ca73 folded before Flop (didn't bet)


Poker Hand #HD1144415033: Hold'em No Limit  ($0.02/$0.05) - 2023/03/03 17:51:08
Table 'NLHBlue119' 6-max Seat #1 is the button
Seat 1: 4bbc3a39 ($6.52 in chips)
Seat 2: e1e4878d ($5.24 in chips)
Seat 3: Hero ($5.01 in chips)
Seat 4: 7238f65f ($3.01 in chips)
Seat 6: 1154ca73 ($5.89 in chips)
e1e4878d: posts small blind $0.02
Hero: posts big blind $0.05
*** HOLE CARDS ***
Dealt to 4bbc3a39 
Dealt to e1e4878d 
Dealt to Hero [Kh Jc]
Dealt to 7238f65f 
Dealt to 1154ca73 
7238f65f: raises $0.1 to $0.15
1154ca73: calls $0.15
4bbc3a39: folds
e1e4878d: folds
Hero: calls $0.1
*** FLOP *** [Jd Ks 8c]
Hero: checks
7238f65f: checks
1154ca73: checks
*** TURN *** [Jd Ks 8c] [Qh]
Hero: bets $0.24
7238f65f: folds
1154ca73: folds
Uncalled bet ($0.24) returned to Hero
*** SHOWDOWN ***
Hero collected $0.45 from pot
*** SUMMARY ***
Total pot $0.47 | Rake $0.02 | Jackpot $0 | Bingo $0 | Fortune $0
Board [Jd Ks 8c Qh]
Seat 1: 4bbc3a39 (button) folded before Flop (didn't bet)
Seat 2: e1e4878d (small blind) folded before Flop
Seat 3: Hero (big blind) won ($0.45)
Seat 4: 7238f65f folded on the Turn
Seat 6: 1154ca73 folded on the Turn


Poker Hand #HD1144414957: Hold'em No Limit  ($0.02/$0.05) - 2023/03/03 17:50:41
Table 'NLHBlue119' 6-max Seat #6 is the button
Seat 1: 4bbc3a39 ($6.54 in chips)
Seat 2: e1e4878d ($5.22 in chips)
Seat 3: Hero ($5.01 in chips)
Seat 4: 7238f65f ($3.01 in chips)
Seat 6: 1154ca73 ($5.89 in chips)
4bbc3a39: posts small blind $0.02
e1e4878d: posts big blind $0.05
*** HOLE CARDS ***
Dealt to 4bbc3a39 
Dealt to e1e4878d 
Dealt to Hero [5h Qc]
Dealt to 7238f65f 
Dealt to 1154ca73 
Hero: folds
7238f65f: folds
1154ca73: folds
4bbc3a39: folds
Uncalled bet ($0.03) returned to e1e4878d
*** SHOWDOWN ***
e1e4878d collected $0.04 from pot
*** SUMMARY ***
Total pot $0.04 | Rake $0 | Jackpot $0 | Bingo $0 | Fortune $0
Seat 1: 4bbc3a39 (small blind) folded before Flop
Seat 2: e1e4878d (big blind) collected ($0.04)
Seat 3: Hero folded before Flop (didn't bet)
Seat 4: 7238f65f folded before Flop (didn't bet)
Seat 6: 1154ca73 (button) folded before Flop (didn't bet)


Poker Hand #HD1144414878: Hold'em No Limit  ($0.02/$0.05) - 2023/03/03 17:50:08
Table 'NLHBlue119' 6-max Seat #4 is the button
Seat 1: 4bbc3a39 ($6.59 in chips)
Seat 2: e1e4878d ($5.22 in chips)
Seat 3: Hero ($5.13 in chips)
Seat 4: 7238f65f ($3.01 in chips)
Seat 6: 1154ca73 ($5.73 in chips)
1154ca73: posts small blind $0.02
4bbc3a39: posts big blind $0.05
*** HOLE CARDS ***
Dealt to 4bbc3a39 
Dealt to e1e4878d 
Dealt to Hero [Ac 8c]
Dealt to 7238f65f 
Dealt to 1154ca73 
e1e4878d: folds
Hero: raises $0.07 to $0.12
7238f65f: folds
1154ca73: calls $0.1
4bbc3a39: folds
*** FLOP *** [Td 9h 5s]
1154ca73: bets $0.15
Hero: folds
Uncalled bet ($0.15) returned to 1154ca73
*** SHOWDOWN ***
1154ca73 collected $0.28 from pot
*** SUMMARY ***
Total pot $0.29 | Rake $0.01 | Jackpot $0 | Bingo $0 | Fortune $0
Board [Td 9h 5s]
Seat 1: 4bbc3a39 (big blind) folded before Flop
Seat 2: e1e4878d folded before Flop (didn't bet)
Seat 3: Hero folded on the Flop
Seat 4: 7238f65f (button) folded before Flop (didn't bet)
Seat 6: 1154ca73 (small blind) won ($0.28)


Poker Hand #HD1144414846: Hold'em No Limit  ($0.02/$0.05) - 2023/03/03 17:49:57
Table 'NLHBlue119' 6-max Seat #3 is the button
Seat 1: 4bbc3a39 ($6.59 in chips)
Seat 2: e1e4878d ($5.22 in chips)
Seat 3: Hero ($5.13 in chips)
Seat 4: 7238f65f ($3.03 in chips)
Seat 6: 1154ca73 ($5.71 in chips)
7238f65f: posts small blind $0.02
1154ca73: posts big blind $0.05
*** HOLE CARDS ***
Dealt to 4bbc3a39 
Dealt to e1e4878d 
Dealt to Hero [2s 4s]
Dealt to 7238f65f 
Dealt to 1154ca73 
4bbc3a39: folds
e1e4878d: folds
Hero: folds
7238f65f: folds
Uncalled bet ($0.03) returned to 1154ca73
*** SHOWDOWN ***
1154ca73 collected $0.04 from pot
*** SUMMARY ***
Total pot $0.04 | Rake $0 | Jackpot $0 | Bingo $0 | Fortune $0
Seat 1: 4bbc3a39 folded before Flop (didn't bet)
Seat 2: e1e4878d folded before Flop (didn't bet)
Seat 3: Hero (button) folded before Flop (didn't bet)
Seat 4: 7238f65f (small blind) folded before Flop
Seat 6: 1154ca73 (big blind) collected ($0.04)


Poker Hand #HD1144414827: Hold'em No Limit  ($0.02/$0.05) - 2023/03/03 17:49:47
Table 'NLHBlue119' 6-max Seat #2 is the button
Seat 1: 4bbc3a39 ($6.59 in chips)
Seat 2: e1e4878d ($5.22 in chips)
Seat 3: Hero ($5.15 in chips)
Seat 4: 7238f65f ($3.01 in chips)
Seat 6: 1154ca73 ($5.71 in chips)
Hero: posts small blind $0.02
7238f65f: posts big blind $0.05
*** HOLE CARDS ***
Dealt to 4bbc3a39 
Dealt to e1e4878d 
Dealt to Hero [Jh 2c]
Dealt to 7238f65f 
Dealt to 1154ca73 
1154ca73: folds
4bbc3a39: folds
e1e4878d: folds
Hero: folds
Uncalled bet ($0.03) returned to 7238f65f
*** SHOWDOWN ***
7238f65f collected $0.04 from pot
*** SUMMARY ***
Total pot $0.04 | Rake $0 | Jackpot $0 | Bingo $0 | Fortune $0
Seat 1: 4bbc3a39 folded before Flop (didn't bet)
Seat 2: e1e4878d (button) folded before Flop (didn't bet)
Seat 3: Hero (small blind) folded before Flop
Seat 4: 7238f65f (big blind) collected ($0.04)
Seat 6: 1154ca73 folded before Flop (didn't bet)


Poker Hand #HD1144414796: Hold'em No Limit  ($0.02/$0.05) - 2023/03/03 17:49:36
Table 'NLHBlue119' 6-max Seat #1 is the button
Seat 1: 4bbc3a39 ($6.59 in chips)
Seat 2: e1e4878d ($5.24 in chips)
Seat 3: Hero ($5.13 in chips)
Seat 4: 7238f65f ($3.01 in chips)
Seat 6: 1154ca73 ($5.71 in chips)
e1e4878d: posts small blind $0.02
Hero: posts big blind $0.05
*** HOLE CARDS ***
Dealt to 4bbc3a39 
Dealt to e1e4878d 
Dealt to Hero [3d 4s]
Dealt to 7238f65f 
Dealt to 1154ca73 
7238f65f: folds
1154ca73: folds
4bbc3a39: folds
e1e4878d: folds
Uncalled bet ($0.03) returned to Hero
*** SHOWDOWN ***
Hero collected $0.04 from pot
*** SUMMARY ***
Total pot $0.04 | Rake $0 | Jackpot $0 | Bingo $0 | Fortune $0
Seat 1: 4bbc3a39 (button) folded before Flop (didn't bet)
Seat 2: e1e4878d (small blind) folded before Flop
Seat 3: Hero (big blind) collected ($0.04)
Seat 4: 7238f65f folded before Flop (didn't bet)
Seat 6: 1154ca73 folded before Flop (didn't bet)


Poker Hand #HD1144414766: Hold'em No Limit  ($0.02/$0.05) - 2023/03/03 17:49:22
Table 'NLHBlue119' 6-max Seat #6 is the button
Seat 1: 4bbc3a39 ($6.61 in chips)
Seat 2: e1e4878d ($5.22 in chips)
Seat 3: Hero ($5.13 in chips)
Seat 4: 7238f65f ($3.01 in chips)
Seat 6: 1154ca73 ($5.71 in chips)
4bbc3a39: posts small blind $0.02
e1e4878d: posts big blind $0.05
*** HOLE CARDS ***
Dealt to 4bbc3a39 
Dealt to e1e4878d 
Dealt to Hero [8d Ah]
Dealt to 7238f65f 
Dealt to 1154ca73 
Hero: folds
7238f65f: folds
1154ca73: folds
4bbc3a39: folds
Uncalled bet ($0.03) returned to e1e4878d
*** SHOWDOWN ***
e1e4878d collected $0.04 from pot
*** SUMMARY ***
Total pot $0.04 | Rake $0 | Jackpot $0 | Bingo $0 | Fortune $0
Seat 1: 4bbc3a39 (small blind) folded before Flop
Seat 2: e1e4878d (big blind) collected ($0.04)
Seat 3: Hero folded before Flop (didn't bet)
Seat 4: 7238f65f folded before Flop (didn't bet)
Seat 6: 1154ca73 (button) folded before Flop (didn't bet)


Poker Hand #HD1144414702: Hold'em No Limit  ($0.02/$0.05) - 2023/03/03 17:49:02
Table 'NLHBlue119' 6-max Seat #4 is the button
Seat 1: 4bbc3a39 ($6.66 in chips)
Seat 2: e1e4878d ($5.15 in chips)
Seat 3: Hero ($5.13 in chips)
Seat 4: 7238f65f ($3.01 in chips)
Seat 6: 1154ca73 ($5.73 in chips)
1154ca73: posts small blind $0.02
4bbc3a39: posts big blind $0.05
*** HOLE CARDS ***
Dealt to 4bbc3a39 
Dealt to e1e4878d 
Dealt to Hero [9c Th]
Dealt to 7238f65f 
Dealt to 1154ca73 
e1e4878d: raises $0.1 to $0.15
Hero: folds
7238f65f: folds
1154ca73: folds
4bbc3a39: folds
Uncalled bet ($0.1) returned to e1e4878d
*** SHOWDOWN ***
e1e4878d collected $0.12 from pot
*** SUMMARY ***
Total pot $0.12 | Rake $0 | Jackpot $0 | Bingo $0 | Fortune $0
Seat 1: 4bbc3a39 (big blind) folded before Flop
Seat 2: e1e4878d collected ($0.12)
Seat 3: Hero folded before Flop (didn't bet)
Seat 4: 7238f65f (button) folded before Flop (didn't bet)
Seat 6: 1154ca73 (small blind) folded before Flop


Poker Hand #HD1144414636: Hold'em No Limit  ($0.02/$0.05) - 2023/03/03 17:48:34
Table 'NLHBlue119' 6-max Seat #3 is the button
Seat 1: 4bbc3a39 ($6.66 in chips)
Seat 2: e1e4878d ($5.15 in chips)
Seat 3: Hero ($5 in chips)
Seat 4: 7238f65f ($3.03 in chips)
Seat 6: 1154ca73 ($5.85 in chips)
7238f65f: posts small blind $0.02
1154ca73: posts big blind $0.05
*** HOLE CARDS ***
Dealt to 4bbc3a39 
Dealt to e1e4878d 
Dealt to Hero [8c 5c]
Dealt to 7238f65f 
Dealt to 1154ca73 
4bbc3a39: folds
e1e4878d: folds
Hero: raises $0.07 to $0.12
7238f65f: folds
1154ca73: calls $0.07
*** FLOP *** [As 4d Kh]
1154ca73: checks
Hero: bets $0.1
1154ca73: folds
Uncalled bet ($0.1) returned to Hero
*** SHOWDOWN ***
Hero collected $0.25 from pot
*** SUMMARY ***
Total pot $0.26 | Rake $0.01 | Jackpot $0 | Bingo $0 | Fortune $0
Board [As 4d Kh]
Seat 1: 4bbc3a39 folded before Flop (didn't bet)
Seat 2: e1e4878d folded before Flop (didn't bet)
Seat 3: Hero (button) won ($0.25)
Seat 4: 7238f65f (small blind) folded before Flop
Seat 6: 1154ca73 (big blind) folded on the Flop


Poker Hand #HD1144414586: Hold'em No Limit  ($0.02/$0.05) - 2023/03/03 17:48:16
Table 'NLHBlue119' 6-max Seat #2 is the button
Seat 1: 4bbc3a39 ($6.66 in chips)
Seat 2: e1e4878d ($5.15 in chips)
Seat 3: Hero ($5 in chips)
Seat 4: 7238f65f ($3.08 in chips)
Seat 5: d0f3d5da ($6.89 in chips)
Seat 6: 1154ca73 ($5.78 in chips)
Hero: posts small blind $0.02
7238f65f: posts big blind $0.05
*** HOLE CARDS ***
Dealt to 4bbc3a39 
Dealt to e1e4878d 
Dealt to Hero [8s 2s]
Dealt to 7238f65f 
Dealt to d0f3d5da 
Dealt to 1154ca73 
d0f3d5da: folds
1154ca73: raises $0.08 to $0.13
4bbc3a39: folds
e1e4878d: folds
Hero: folds
7238f65f: folds
Uncalled bet ($0.08) returned to 1154ca73
*** SHOWDOWN ***
1154ca73 collected $0.12 from pot
*** SUMMARY ***
Total pot $0.12 | Rake $0 | Jackpot $0 | Bingo $0 | Fortune $0
Seat 1: 4bbc3a39 folded before Flop (didn't bet)
Seat 2: e1e4878d (button) folded before Flop (didn't bet)
Seat 3: Hero (small blind) folded before Flop
Seat 4: 7238f65f (big blind) folded before Flop
Seat 5: d0f3d5da folded before Flop (didn't bet)
Seat 6: 1154ca73 collected ($0.12)


Poker Hand #HD1144414516: Hold'em No Limit  ($0.02/$0.05) - 2023/03/03 17:47:48
Table 'NLHBlue119' 6-max Seat #1 is the button
Seat 1: 4bbc3a39 ($6.66 in chips)
Seat 2: e1e4878d ($5.17 in chips)
Seat 3: Hero ($5 in chips)
Seat 4: 7238f65f ($3.08 in chips)
Seat 5: d0f3d5da ($6.89 in chips)
Seat 6: 1154ca73 ($5.67 in chips)
e1e4878d: posts small blind $0.02
Hero: posts big blind $0.05
*** HOLE CARDS ***
Dealt to 4bbc3a39 
Dealt to e1e4878d 
Dealt to Hero [5d 7d]
Dealt to 7238f65f 
Dealt to d0f3d5da 
Dealt to 1154ca73 
7238f65f: folds
d0f3d5da: folds
1154ca73: raises $0.05 to $0.1
4bbc3a39: folds
e1e4878d: folds
Hero: calls $0.05
*** FLOP *** [2s Qs 3h]
Hero: checks
1154ca73: bets $0.1
Hero: folds
Uncalled bet ($0.1) returned to 1154ca73
*** SHOWDOWN ***
1154ca73 collected $0.21 from pot
*** SUMMARY ***
Total pot $0.22 | Rake $0.01 | Jackpot $0 | Bingo $0 | Fortune $0
Board [2s Qs 3h]
Seat 1: 4bbc3a39 (button) folded before Flop (didn't bet)
Seat 2: e1e4878d (small blind) folded before Flop
Seat 3: Hero (big blind) folded on the Flop
Seat 4: 7238f65f folded before Flop (didn't bet)
Seat 5: d0f3d5da folded before Flop (didn't bet)
Seat 6: 1154ca73 won ($0.21)


Poker Hand #HD1144414442: Hold'em No Limit  ($0.02/$0.05) - 2023/03/03 17:47:18
Table 'NLHBlue119' 6-max Seat #6 is the button
Seat 1: 4bbc3a39 ($6.68 in chips)
Seat 2: e1e4878d ($5.15 in chips)
Seat 3: Hero ($5 in chips)
Seat 4: 7238f65f ($3.08 in chips)
Seat 5: d0f3d5da ($6.89 in chips)
Seat 6: 1154ca73 ($5.67 in chips)
4bbc3a39: posts small blind $0.02
e1e4878d: posts big blind $0.05
*** HOLE CARDS ***
Dealt to 4bbc3a39 
Dealt to e1e4878d 
Dealt to Hero [Kh Jd]
Dealt to 7238f65f 
Dealt to d0f3d5da 
Dealt to 1154ca73 
Hero: folds
7238f65f: folds
d0f3d5da: folds
1154ca73: folds
4bbc3a39: folds
Uncalled bet ($0.03) returned to e1e4878d
*** SHOWDOWN ***
e1e4878d collected $0.04 from pot
*** SUMMARY ***
Total pot $0.04 | Rake $0 | Jackpot $0 | Bingo $0 | Fortune $0
Seat 1: 4bbc3a39 (small blind) folded before Flop
Seat 2: e1e4878d (big blind) collected ($0.04)
Seat 3: Hero folded before Flop (didn't bet)
Seat 4: 7238f65f folded before Flop (didn't bet)
Seat 5: d0f3d5da folded before Flop (didn't bet)
Seat 6: 1154ca73 (button) folded before Flop (didn't bet)


Poker Hand #HD1144414309: Hold'em No Limit  ($0.02/$0.05) - 2023/03/03 17:46:27
Table 'NLHBlue119' 6-max Seat #5 is the button
Seat 1: 4bbc3a39 ($6.73 in chips)
Seat 2: e1e4878d ($5.15 in chips)
Seat 3: Hero ($5 in chips)
Seat 4: 7238f65f ($2.76 in chips)
Seat 5: d0f3d5da ($6.89 in chips)
Seat 6: 1154ca73 ($5.69 in chips)
1154ca73: posts small blind $0.02
4bbc3a39: posts big blind $0.05
*** HOLE CARDS ***
Dealt to 4bbc3a39 
Dealt to e1e4878d 
Dealt to Hero [6c 6s]
Dealt to 7238f65f 
Dealt to d0f3d5da 
Dealt to 1154ca73 
e1e4878d: folds
Hero: raises $0.07 to $0.12
7238f65f: raises $0.16 to $0.28
d0f3d5da: folds
1154ca73: folds
4bbc3a39: folds
Hero: calls $0.16
*** FLOP *** [5s 7s 7d]
Hero: checks
7238f65f: bets $2.48 and is all-in
Hero: folds
Uncalled bet ($2.48) returned to 7238f65f
*** SHOWDOWN ***
7238f65f collected $0.6 from pot
*** SUMMARY ***
Total pot $0.63 | Rake $0.03 | Jackpot $0 | Bingo $0 | Fortune $0
Board [5s 7s 7d]
Seat 1: 4bbc3a39 (big blind) folded before Flop
Seat 2: e1e4878d folded before Flop (didn't bet)
Seat 3: Hero folded on the Flop
Seat 4: 7238f65f won ($0.6)
Seat 5: d0f3d5da (button) folded before Flop (didn't bet)
Seat 6: 1154ca73 (small blind) folded before Flop


Poker Hand #HD1144414193: Hold'em No Limit  ($0.02/$0.05) - 2023/03/03 17:45:42
Table 'NLHBlue119' 6-max Seat #4 is the button
Seat 1: 4bbc3a39 ($6.73 in chips)
Seat 2: e1e4878d ($5.15 in chips)
Seat 3: Hero ($5 in chips)
Seat 4: 7238f65f ($3.55 in chips)
Seat 5: d0f3d5da ($6.91 in chips)
Seat 6: 1154ca73 ($5 in chips)
d0f3d5da: posts small blind $0.02
1154ca73: posts big blind $0.05
*** HOLE CARDS ***
Dealt to 4bbc3a39 
Dealt to e1e4878d 
Dealt to Hero [Ks Td]
Dealt to 7238f65f 
Dealt to d0f3d5da 
Dealt to 1154ca73 
4bbc3a39: folds
e1e4878d: folds
Hero: folds
7238f65f: raises $0.1 to $0.15
d0f3d5da: folds
1154ca73: calls $0.1
*** FLOP *** [6c 3s 9d]
1154ca73: checks
7238f65f: bets $0.16
1154ca73: calls $0.16
*** TURN *** [6c 3s 9d] [5h]
1154ca73: checks
7238f65f: checks
*** RIVER *** [6c 3s 9d 5h] [3c]
1154ca73: bets $0.48
7238f65f: calls $0.48
1154ca73: shows [2h 4c] (Sixes-High Straight)
7238f65f: shows [Ac 6d] (Pair of Sixes and Pair of Treys)
*** SHOWDOWN ***
1154ca73 collected $1.48 from pot
*** SUMMARY ***
Total pot $1.6 | Rake $0.07 | Jackpot $0.05 | Bingo $0 | Fortune $0
Board [6c 3s 9d 5h 3c]
Seat 1: 4bbc3a39 folded before Flop (didn't bet)
Seat 2: e1e4878d folded before Flop (didn't bet)
Seat 3: Hero folded before Flop (didn't bet)
Seat 4: 7238f65f (button) showed [Ac 6d] and lost with Pair of Sixes and Pair of Treys
Seat 5: d0f3d5da (small blind) folded before Flop
Seat 6: 1154ca73 (big blind) showed [2h 4c] and won ($1.48) with Sixes-High Straight


Poker Hand #HD1144414141: Hold'em No Limit  ($0.02/$0.05) - 2023/03/03 17:45:24
Table 'NLHBlue119' 6-max Seat #3 is the button
Seat 1: 4bbc3a39 ($6.73 in chips)
Seat 2: e1e4878d ($5.15 in chips)
Seat 3: Hero ($5 in chips)
Seat 4: 7238f65f ($3.57 in chips)
Seat 5: d0f3d5da ($6.89 in chips)
7238f65f: posts small blind $0.02
d0f3d5da: posts big blind $0.05
*** HOLE CARDS ***
Dealt to 4bbc3a39 
Dealt to e1e4878d 
Dealt to Hero [Qh 3d]
Dealt to 7238f65f 
Dealt to d0f3d5da 
4bbc3a39: folds
e1e4878d: folds
Hero: folds
7238f65f: folds
Uncalled bet ($0.03) returned to d0f3d5da
*** SHOWDOWN ***
d0f3d5da collected $0.04 from pot
*** SUMMARY ***
Total pot $0.04 | Rake $0 | Jackpot $0 | Bingo $0 | Fortune $0
Seat 1: 4bbc3a39 folded before Flop (didn't bet)
Seat 2: e1e4878d folded before Flop (didn't bet)
Seat 3: Hero (button) folded before Flop (didn't bet)
Seat 4: 7238f65f (small blind) folded before Flop
Seat 5: d0f3d5da (big blind) collected ($0.04)


Poker Hand #HD1144414028: Hold'em No Limit  ($0.02/$0.05) - 2023/03/03 17:44:39
Table 'NLHBlue119' 6-max Seat #2 is the button
Seat 1: 4bbc3a39 ($6.94 in chips)
Seat 2: e1e4878d ($5.15 in chips)
Seat 3: Hero ($5 in chips)
Seat 4: 7238f65f ($3.36 in chips)
Seat 5: d0f3d5da ($6.89 in chips)
Hero: posts small blind $0.02
7238f65f: posts big blind $0.05
*** HOLE CARDS ***
Dealt to 4bbc3a39 
Dealt to e1e4878d 
Dealt to Hero [2s 2h]
Dealt to 7238f65f 
Dealt to d0f3d5da 
d0f3d5da: folds
4bbc3a39: raises $0.07 to $0.12
e1e4878d: folds
Hero: folds
7238f65f: calls $0.07
*** FLOP *** [6d 6c Ah]
7238f65f: checks
4bbc3a39: bets $0.09
7238f65f: raises $0.22 to $0.31
4bbc3a39: folds
Uncalled bet ($0.22) returned to 7238f65f
*** SHOWDOWN ***
7238f65f collected $0.42 from pot
*** SUMMARY ***
Total pot $0.44 | Rake $0.02 | Jackpot $0 | Bingo $0 | Fortune $0
Board [6d 6c Ah]
Seat 1: 4bbc3a39 folded on the Flop
Seat 2: e1e4878d (button) folded before Flop (didn't bet)
Seat 3: Hero (small blind) folded before Flop
Seat 4: 7238f65f (big blind) won ($0.42)
Seat 5: d0f3d5da folded before Flop (didn't bet)


Poker Hand #HD1144413984: Hold'em No Limit  ($0.02/$0.05) - 2023/03/03 17:44:22
Table 'NLHBlue119' 6-max Seat #1 is the button
Seat 1: 4bbc3a39 ($6.87 in chips)
Seat 2: e1e4878d ($5.17 in chips)
Seat 3: Hero ($5.01 in chips)
Seat 4: 7238f65f ($3.36 in chips)
Seat 5: d0f3d5da ($6.89 in chips)
e1e4878d: posts small blind $0.02
Hero: posts big blind $0.05
*** HOLE CARDS ***
Dealt to 4bbc3a39 
Dealt to e1e4878d 
Dealt to Hero [Qh 2s]
Dealt to 7238f65f 
Dealt to d0f3d5da 
7238f65f: folds
d0f3d5da: folds
4bbc3a39: raises $0.07 to $0.12
e1e4878d: folds
Hero: folds
Uncalled bet ($0.07) returned to 4bbc3a39
*** SHOWDOWN ***
4bbc3a39 collected $0.12 from pot
*** SUMMARY ***
Total pot $0.12 | Rake $0 | Jackpot $0 | Bingo $0 | Fortune $0
Seat 1: 4bbc3a39 (button) collected ($0.12)
Seat 2: e1e4878d (small blind) folded before Flop
Seat 3: Hero (big blind) folded before Flop
Seat 4: 7238f65f folded before Flop (didn't bet)
Seat 5: d0f3d5da folded before Flop (didn't bet)


Poker Hand #HD1144413877: Hold'em No Limit  ($0.02/$0.05) - 2023/03/03 17:43:42
Table 'NLHBlue119' 6-max Seat #5 is the button
Seat 1: 4bbc3a39 ($6.89 in chips)
Seat 2: e1e4878d ($5.22 in chips)
Seat 3: Hero ($5.13 in chips)
Seat 4: 7238f65f ($3.48 in chips)
Seat 5: d0f3d5da ($6.6 in chips)
4bbc3a39: posts small blind $0.02
e1e4878d: posts big blind $0.05
*** HOLE CARDS ***
Dealt to 4bbc3a39 
Dealt to e1e4878d 
Dealt to Hero [Qd Td]
Dealt to 7238f65f 
Dealt to d0f3d5da 
Hero: raises $0.07 to $0.12
7238f65f: calls $0.12
d0f3d5da: raises $0.48 to $0.6
4bbc3a39: folds
e1e4878d: folds
Hero: folds
7238f65f: folds
Uncalled bet ($0.48) returned to d0f3d5da
*** SHOWDOWN ***
d0f3d5da collected $0.41 from pot
*** SUMMARY ***
Total pot $0.43 | Rake $0.02 | Jackpot $0 | Bingo $0 | Fortune $0
Seat 1: 4bbc3a39 (small blind) folded before Flop
Seat 2: e1e4878d (big blind) folded before Flop
Seat 3: Hero folded before Flop
Seat 4: 7238f65f folded before Flop
Seat 5: d0f3d5da (button) collected ($0.41)


Poker Hand #HD1144413828: Hold'em No Limit  ($0.02/$0.05) - 2023/03/03 17:43:22
Table 'NLHBlue119' 6-max Seat #4 is the button
Seat 1: 4bbc3a39 ($6.94 in chips)
Seat 2: e1e4878d ($5.22 in chips)
Seat 3: Hero ($5.13 in chips)
Seat 4: 7238f65f ($3.48 in chips)
Seat 5: d0f3d5da ($6.55 in chips)
d0f3d5da: posts small blind $0.02
4bbc3a39: posts big blind $0.05
*** HOLE CARDS ***
Dealt to 4bbc3a39 
Dealt to e1e4878d 
Dealt to Hero [Ah 3c]
Dealt to 7238f65f 
Dealt to d0f3d5da 
e1e4878d: folds
Hero: folds
7238f65f: folds
d0f3d5da: raises $0.1 to $0.15
4bbc3a39: folds
Uncalled bet ($0.1) returned to d0f3d5da
*** SHOWDOWN ***
d0f3d5da collected $0.1 from pot
*** SUMMARY ***
Total pot $0.1 | Rake $0 | Jackpot $0 | Bingo $0 | Fortune $0
Seat 1: 4bbc3a39 (big blind) folded before Flop
Seat 2: e1e4878d folded before Flop (didn't bet)
Seat 3: Hero folded before Flop (didn't bet)
Seat 4: 7238f65f (button) folded before Flop (didn't bet)
Seat 5: d0f3d5da (small blind) collected ($0.1)


Poker Hand #HD1144413619: Hold'em No Limit  ($0.02/$0.05) - 2023/03/03 17:41:59
Table 'NLHBlue119' 6-max Seat #3 is the button
Seat 1: 4bbc3a39 ($6.58 in chips)
Seat 2: e1e4878d ($5.22 in chips)
Seat 3: Hero ($5.13 in chips)
Seat 4: 7238f65f ($3.5 in chips)
Seat 5: d0f3d5da ($6.92 in chips)
7238f65f: posts small blind $0.02
d0f3d5da: posts big blind $0.05
*** HOLE CARDS ***
Dealt to 4bbc3a39 
Dealt to e1e4878d 
Dealt to Hero [Ac 7d]
Dealt to 7238f65f 
Dealt to d0f3d5da 
4bbc3a39: raises $0.05 to $0.1
e1e4878d: folds
Hero: folds
7238f65f: folds
d0f3d5da: calls $0.05
*** FLOP *** [4c Td 5c]
d0f3d5da: checks
4bbc3a39: bets $0.08
d0f3d5da: calls $0.08
*** TURN *** [4c Td 5c] [8h]
d0f3d5da: checks
4bbc3a39: checks
*** RIVER *** [4c Td 5c 8h] [9d]
d0f3d5da: bets $0.19
4bbc3a39: raises $0.44 to $0.63
d0f3d5da: folds
Uncalled bet ($0.44) returned to 4bbc3a39
*** SHOWDOWN ***
4bbc3a39 collected $0.73 from pot
*** SUMMARY ***
Total pot $0.76 | Rake $0.03 | Jackpot $0 | Bingo $0 | Fortune $0
Board [4c Td 5c 8h 9d]
Seat 1: 4bbc3a39 won ($0.73)
Seat 2: e1e4878d folded before Flop (didn't bet)
Seat 3: Hero (button) folded before Flop (didn't bet)
Seat 4: 7238f65f (small blind) folded before Flop
Seat 5: d0f3d5da (big blind) folded on the River


Poker Hand #HD1144413549: Hold'em No Limit  ($0.02/$0.05) - 2023/03/03 17:41:31
Table 'NLHBlue119' 6-max Seat #2 is the button
Seat 1: 4bbc3a39 ($6.58 in chips)
Seat 2: e1e4878d ($5.22 in chips)
Seat 3: Hero ($5 in chips)
Seat 4: 7238f65f ($3.64 in chips)
Seat 5: d0f3d5da ($6.92 in chips)
Hero: posts small blind $0.02
7238f65f: posts big blind $0.05
*** HOLE CARDS ***
Dealt to 4bbc3a39 
Dealt to e1e4878d 
Dealt to Hero [Ah Qh]
Dealt to 7238f65f 
Dealt to d0f3d5da 
d0f3d5da: folds
4bbc3a39: folds
e1e4878d: folds
Hero: raises $0.09 to $0.14
7238f65f: calls $0.09
*** FLOP *** [8c 8h 6d]
Hero: bets $0.1
7238f65f: folds
Uncalled bet ($0.1) returned to Hero
*** SHOWDOWN ***
Hero collected $0.27 from pot
*** SUMMARY ***
Total pot $0.28 | Rake $0.01 | Jackpot $0 | Bingo $0 | Fortune $0
Board [8c 8h 6d]
Seat 1: 4bbc3a39 folded before Flop (didn't bet)
Seat 2: e1e4878d (button) folded before Flop (didn't bet)
Seat 3: Hero (small blind) won ($0.27)
Seat 4: 7238f65f (big blind) folded on the Flop
Seat 5: d0f3d5da folded before Flop (didn't bet)


Poker Hand #HD1144413346: Hold'em No Limit  ($0.02/$0.05) - 2023/03/03 17:40:17
Table 'NLHBlue119' 6-max Seat #1 is the button
Seat 1: 4bbc3a39 ($6.58 in chips)
Seat 2: e1e4878d ($5.24 in chips)
Seat 3: Hero ($5 in chips)
Seat 4: 7238f65f ($3.64 in chips)
Seat 5: d0f3d5da ($5.92 in chips)
Seat 6: 7c498334 ($5 in chips)
e1e4878d: posts small blind $0.02
Hero: posts big blind $0.05
*** HOLE CARDS ***
Dealt to 4bbc3a39 
Dealt to e1e4878d 
Dealt to Hero [Qs Th]
Dealt to 7238f65f 
Dealt to d0f3d5da 
Dealt to 7c498334 
7238f65f: folds
d0f3d5da: raises $0.08 to $0.13
7c498334: folds
4bbc3a39: folds
e1e4878d: folds
Hero: calls $0.08
*** FLOP *** [Kd Jd Qc]
Hero: checks
d0f3d5da: bets $0.09
Hero: calls $0.09
*** TURN *** [Kd Jd Qc] [4h]
Hero: checks
d0f3d5da: bets $0.23
Hero: calls $0.23
*** RIVER *** [Kd Jd Qc 4h] [9d]
Hero: checks
d0f3d5da: bets $0.69
Hero: calls $0.69
d0f3d5da: shows [Ad Qd] (Ace High Flush)
Hero: shows [Qs Th] (Kings-High Straight)
*** SHOWDOWN ***
d0f3d5da collected $2.14 from pot
*** SUMMARY ***
Total pot $2.3 | Rake $0.11 | Jackpot $0.05 | Bingo $0 | Fortune $0
Board [Kd Jd Qc 4h 9d]
Seat 1: 4bbc3a39 (button) folded before Flop (didn't bet)
Seat 2: e1e4878d (small blind) folded before Flop
Seat 3: Hero (big blind) showed [Qs Th] and lost with Kings-High Straight
Seat 4: 7238f65f folded before Flop (didn't bet)
Seat 5: d0f3d5da showed [Ad Qd] and won ($2.14) with Ace High Flush
Seat 6: 7c498334 folded before Flop (didn't bet)


