Poker Hand #HD1170136144: Hold'em No Limit  ($0.02/$0.05) - 2023/03/21 20:21:36
Table 'NLHBlue36' 6-max Seat #6 is the button
Seat 1: 1cb71b73 ($15.98 in chips)
Seat 2: 6f2779de ($5.43 in chips)
Seat 4: Hero ($6.13 in chips)
Seat 5: 3c8e172f ($5 in chips)
Seat 6: 42195bc1 ($10.26 in chips)
1cb71b73: posts small blind $0.02
6f2779de: posts big blind $0.05
*** HOLE CARDS ***
Dealt to 1cb71b73 
Dealt to 6f2779de 
Dealt to Hero [7c 9s]
Dealt to 3c8e172f 
Dealt to 42195bc1 
Hero: folds
3c8e172f: folds
42195bc1: folds
1cb71b73: folds
Uncalled bet ($0.03) returned to 6f2779de
*** SHOWDOWN ***
6f2779de collected $0.04 from pot
*** SUMMARY ***
Total pot $0.04 | Rake $0 | Jackpot $0 | Bingo $0 | Fortune $0
Seat 1: 1cb71b73 (small blind) folded before Flop
Seat 2: 6f2779de (big blind) collected ($0.04)
Seat 4: Hero folded before Flop (didn't bet)
Seat 5: 3c8e172f folded before Flop (didn't bet)
Seat 6: 42195bc1 (button) folded before Flop (didn't bet)


Poker Hand #HD1170136101: Hold'em No Limit  ($0.02/$0.05) - 2023/03/21 20:21:19
Table 'NLHBlue36' 6-max Seat #5 is the button
Seat 1: 1cb71b73 ($16.03 in chips)
Seat 2: 6f2779de ($5.43 in chips)
Seat 4: Hero ($6.13 in chips)
Seat 5: 3c8e172f ($5 in chips)
Seat 6: 42195bc1 ($10.21 in chips)
42195bc1: posts small blind $0.02
1cb71b73: posts big blind $0.05
*** HOLE CARDS ***
Dealt to 1cb71b73 
Dealt to 6f2779de 
Dealt to Hero [2s Ts]
Dealt to 3c8e172f 
Dealt to 42195bc1 
6f2779de: folds
Hero: folds
3c8e172f: folds
42195bc1: raises $0.1 to $0.15
1cb71b73: folds
Uncalled bet ($0.1) returned to 42195bc1
*** SHOWDOWN ***
42195bc1 collected $0.1 from pot
*** SUMMARY ***
Total pot $0.1 | Rake $0 | Jackpot $0 | Bingo $0 | Fortune $0
Seat 1: 1cb71b73 (big blind) folded before Flop
Seat 2: 6f2779de folded before Flop (didn't bet)
Seat 4: Hero folded before Flop (didn't bet)
Seat 5: 3c8e172f (button) folded before Flop (didn't bet)
Seat 6: 42195bc1 (small blind) collected ($0.1)


Poker Hand #HD1170135885: Hold'em No Limit  ($0.02/$0.05) - 2023/03/21 20:19:57
Table 'NLHBlue36' 6-max Seat #4 is the button
Seat 1: 1cb71b73 ($16.03 in chips)
Seat 2: 6f2779de ($5.43 in chips)
Seat 4: Hero ($11.5 in chips)
Seat 5: 3c8e172f ($5 in chips)
Seat 6: 42195bc1 ($5.37 in chips)
3c8e172f: posts small blind $0.02
42195bc1: posts big blind $0.05
*** HOLE CARDS ***
Dealt to 1cb71b73 
Dealt to 6f2779de 
Dealt to Hero [Ad Kh]
Dealt to 3c8e172f 
Dealt to 42195bc1 
1cb71b73: folds
6f2779de: folds
Hero: raises $0.07 to $0.12
3c8e172f: folds
42195bc1: raises $0.2 to $0.32
Hero: raises $0.99 to $1.31
42195bc1: raises $4.06 to $5.37 and is all-in
Hero: calls $4.06
42195bc1: shows [Qh Qd]
Hero: shows [Ad Kh]
*** FLOP *** [3h 5s Qs]
*** TURN *** [3h 5s Qs] [4c]
*** RIVER *** [3h 5s Qs 4c] [7s]
*** SHOWDOWN ***
42195bc1 collected $10.21 from pot
*** SUMMARY ***
Total pot $10.76 | Rake $0.5 | Jackpot $0.05 | Bingo $0 | Fortune $0
Board [3h 5s Qs 4c 7s]
Seat 1: 1cb71b73 folded before Flop (didn't bet)
Seat 2: 6f2779de folded before Flop (didn't bet)
Seat 4: Hero (button) showed [Ad Kh] and lost with Ace-High
Seat 5: 3c8e172f (small blind) folded before Flop
Seat 6: 42195bc1 (big blind) showed [Qh Qd] and won ($10.21) with Three Queens


Poker Hand #HD1170135782: Hold'em No Limit  ($0.02/$0.05) - 2023/03/21 20:19:20
Table 'NLHBlue36' 6-max Seat #2 is the button
Seat 1: 1cb71b73 ($16.15 in chips)
Seat 2: 6f2779de ($5.43 in chips)
Seat 4: Hero ($11.34 in chips)
Seat 5: 3c8e172f ($5 in chips)
Seat 6: 42195bc1 ($5.37 in chips)
Hero: posts small blind $0.02
3c8e172f: posts big blind $0.05
*** HOLE CARDS ***
Dealt to 1cb71b73 
Dealt to 6f2779de 
Dealt to Hero [Kd Jd]
Dealt to 3c8e172f 
Dealt to 42195bc1 
42195bc1: folds
1cb71b73: raises $0.07 to $0.12
6f2779de: folds
Hero: raises $0.44 to $0.56
3c8e172f: folds
1cb71b73: folds
Uncalled bet ($0.44) returned to Hero
*** SHOWDOWN ***
Hero collected $0.28 from pot
*** SUMMARY ***
Total pot $0.29 | Rake $0.01 | Jackpot $0 | Bingo $0 | Fortune $0
Seat 1: 1cb71b73 folded before Flop
Seat 2: 6f2779de (button) folded before Flop (didn't bet)
Seat 4: Hero (small blind) collected ($0.28)
Seat 5: 3c8e172f (big blind) folded before Flop
Seat 6: 42195bc1 folded before Flop (didn't bet)


Poker Hand #HD1170065600: Hold'em No Limit  ($0.02/$0.05) - 2023/03/21 20:18:08
Table 'NLHBlue36' 6-max Seat #1 is the button
Seat 1: 1cb71b73 ($16.02 in chips)
Seat 2: 6f2779de ($5.45 in chips)
Seat 4: Hero ($11.46 in chips)
Seat 5: 3c8e172f ($5 in chips)
Seat 6: 42195bc1 ($5.37 in chips)
6f2779de: posts small blind $0.02
Hero: posts big blind $0.05
*** HOLE CARDS ***
Dealt to 1cb71b73 
Dealt to 6f2779de 
Dealt to Hero [3h Kh]
Dealt to 3c8e172f 
Dealt to 42195bc1 
3c8e172f: folds
42195bc1: folds
1cb71b73: raises $0.07 to $0.12
6f2779de: folds
Hero: calls $0.07
*** FLOP *** [7h Js Qd]
Hero: checks
1cb71b73: bets $0.13
Hero: folds
Uncalled bet ($0.13) returned to 1cb71b73
*** SHOWDOWN ***
1cb71b73 collected $0.25 from pot
*** SUMMARY ***
Total pot $0.26 | Rake $0.01 | Jackpot $0 | Bingo $0 | Fortune $0
Board [7h Js Qd]
Seat 1: 1cb71b73 (button) won ($0.25)
Seat 2: 6f2779de (small blind) folded before Flop
Seat 4: Hero (big blind) folded on the Flop
Seat 5: 3c8e172f folded before Flop (didn't bet)
Seat 6: 42195bc1 folded before Flop (didn't bet)


Poker Hand #HD1170065544: Hold'em No Limit  ($0.02/$0.05) - 2023/03/21 20:17:47
Table 'NLHBlue36' 6-max Seat #6 is the button
Seat 1: 1cb71b73 ($15.97 in chips)
Seat 2: 6f2779de ($5.5 in chips)
Seat 4: Hero ($11.46 in chips)
Seat 5: 3c8e172f ($5 in chips)
Seat 6: 42195bc1 ($5.37 in chips)
1cb71b73: posts small blind $0.02
6f2779de: posts big blind $0.05
*** HOLE CARDS ***
Dealt to 1cb71b73 
Dealt to 6f2779de 
Dealt to Hero [6s Ad]
Dealt to 3c8e172f 
Dealt to 42195bc1 
Hero: folds
3c8e172f: folds
42195bc1: folds
1cb71b73: raises $0.1 to $0.15
6f2779de: folds
Uncalled bet ($0.1) returned to 1cb71b73
*** SHOWDOWN ***
1cb71b73 collected $0.1 from pot
*** SUMMARY ***
Total pot $0.1 | Rake $0 | Jackpot $0 | Bingo $0 | Fortune $0
Seat 1: 1cb71b73 (small blind) collected ($0.1)
Seat 2: 6f2779de (big blind) folded before Flop
Seat 4: Hero folded before Flop (didn't bet)
Seat 5: 3c8e172f folded before Flop (didn't bet)
Seat 6: 42195bc1 (button) folded before Flop (didn't bet)


Poker Hand #HD1170065437: Hold'em No Limit  ($0.02/$0.05) - 2023/03/21 20:17:02
Table 'NLHBlue36' 6-max Seat #5 is the button
Seat 1: 1cb71b73 ($16.22 in chips)
Seat 2: 6f2779de ($5.5 in chips)
Seat 3: 238cc99f ($8.48 in chips)
Seat 4: Hero ($11.46 in chips)
Seat 5: 3c8e172f ($5 in chips)
Seat 6: 42195bc1 ($5.14 in chips)
42195bc1: posts small blind $0.02
1cb71b73: posts big blind $0.05
*** HOLE CARDS ***
Dealt to 1cb71b73 
Dealt to 6f2779de 
Dealt to 238cc99f 
Dealt to Hero [2h 9h]
Dealt to 3c8e172f 
Dealt to 42195bc1 
6f2779de: folds
238cc99f: folds
Hero: folds
3c8e172f: folds
42195bc1: raises $0.1 to $0.15
1cb71b73: calls $0.1
*** FLOP *** [Kc Tc Js]
42195bc1: bets $0.1
1cb71b73: calls $0.1
*** TURN *** [Kc Tc Js] [Jd]
42195bc1: bets $0.17
1cb71b73: folds
Uncalled bet ($0.17) returned to 42195bc1
*** SHOWDOWN ***
42195bc1 collected $0.48 from pot
*** SUMMARY ***
Total pot $0.5 | Rake $0.02 | Jackpot $0 | Bingo $0 | Fortune $0
Board [Kc Tc Js Jd]
Seat 1: 1cb71b73 (big blind) folded on the Turn
Seat 2: 6f2779de folded before Flop (didn't bet)
Seat 3: 238cc99f folded before Flop (didn't bet)
Seat 4: Hero folded before Flop (didn't bet)
Seat 5: 3c8e172f (button) folded before Flop (didn't bet)
Seat 6: 42195bc1 (small blind) won ($0.48)


Poker Hand #HD1170065316: Hold'em No Limit  ($0.02/$0.05) - 2023/03/21 20:16:15
Table 'NLHBlue36' 6-max Seat #4 is the button
Seat 2: 6f2779de ($5.5 in chips)
Seat 3: 238cc99f ($8.48 in chips)
Seat 4: Hero ($11.46 in chips)
Seat 5: 3c8e172f ($5 in chips)
Seat 6: 42195bc1 ($5 in chips)
3c8e172f: posts small blind $0.02
42195bc1: posts big blind $0.05
*** HOLE CARDS ***
Dealt to 6f2779de 
Dealt to 238cc99f 
Dealt to Hero [7c 2c]
Dealt to 3c8e172f 
Dealt to 42195bc1 
6f2779de: folds
238cc99f: folds
Hero: folds
3c8e172f: raises $0.1 to $0.15
42195bc1: calls $0.1
*** FLOP *** [Th Ad Kd]
3c8e172f: checks
42195bc1: bets $0.1
3c8e172f: folds
Uncalled bet ($0.1) returned to 42195bc1
*** SHOWDOWN ***
42195bc1 collected $0.29 from pot
*** SUMMARY ***
Total pot $0.3 | Rake $0.01 | Jackpot $0 | Bingo $0 | Fortune $0
Board [Th Ad Kd]
Seat 2: 6f2779de folded before Flop (didn't bet)
Seat 3: 238cc99f folded before Flop (didn't bet)
Seat 4: Hero (button) folded before Flop (didn't bet)
Seat 5: 3c8e172f (small blind) folded on the Flop
Seat 6: 42195bc1 (big blind) won ($0.29)


Poker Hand #HD1170065286: Hold'em No Limit  ($0.02/$0.05) - 2023/03/21 20:16:04
Table 'NLHBlue36' 6-max Seat #3 is the button
Seat 2: 6f2779de ($5.43 in chips)
Seat 3: 238cc99f ($8.48 in chips)
Seat 4: Hero ($11.48 in chips)
Seat 5: 3c8e172f ($5 in chips)
Hero: posts small blind $0.02
3c8e172f: posts big blind $0.05
*** HOLE CARDS ***
Dealt to 6f2779de 
Dealt to 238cc99f 
Dealt to Hero [8c 3s]
Dealt to 3c8e172f 
6f2779de: raises $0.08 to $0.13
238cc99f: folds
Hero: folds
3c8e172f: folds
Uncalled bet ($0.08) returned to 6f2779de
*** SHOWDOWN ***
6f2779de collected $0.12 from pot
*** SUMMARY ***
Total pot $0.12 | Rake $0 | Jackpot $0 | Bingo $0 | Fortune $0
Seat 2: 6f2779de collected ($0.12)
Seat 3: 238cc99f (button) folded before Flop (didn't bet)
Seat 4: Hero (small blind) folded before Flop
Seat 5: 3c8e172f (big blind) folded before Flop


Poker Hand #HD1170065215: Hold'em No Limit  ($0.02/$0.05) - 2023/03/21 20:15:32
Table 'NLHBlue36' 6-max Seat #2 is the button
Seat 2: 6f2779de ($5.43 in chips)
Seat 3: 238cc99f ($8.43 in chips)
Seat 4: Hero ($11.53 in chips)
Seat 5: 3c8e172f ($5 in chips)
Seat 6: 8d5c8f56 ($4.12 in chips)
238cc99f: posts small blind $0.02
Hero: posts big blind $0.05
*** HOLE CARDS ***
Dealt to 6f2779de 
Dealt to 238cc99f 
Dealt to Hero [Kd 3h]
Dealt to 3c8e172f 
Dealt to 8d5c8f56 
3c8e172f: folds
8d5c8f56: folds
6f2779de: folds
238cc99f: raises $0.07 to $0.12
Hero: folds
Uncalled bet ($0.07) returned to 238cc99f
*** SHOWDOWN ***
238cc99f collected $0.1 from pot
*** SUMMARY ***
Total pot $0.1 | Rake $0 | Jackpot $0 | Bingo $0 | Fortune $0
Seat 2: 6f2779de (button) folded before Flop (didn't bet)
Seat 3: 238cc99f (small blind) collected ($0.1)
Seat 4: Hero (big blind) folded before Flop
Seat 5: 3c8e172f folded before Flop (didn't bet)
Seat 6: 8d5c8f56 folded before Flop (didn't bet)


Poker Hand #HD1170065123: Hold'em No Limit  ($0.02/$0.05) - 2023/03/21 20:14:57
Table 'NLHBlue36' 6-max Seat #6 is the button
Seat 2: 6f2779de ($5.31 in chips)
Seat 3: 238cc99f ($8.56 in chips)
Seat 4: Hero ($11.53 in chips)
Seat 5: 3c8e172f ($5 in chips)
Seat 6: 8d5c8f56 ($4.12 in chips)
6f2779de: posts small blind $0.02
238cc99f: posts big blind $0.05
*** HOLE CARDS ***
Dealt to 6f2779de 
Dealt to 238cc99f 
Dealt to Hero [7h 5d]
Dealt to 3c8e172f 
Dealt to 8d5c8f56 
Hero: folds
3c8e172f: folds
8d5c8f56: folds
6f2779de: raises $0.08 to $0.13
238cc99f: calls $0.08
*** FLOP *** [Tc 7c 9s]
6f2779de: bets $0.2
238cc99f: folds
Uncalled bet ($0.2) returned to 6f2779de
*** SHOWDOWN ***
6f2779de collected $0.25 from pot
*** SUMMARY ***
Total pot $0.26 | Rake $0.01 | Jackpot $0 | Bingo $0 | Fortune $0
Board [Tc 7c 9s]
Seat 2: 6f2779de (small blind) won ($0.25)
Seat 3: 238cc99f (big blind) folded on the Flop
Seat 4: Hero folded before Flop (didn't bet)
Seat 5: 3c8e172f folded before Flop (didn't bet)
Seat 6: 8d5c8f56 (button) folded before Flop (didn't bet)


Poker Hand #HD1170065077: Hold'em No Limit  ($0.02/$0.05) - 2023/03/21 20:14:39
Table 'NLHBlue36' 6-max Seat #5 is the button
Seat 2: 6f2779de ($5.29 in chips)
Seat 3: 238cc99f ($8.56 in chips)
Seat 4: Hero ($11.53 in chips)
Seat 5: 3c8e172f ($5 in chips)
Seat 6: 8d5c8f56 ($4.14 in chips)
8d5c8f56: posts small blind $0.02
6f2779de: posts big blind $0.05
*** HOLE CARDS ***
Dealt to 6f2779de 
Dealt to 238cc99f 
Dealt to Hero [Qh 3s]
Dealt to 3c8e172f 
Dealt to 8d5c8f56 
238cc99f: folds
Hero: folds
3c8e172f: folds
8d5c8f56: folds
Uncalled bet ($0.03) returned to 6f2779de
*** SHOWDOWN ***
6f2779de collected $0.04 from pot
*** SUMMARY ***
Total pot $0.04 | Rake $0 | Jackpot $0 | Bingo $0 | Fortune $0
Seat 2: 6f2779de (big blind) collected ($0.04)
Seat 3: 238cc99f folded before Flop (didn't bet)
Seat 4: Hero folded before Flop (didn't bet)
Seat 5: 3c8e172f (button) folded before Flop (didn't bet)
Seat 6: 8d5c8f56 (small blind) folded before Flop


Poker Hand #HD1170064995: Hold'em No Limit  ($0.02/$0.05) - 2023/03/21 20:14:06
Table 'NLHBlue36' 6-max Seat #4 is the button
Seat 2: 6f2779de ($5.29 in chips)
Seat 3: 238cc99f ($8.49 in chips)
Seat 4: Hero ($11.53 in chips)
Seat 5: 3c8e172f ($5 in chips)
Seat 6: 8d5c8f56 ($4.19 in chips)
3c8e172f: posts small blind $0.02
8d5c8f56: posts big blind $0.05
*** HOLE CARDS ***
Dealt to 6f2779de 
Dealt to 238cc99f 
Dealt to Hero [6d 8c]
Dealt to 3c8e172f 
Dealt to 8d5c8f56 
6f2779de: folds
238cc99f: raises $0.07 to $0.12
Hero: folds
3c8e172f: folds
8d5c8f56: folds
Uncalled bet ($0.07) returned to 238cc99f
*** SHOWDOWN ***
238cc99f collected $0.12 from pot
*** SUMMARY ***
Total pot $0.12 | Rake $0 | Jackpot $0 | Bingo $0 | Fortune $0
Seat 2: 6f2779de folded before Flop (didn't bet)
Seat 3: 238cc99f collected ($0.12)
Seat 4: Hero (button) folded before Flop (didn't bet)
Seat 5: 3c8e172f (small blind) folded before Flop
Seat 6: 8d5c8f56 (big blind) folded before Flop


Poker Hand #HD1170064923: Hold'em No Limit  ($0.02/$0.05) - 2023/03/21 20:13:34
Table 'NLHBlue36' 6-max Seat #3 is the button
Seat 2: 6f2779de ($5.29 in chips)
Seat 3: 238cc99f ($8.49 in chips)
Seat 4: Hero ($11.55 in chips)
Seat 5: 3c8e172f ($5 in chips)
Seat 6: 8d5c8f56 ($4.12 in chips)
Hero: posts small blind $0.02
3c8e172f: posts big blind $0.05
*** HOLE CARDS ***
Dealt to 6f2779de 
Dealt to 238cc99f 
Dealt to Hero [Qh 8h]
Dealt to 3c8e172f 
Dealt to 8d5c8f56 
8d5c8f56: raises $0.08 to $0.13
6f2779de: folds
238cc99f: folds
Hero: folds
3c8e172f: folds
Uncalled bet ($0.08) returned to 8d5c8f56
*** SHOWDOWN ***
8d5c8f56 collected $0.12 from pot
*** SUMMARY ***
Total pot $0.12 | Rake $0 | Jackpot $0 | Bingo $0 | Fortune $0
Seat 2: 6f2779de folded before Flop (didn't bet)
Seat 3: 238cc99f (button) folded before Flop (didn't bet)
Seat 4: Hero (small blind) folded before Flop
Seat 5: 3c8e172f (big blind) folded before Flop
Seat 6: 8d5c8f56 collected ($0.12)


Poker Hand #HD1170064874: Hold'em No Limit  ($0.02/$0.05) - 2023/03/21 20:13:17
Table 'NLHBlue36' 6-max Seat #2 is the button
Seat 2: 6f2779de ($5.22 in chips)
Seat 3: 238cc99f ($8.51 in chips)
Seat 4: Hero ($11.6 in chips)
Seat 6: 8d5c8f56 ($4.12 in chips)
238cc99f: posts small blind $0.02
Hero: posts big blind $0.05
*** HOLE CARDS ***
Dealt to 6f2779de 
Dealt to 238cc99f 
Dealt to Hero [8h Ts]
Dealt to 8d5c8f56 
8d5c8f56: folds
6f2779de: raises $0.08 to $0.13
238cc99f: folds
Hero: folds
Uncalled bet ($0.08) returned to 6f2779de
*** SHOWDOWN ***
6f2779de collected $0.12 from pot
*** SUMMARY ***
Total pot $0.12 | Rake $0 | Jackpot $0 | Bingo $0 | Fortune $0
Seat 2: 6f2779de (button) collected ($0.12)
Seat 3: 238cc99f (small blind) folded before Flop
Seat 4: Hero (big blind) folded before Flop
Seat 6: 8d5c8f56 folded before Flop (didn't bet)


Poker Hand #HD1170064811: Hold'em No Limit  ($0.02/$0.05) - 2023/03/21 20:12:51
Table 'NLHBlue36' 6-max Seat #1 is the button
Seat 1: 1cb71b73 ($16.22 in chips)
Seat 2: 6f2779de ($5.24 in chips)
Seat 3: 238cc99f ($8.49 in chips)
Seat 4: Hero ($11.6 in chips)
Seat 6: 8d5c8f56 ($4.12 in chips)
6f2779de: posts small blind $0.02
238cc99f: posts big blind $0.05
*** HOLE CARDS ***
Dealt to 1cb71b73 
Dealt to 6f2779de 
Dealt to 238cc99f 
Dealt to Hero [Th 8s]
Dealt to 8d5c8f56 
Hero: folds
8d5c8f56: folds
1cb71b73: folds
6f2779de: folds
Uncalled bet ($0.03) returned to 238cc99f
*** SHOWDOWN ***
238cc99f collected $0.04 from pot
*** SUMMARY ***
Total pot $0.04 | Rake $0 | Jackpot $0 | Bingo $0 | Fortune $0
Seat 1: 1cb71b73 (button) folded before Flop (didn't bet)
Seat 2: 6f2779de (small blind) folded before Flop
Seat 3: 238cc99f (big blind) collected ($0.04)
Seat 4: Hero folded before Flop (didn't bet)
Seat 6: 8d5c8f56 folded before Flop (didn't bet)


Poker Hand #HD1170064733: Hold'em No Limit  ($0.02/$0.05) - 2023/03/21 20:12:23
Table 'NLHBlue36' 6-max Seat #6 is the button
Seat 1: 1cb71b73 ($16.24 in chips)
Seat 2: 6f2779de ($5.29 in chips)
Seat 3: 238cc99f ($8.49 in chips)
Seat 4: Hero ($11.6 in chips)
Seat 6: 8d5c8f56 ($4.05 in chips)
1cb71b73: posts small blind $0.02
6f2779de: posts big blind $0.05
*** HOLE CARDS ***
Dealt to 1cb71b73 
Dealt to 6f2779de 
Dealt to 238cc99f 
Dealt to Hero [6s 5d]
Dealt to 8d5c8f56 
238cc99f: folds
Hero: folds
8d5c8f56: raises $0.08 to $0.13
1cb71b73: folds
6f2779de: folds
Uncalled bet ($0.08) returned to 8d5c8f56
*** SHOWDOWN ***
8d5c8f56 collected $0.12 from pot
*** SUMMARY ***
Total pot $0.12 | Rake $0 | Jackpot $0 | Bingo $0 | Fortune $0
Seat 1: 1cb71b73 (small blind) folded before Flop
Seat 2: 6f2779de (big blind) folded before Flop
Seat 3: 238cc99f folded before Flop (didn't bet)
Seat 4: Hero folded before Flop (didn't bet)
Seat 6: 8d5c8f56 (button) collected ($0.12)


Poker Hand #HD1170064527: Hold'em No Limit  ($0.02/$0.05) - 2023/03/21 20:11:06
Table 'NLHBlue36' 6-max Seat #4 is the button
Seat 1: 1cb71b73 ($16.29 in chips)
Seat 2: 6f2779de ($5.29 in chips)
Seat 3: 238cc99f ($8.49 in chips)
Seat 4: Hero ($10.79 in chips)
Seat 6: 8d5c8f56 ($4.95 in chips)
8d5c8f56: posts small blind $0.02
1cb71b73: posts big blind $0.05
*** HOLE CARDS ***
Dealt to 1cb71b73 
Dealt to 6f2779de 
Dealt to 238cc99f 
Dealt to Hero [Ts Tc]
Dealt to 8d5c8f56 
6f2779de: folds
238cc99f: folds
Hero: raises $0.07 to $0.12
8d5c8f56: raises $0.41 to $0.53
1cb71b73: folds
Hero: calls $0.41
*** FLOP *** [9d Ah 3h]
8d5c8f56: bets $0.37
Hero: calls $0.37
*** TURN *** [9d Ah 3h] [9s]
8d5c8f56: checks
Hero: checks
*** RIVER *** [9d Ah 3h 9s] [Js]
8d5c8f56: checks
Hero: checks
8d5c8f56: shows [Kd Qc] (Pair of Nines)
Hero: shows [Ts Tc] (Pair of Tens and Pair of Nines)
*** SHOWDOWN ***
Hero collected $1.71 from pot
*** SUMMARY ***
Total pot $1.85 | Rake $0.09 | Jackpot $0.05 | Bingo $0 | Fortune $0
Board [9d Ah 3h 9s Js]
Seat 1: 1cb71b73 (big blind) folded before Flop
Seat 2: 6f2779de folded before Flop (didn't bet)
Seat 3: 238cc99f folded before Flop (didn't bet)
Seat 4: Hero (button) showed [Ts Tc] and won ($1.71) with Pair of Tens and Pair of Nines
Seat 6: 8d5c8f56 (small blind) showed [Kd Qc] and lost with Pair of Nines


Poker Hand #HD1170064302: Hold'em No Limit  ($0.02/$0.05) - 2023/03/21 20:09:38
Table 'NLHBlue36' 6-max Seat #3 is the button
Seat 1: 1cb71b73 ($16.29 in chips)
Seat 2: 6f2779de ($5.29 in chips)
Seat 3: 238cc99f ($9.07 in chips)
Seat 4: Hero ($10.22 in chips)
Seat 6: 8d5c8f56 ($5 in chips)
Hero: posts small blind $0.02
8d5c8f56: posts big blind $0.05
*** HOLE CARDS ***
Dealt to 1cb71b73 
Dealt to 6f2779de 
Dealt to 238cc99f 
Dealt to Hero [Kh Kd]
Dealt to 8d5c8f56 
1cb71b73: folds
6f2779de: folds
238cc99f: raises $0.07 to $0.12
Hero: raises $0.46 to $0.58
8d5c8f56: folds
238cc99f: calls $0.46
*** FLOP *** [8c 4d 4h]
Hero: bets $0.4
238cc99f: folds
Uncalled bet ($0.4) returned to Hero
*** SHOWDOWN ***
Hero collected $1.15 from pot
*** SUMMARY ***
Total pot $1.21 | Rake $0.06 | Jackpot $0 | Bingo $0 | Fortune $0
Board [8c 4d 4h]
Seat 1: 1cb71b73 folded before Flop (didn't bet)
Seat 2: 6f2779de folded before Flop (didn't bet)
Seat 3: 238cc99f (button) folded on the Flop
Seat 4: Hero (small blind) won ($1.15)
Seat 6: 8d5c8f56 (big blind) folded before Flop


Poker Hand #HD1170064097: Hold'em No Limit  ($0.02/$0.05) - 2023/03/21 20:08:20
Table 'NLHBlue36' 6-max Seat #2 is the button
Seat 1: 1cb71b73 ($16.04 in chips)
Seat 2: 6f2779de ($5.29 in chips)
Seat 3: 238cc99f ($9.09 in chips)
Seat 4: Hero ($10.47 in chips)
Seat 6: 8d5c8f56 ($5 in chips)
238cc99f: posts small blind $0.02
Hero: posts big blind $0.05
*** HOLE CARDS ***
Dealt to 1cb71b73 
Dealt to 6f2779de 
Dealt to 238cc99f 
Dealt to Hero [Qh Kd]
Dealt to 8d5c8f56 
8d5c8f56: folds
1cb71b73: raises $0.07 to $0.12
6f2779de: folds
238cc99f: folds
Hero: calls $0.07
*** FLOP *** [2d Ad 9s]
Hero: checks
1cb71b73: bets $0.13
Hero: calls $0.13
*** TURN *** [2d Ad 9s] [3h]
Hero: checks
1cb71b73: bets $0.35
Hero: folds
Uncalled bet ($0.35) returned to 1cb71b73
*** SHOWDOWN ***
1cb71b73 collected $0.5 from pot
*** SUMMARY ***
Total pot $0.52 | Rake $0.02 | Jackpot $0 | Bingo $0 | Fortune $0
Board [2d Ad 9s 3h]
Seat 1: 1cb71b73 won ($0.5)
Seat 2: 6f2779de (button) folded before Flop (didn't bet)
Seat 3: 238cc99f (small blind) folded before Flop
Seat 4: Hero (big blind) folded on the Turn
Seat 6: 8d5c8f56 folded before Flop (didn't bet)


Poker Hand #HD1170064057: Hold'em No Limit  ($0.02/$0.05) - 2023/03/21 20:08:01
Table 'NLHBlue36' 6-max Seat #1 is the button
Seat 1: 1cb71b73 ($16.04 in chips)
Seat 2: 6f2779de ($5.31 in chips)
Seat 3: 238cc99f ($9.14 in chips)
Seat 4: Hero ($10.47 in chips)
Seat 6: 8d5c8f56 ($4.93 in chips)
6f2779de: posts small blind $0.02
238cc99f: posts big blind $0.05
*** HOLE CARDS ***
Dealt to 1cb71b73 
Dealt to 6f2779de 
Dealt to 238cc99f 
Dealt to Hero [Ts 9d]
Dealt to 8d5c8f56 
Hero: folds
8d5c8f56: raises $0.08 to $0.13
1cb71b73: folds
6f2779de: folds
238cc99f: folds
Uncalled bet ($0.08) returned to 8d5c8f56
*** SHOWDOWN ***
8d5c8f56 collected $0.12 from pot
*** SUMMARY ***
Total pot $0.12 | Rake $0 | Jackpot $0 | Bingo $0 | Fortune $0
Seat 1: 1cb71b73 (button) folded before Flop (didn't bet)
Seat 2: 6f2779de (small blind) folded before Flop
Seat 3: 238cc99f (big blind) folded before Flop
Seat 4: Hero folded before Flop (didn't bet)
Seat 6: 8d5c8f56 collected ($0.12)


Poker Hand #HD1170063955: Hold'em No Limit  ($0.02/$0.05) - 2023/03/21 20:07:22
Table 'NLHBlue36' 6-max Seat #6 is the button
Seat 1: 1cb71b73 ($16.06 in chips)
Seat 2: 6f2779de ($5.18 in chips)
Seat 3: 238cc99f ($9.26 in chips)
Seat 4: Hero ($10.47 in chips)
Seat 6: 8d5c8f56 ($4.93 in chips)
1cb71b73: posts small blind $0.02
6f2779de: posts big blind $0.05
*** HOLE CARDS ***
Dealt to 1cb71b73 
Dealt to 6f2779de 
Dealt to 238cc99f 
Dealt to Hero [9s Kh]
Dealt to 8d5c8f56 
238cc99f: raises $0.07 to $0.12
Hero: folds
8d5c8f56: folds
1cb71b73: folds
6f2779de: calls $0.07
*** FLOP *** [5s 4c Ks]
6f2779de: checks
238cc99f: checks
*** TURN *** [5s 4c Ks] [5d]
6f2779de: bets $0.13
238cc99f: folds
Uncalled bet ($0.13) returned to 6f2779de
*** SHOWDOWN ***
6f2779de collected $0.25 from pot
*** SUMMARY ***
Total pot $0.26 | Rake $0.01 | Jackpot $0 | Bingo $0 | Fortune $0
Board [5s 4c Ks 5d]
Seat 1: 1cb71b73 (small blind) folded before Flop
Seat 2: 6f2779de (big blind) won ($0.25)
Seat 3: 238cc99f folded on the Turn
Seat 4: Hero folded before Flop (didn't bet)
Seat 6: 8d5c8f56 (button) folded before Flop (didn't bet)


Poker Hand #HD1170063876: Hold'em No Limit  ($0.02/$0.05) - 2023/03/21 20:06:54
Table 'NLHBlue36' 6-max Seat #4 is the button
Seat 1: 1cb71b73 ($16.04 in chips)
Seat 2: 6f2779de ($5.18 in chips)
Seat 3: 238cc99f ($9.26 in chips)
Seat 4: Hero ($10.47 in chips)
Seat 6: 8d5c8f56 ($4.95 in chips)
8d5c8f56: posts small blind $0.02
1cb71b73: posts big blind $0.05
*** HOLE CARDS ***
Dealt to 1cb71b73 
Dealt to 6f2779de 
Dealt to 238cc99f 
Dealt to Hero [2d 5d]
Dealt to 8d5c8f56 
6f2779de: folds
238cc99f: folds
Hero: folds
8d5c8f56: folds
Uncalled bet ($0.03) returned to 1cb71b73
*** SHOWDOWN ***
1cb71b73 collected $0.04 from pot
*** SUMMARY ***
Total pot $0.04 | Rake $0 | Jackpot $0 | Bingo $0 | Fortune $0
Seat 1: 1cb71b73 (big blind) collected ($0.04)
Seat 2: 6f2779de folded before Flop (didn't bet)
Seat 3: 238cc99f folded before Flop (didn't bet)
Seat 4: Hero (button) folded before Flop (didn't bet)
Seat 6: 8d5c8f56 (small blind) folded before Flop


Poker Hand #HD1170063798: Hold'em No Limit  ($0.02/$0.05) - 2023/03/21 20:06:20
Table 'NLHBlue36' 6-max Seat #3 is the button
Seat 1: 1cb71b73 ($15.97 in chips)
Seat 3: 238cc99f ($9.26 in chips)
Seat 4: Hero ($10.49 in chips)
Seat 6: 8d5c8f56 ($5 in chips)
Hero: posts small blind $0.02
8d5c8f56: posts big blind $0.05
*** HOLE CARDS ***
Dealt to 1cb71b73 
Dealt to 238cc99f 
Dealt to Hero [9h Ks]
Dealt to 8d5c8f56 
1cb71b73: raises $0.1 to $0.15
238cc99f: folds
Hero: folds
8d5c8f56: folds
Uncalled bet ($0.1) returned to 1cb71b73
*** SHOWDOWN ***
1cb71b73 collected $0.12 from pot
*** SUMMARY ***
Total pot $0.12 | Rake $0 | Jackpot $0 | Bingo $0 | Fortune $0
Seat 1: 1cb71b73 collected ($0.12)
Seat 3: 238cc99f (button) folded before Flop (didn't bet)
Seat 4: Hero (small blind) folded before Flop
Seat 6: 8d5c8f56 (big blind) folded before Flop


Poker Hand #HD1170063690: Hold'em No Limit  ($0.02/$0.05) - 2023/03/21 20:05:42
Table 'NLHBlue36' 6-max Seat #1 is the button
Seat 1: 1cb71b73 ($15.97 in chips)
Seat 2: 6f2779de ($5.2 in chips)
Seat 3: 238cc99f ($9.31 in chips)
Seat 4: Hero ($10.49 in chips)
Seat 6: 8d5c8f56 ($4.93 in chips)
6f2779de: posts small blind $0.02
238cc99f: posts big blind $0.05
*** HOLE CARDS ***
Dealt to 1cb71b73 
Dealt to 6f2779de 
Dealt to 238cc99f 
Dealt to Hero [2d 4h]
Dealt to 8d5c8f56 
Hero: folds
8d5c8f56: raises $0.08 to $0.13
1cb71b73: folds
6f2779de: folds
238cc99f: folds
Uncalled bet ($0.08) returned to 8d5c8f56
*** SHOWDOWN ***
8d5c8f56 collected $0.12 from pot
*** SUMMARY ***
Total pot $0.12 | Rake $0 | Jackpot $0 | Bingo $0 | Fortune $0
Seat 1: 1cb71b73 (button) folded before Flop (didn't bet)
Seat 2: 6f2779de (small blind) folded before Flop
Seat 3: 238cc99f (big blind) folded before Flop
Seat 4: Hero folded before Flop (didn't bet)
Seat 6: 8d5c8f56 collected ($0.12)


Poker Hand #HD1170063576: Hold'em No Limit  ($0.02/$0.05) - 2023/03/21 20:04:56
Table 'NLHBlue36' 6-max Seat #6 is the button
Seat 1: 1cb71b73 ($15.99 in chips)
Seat 2: 6f2779de ($5.33 in chips)
Seat 3: 238cc99f ($9.31 in chips)
Seat 4: Hero ($10.49 in chips)
Seat 6: 8d5c8f56 ($4.79 in chips)
1cb71b73: posts small blind $0.02
6f2779de: posts big blind $0.05
*** HOLE CARDS ***
Dealt to 1cb71b73 
Dealt to 6f2779de 
Dealt to 238cc99f 
Dealt to Hero [Qs 4d]
Dealt to 8d5c8f56 
238cc99f: folds
Hero: folds
8d5c8f56: raises $0.08 to $0.13
1cb71b73: folds
6f2779de: calls $0.08
*** FLOP *** [Jc 5c Js]
6f2779de: checks
8d5c8f56: bets $0.1
6f2779de: folds
Uncalled bet ($0.1) returned to 8d5c8f56
*** SHOWDOWN ***
8d5c8f56 collected $0.27 from pot
*** SUMMARY ***
Total pot $0.28 | Rake $0.01 | Jackpot $0 | Bingo $0 | Fortune $0
Board [Jc 5c Js]
Seat 1: 1cb71b73 (small blind) folded before Flop
Seat 2: 6f2779de (big blind) folded on the Flop
Seat 3: 238cc99f folded before Flop (didn't bet)
Seat 4: Hero folded before Flop (didn't bet)
Seat 6: 8d5c8f56 (button) won ($0.27)


Poker Hand #HD1170063531: Hold'em No Limit  ($0.02/$0.05) - 2023/03/21 20:04:41
Table 'NLHBlue36' 6-max Seat #4 is the button
Seat 1: 1cb71b73 ($15.97 in chips)
Seat 2: 6f2779de ($5.33 in chips)
Seat 3: 238cc99f ($9.31 in chips)
Seat 4: Hero ($10.49 in chips)
Seat 6: 8d5c8f56 ($4.81 in chips)
8d5c8f56: posts small blind $0.02
1cb71b73: posts big blind $0.05
*** HOLE CARDS ***
Dealt to 1cb71b73 
Dealt to 6f2779de 
Dealt to 238cc99f 
Dealt to Hero [Qh 6d]
Dealt to 8d5c8f56 
6f2779de: folds
238cc99f: folds
Hero: folds
8d5c8f56: folds
Uncalled bet ($0.03) returned to 1cb71b73
*** SHOWDOWN ***
1cb71b73 collected $0.04 from pot
*** SUMMARY ***
Total pot $0.04 | Rake $0 | Jackpot $0 | Bingo $0 | Fortune $0
Seat 1: 1cb71b73 (big blind) collected ($0.04)
Seat 2: 6f2779de folded before Flop (didn't bet)
Seat 3: 238cc99f folded before Flop (didn't bet)
Seat 4: Hero (button) folded before Flop (didn't bet)
Seat 6: 8d5c8f56 (small blind) folded before Flop


Poker Hand #HD1170063499: Hold'em No Limit  ($0.02/$0.05) - 2023/03/21 20:04:30
Table 'NLHBlue36' 6-max Seat #3 is the button
Seat 1: 1cb71b73 ($15.97 in chips)
Seat 2: 6f2779de ($5.33 in chips)
Seat 3: 238cc99f ($9.31 in chips)
Seat 4: Hero ($10.51 in chips)
Seat 6: 8d5c8f56 ($4.79 in chips)
Hero: posts small blind $0.02
8d5c8f56: posts big blind $0.05
*** HOLE CARDS ***
Dealt to 1cb71b73 
Dealt to 6f2779de 
Dealt to 238cc99f 
Dealt to Hero [4d Ts]
Dealt to 8d5c8f56 
1cb71b73: folds
6f2779de: folds
238cc99f: folds
Hero: folds
Uncalled bet ($0.03) returned to 8d5c8f56
*** SHOWDOWN ***
8d5c8f56 collected $0.04 from pot
*** SUMMARY ***
Total pot $0.04 | Rake $0 | Jackpot $0 | Bingo $0 | Fortune $0
Seat 1: 1cb71b73 folded before Flop (didn't bet)
Seat 2: 6f2779de folded before Flop (didn't bet)
Seat 3: 238cc99f (button) folded before Flop (didn't bet)
Seat 4: Hero (small blind) folded before Flop
Seat 6: 8d5c8f56 (big blind) collected ($0.04)


Poker Hand #HD1170063444: Hold'em No Limit  ($0.02/$0.05) - 2023/03/21 20:04:07
Table 'NLHBlue36' 6-max Seat #2 is the button
Seat 1: 1cb71b73 ($15.97 in chips)
Seat 2: 6f2779de ($5.33 in chips)
Seat 3: 238cc99f ($9.33 in chips)
Seat 4: Hero ($10.49 in chips)
Seat 6: 8d5c8f56 ($4.79 in chips)
238cc99f: posts small blind $0.02
Hero: posts big blind $0.05
*** HOLE CARDS ***
Dealt to 1cb71b73 
Dealt to 6f2779de 
Dealt to 238cc99f 
Dealt to Hero [Th Js]
Dealt to 8d5c8f56 
8d5c8f56: folds
1cb71b73: folds
6f2779de: folds
238cc99f: folds
Uncalled bet ($0.03) returned to Hero
*** SHOWDOWN ***
Hero collected $0.04 from pot
*** SUMMARY ***
Total pot $0.04 | Rake $0 | Jackpot $0 | Bingo $0 | Fortune $0
Seat 1: 1cb71b73 folded before Flop (didn't bet)
Seat 2: 6f2779de (button) folded before Flop (didn't bet)
Seat 3: 238cc99f (small blind) folded before Flop
Seat 4: Hero (big blind) collected ($0.04)
Seat 6: 8d5c8f56 folded before Flop (didn't bet)


Poker Hand #HD1170063380: Hold'em No Limit  ($0.02/$0.05) - 2023/03/21 20:03:46
Table 'NLHBlue36' 6-max Seat #1 is the button
Seat 1: 1cb71b73 ($15.97 in chips)
Seat 2: 6f2779de ($5.35 in chips)
Seat 3: 238cc99f ($9.38 in chips)
Seat 4: Hero ($10.42 in chips)
Seat 6: 8d5c8f56 ($4.79 in chips)
6f2779de: posts small blind $0.02
238cc99f: posts big blind $0.05
*** HOLE CARDS ***
Dealt to 1cb71b73 
Dealt to 6f2779de 
Dealt to 238cc99f 
Dealt to Hero [5c 5d]
Dealt to 8d5c8f56 
Hero: raises $0.07 to $0.12
8d5c8f56: folds
1cb71b73: folds
6f2779de: folds
238cc99f: folds
Uncalled bet ($0.07) returned to Hero
*** SHOWDOWN ***
Hero collected $0.12 from pot
*** SUMMARY ***
Total pot $0.12 | Rake $0 | Jackpot $0 | Bingo $0 | Fortune $0
Seat 1: 1cb71b73 (button) folded before Flop (didn't bet)
Seat 2: 6f2779de (small blind) folded before Flop
Seat 3: 238cc99f (big blind) folded before Flop
Seat 4: Hero collected ($0.12)
Seat 6: 8d5c8f56 folded before Flop (didn't bet)


Poker Hand #HD1170063327: Hold'em No Limit  ($0.02/$0.05) - 2023/03/21 20:03:25
Table 'NLHBlue36' 6-max Seat #6 is the button
Seat 1: 1cb71b73 ($15.99 in chips)
Seat 2: 6f2779de ($5.33 in chips)
Seat 3: 238cc99f ($9.38 in chips)
Seat 4: Hero ($10.42 in chips)
Seat 5: 3c7f8da9 ($2.82 in chips)
Seat 6: 8d5c8f56 ($4.79 in chips)
1cb71b73: posts small blind $0.02
6f2779de: posts big blind $0.05
*** HOLE CARDS ***
Dealt to 1cb71b73 
Dealt to 6f2779de 
Dealt to 238cc99f 
Dealt to Hero [2d Kh]
Dealt to 3c7f8da9 
Dealt to 8d5c8f56 
238cc99f: folds
Hero: folds
3c7f8da9: folds
8d5c8f56: folds
1cb71b73: folds
Uncalled bet ($0.03) returned to 6f2779de
*** SHOWDOWN ***
6f2779de collected $0.04 from pot
*** SUMMARY ***
Total pot $0.04 | Rake $0 | Jackpot $0 | Bingo $0 | Fortune $0
Seat 1: 1cb71b73 (small blind) folded before Flop
Seat 2: 6f2779de (big blind) collected ($0.04)
Seat 3: 238cc99f folded before Flop (didn't bet)
Seat 4: Hero folded before Flop (didn't bet)
Seat 5: 3c7f8da9 folded before Flop (didn't bet)
Seat 6: 8d5c8f56 (button) folded before Flop (didn't bet)


Poker Hand #HD1170063157: Hold'em No Limit  ($0.02/$0.05) - 2023/03/21 20:02:28
Table 'NLHBlue36' 6-max Seat #5 is the button
Seat 1: 1cb71b73 ($16.04 in chips)
Seat 2: 6f2779de ($5.33 in chips)
Seat 3: 238cc99f ($9.38 in chips)
Seat 4: Hero ($9.71 in chips)
Seat 5: 3c7f8da9 ($3.58 in chips)
Seat 6: 8d5c8f56 ($4.81 in chips)
8d5c8f56: posts small blind $0.02
1cb71b73: posts big blind $0.05
*** HOLE CARDS ***
Dealt to 1cb71b73 
Dealt to 6f2779de 
Dealt to 238cc99f 
Dealt to Hero [5d 6d]
Dealt to 3c7f8da9 
Dealt to 8d5c8f56 
6f2779de: folds
238cc99f: folds
Hero: raises $0.07 to $0.12
3c7f8da9: calls $0.12
8d5c8f56: folds
1cb71b73: folds
*** FLOP *** [Kd As 5c]
Hero: checks
3c7f8da9: bets $0.16
Hero: calls $0.16
*** TURN *** [Kd As 5c] [9d]
Hero: checks
3c7f8da9: checks
*** RIVER *** [Kd As 5c 9d] [Qd]
Hero: bets $0.48
3c7f8da9: calls $0.48
Hero: shows [5d 6d] (King High Flush)
3c7f8da9: shows [Jd Kh] (Pair of Kings)
*** SHOWDOWN ***
Hero collected $1.47 from pot
*** SUMMARY ***
Total pot $1.59 | Rake $0.07 | Jackpot $0.05 | Bingo $0 | Fortune $0
Board [Kd As 5c 9d Qd]
Seat 1: 1cb71b73 (big blind) folded before Flop
Seat 2: 6f2779de folded before Flop (didn't bet)
Seat 3: 238cc99f folded before Flop (didn't bet)
Seat 4: Hero showed [5d 6d] and won ($1.47) with King High Flush
Seat 5: 3c7f8da9 (button) showed [Jd Kh] and lost with Pair of Kings
Seat 6: 8d5c8f56 (small blind) folded before Flop


Poker Hand #HD1170062961: Hold'em No Limit  ($0.02/$0.05) - 2023/03/21 20:01:12
Table 'NLHBlue36' 6-max Seat #4 is the button
Seat 1: 1cb71b73 ($15.53 in chips)
Seat 2: 6f2779de ($5.48 in chips)
Seat 3: 238cc99f ($9.38 in chips)
Seat 4: Hero ($10.04 in chips)
Seat 5: 3c7f8da9 ($3.6 in chips)
Seat 6: 8d5c8f56 ($4.86 in chips)
3c7f8da9: posts small blind $0.02
8d5c8f56: posts big blind $0.05
*** HOLE CARDS ***
Dealt to 1cb71b73 
Dealt to 6f2779de 
Dealt to 238cc99f 
Dealt to Hero [Jc Ac]
Dealt to 3c7f8da9 
Dealt to 8d5c8f56 
1cb71b73: raises $0.1 to $0.15
6f2779de: calls $0.15
238cc99f: folds
Hero: calls $0.15
3c7f8da9: folds
8d5c8f56: folds
*** FLOP *** [2d Th Td]
1cb71b73: bets $0.18
6f2779de: folds
Hero: calls $0.18
*** TURN *** [2d Th Td] [4h]
1cb71b73: bets $0.44
Hero: folds
Uncalled bet ($0.44) returned to 1cb71b73
*** SHOWDOWN ***
1cb71b73 collected $0.84 from pot
*** SUMMARY ***
Total pot $0.88 | Rake $0.04 | Jackpot $0 | Bingo $0 | Fortune $0
Board [2d Th Td 4h]
Seat 1: 1cb71b73 won ($0.84)
Seat 2: 6f2779de folded on the Flop
Seat 3: 238cc99f folded before Flop (didn't bet)
Seat 4: Hero (button) folded on the Turn
Seat 5: 3c7f8da9 (small blind) folded before Flop
Seat 6: 8d5c8f56 (big blind) folded before Flop


Poker Hand #HD1170062897: Hold'em No Limit  ($0.02/$0.05) - 2023/03/21 20:00:43
Table 'NLHBlue36' 6-max Seat #3 is the button
Seat 1: 1cb71b73 ($15.46 in chips)
Seat 2: 6f2779de ($5.48 in chips)
Seat 3: 238cc99f ($9.38 in chips)
Seat 4: Hero ($10.06 in chips)
Seat 5: 3c7f8da9 ($3.65 in chips)
Seat 6: 8d5c8f56 ($4.86 in chips)
Hero: posts small blind $0.02
3c7f8da9: posts big blind $0.05
*** HOLE CARDS ***
Dealt to 1cb71b73 
Dealt to 6f2779de 
Dealt to 238cc99f 
Dealt to Hero [Qc Jd]
Dealt to 3c7f8da9 
Dealt to 8d5c8f56 
8d5c8f56: folds
1cb71b73: raises $0.1 to $0.15
6f2779de: folds
238cc99f: folds
Hero: folds
3c7f8da9: folds
Uncalled bet ($0.1) returned to 1cb71b73
*** SHOWDOWN ***
1cb71b73 collected $0.12 from pot
*** SUMMARY ***
Total pot $0.12 | Rake $0 | Jackpot $0 | Bingo $0 | Fortune $0
Seat 1: 1cb71b73 collected ($0.12)
Seat 2: 6f2779de folded before Flop (didn't bet)
Seat 3: 238cc99f (button) folded before Flop (didn't bet)
Seat 4: Hero (small blind) folded before Flop
Seat 5: 3c7f8da9 (big blind) folded before Flop
Seat 6: 8d5c8f56 folded before Flop (didn't bet)


Poker Hand #HD1170062838: Hold'em No Limit  ($0.02/$0.05) - 2023/03/21 20:00:19
Table 'NLHBlue36' 6-max Seat #2 is the button
Seat 1: 1cb71b73 ($15.46 in chips)
Seat 2: 6f2779de ($5.48 in chips)
Seat 3: 238cc99f ($9.4 in chips)
Seat 4: Hero ($10.04 in chips)
Seat 5: 3c7f8da9 ($3.65 in chips)
Seat 6: 8d5c8f56 ($4.86 in chips)
238cc99f: posts small blind $0.02
Hero: posts big blind $0.05
*** HOLE CARDS ***
Dealt to 1cb71b73 
Dealt to 6f2779de 
Dealt to 238cc99f 
Dealt to Hero [5s 3c]
Dealt to 3c7f8da9 
Dealt to 8d5c8f56 
3c7f8da9: folds
8d5c8f56: folds
1cb71b73: folds
6f2779de: folds
238cc99f: folds
Uncalled bet ($0.03) returned to Hero
*** SHOWDOWN ***
Hero collected $0.04 from pot
*** SUMMARY ***
Total pot $0.04 | Rake $0 | Jackpot $0 | Bingo $0 | Fortune $0
Seat 1: 1cb71b73 folded before Flop (didn't bet)
Seat 2: 6f2779de (button) folded before Flop (didn't bet)
Seat 3: 238cc99f (small blind) folded before Flop
Seat 4: Hero (big blind) collected ($0.04)
Seat 5: 3c7f8da9 folded before Flop (didn't bet)
Seat 6: 8d5c8f56 folded before Flop (didn't bet)


Poker Hand #HD1170062804: Hold'em No Limit  ($0.02/$0.05) - 2023/03/21 20:00:05
Table 'NLHBlue36' 6-max Seat #1 is the button
Seat 1: 1cb71b73 ($15.46 in chips)
Seat 2: 6f2779de ($5.5 in chips)
Seat 3: 238cc99f ($9.38 in chips)
Seat 4: Hero ($10.04 in chips)
Seat 5: 3c7f8da9 ($3.65 in chips)
Seat 6: 8d5c8f56 ($4.86 in chips)
6f2779de: posts small blind $0.02
238cc99f: posts big blind $0.05
*** HOLE CARDS ***
Dealt to 1cb71b73 
Dealt to 6f2779de 
Dealt to 238cc99f 
Dealt to Hero [6d Ac]
Dealt to 3c7f8da9 
Dealt to 8d5c8f56 
Hero: folds
3c7f8da9: folds
8d5c8f56: folds
1cb71b73: folds
6f2779de: folds
Uncalled bet ($0.03) returned to 238cc99f
*** SHOWDOWN ***
238cc99f collected $0.04 from pot
*** SUMMARY ***
Total pot $0.04 | Rake $0 | Jackpot $0 | Bingo $0 | Fortune $0
Seat 1: 1cb71b73 (button) folded before Flop (didn't bet)
Seat 2: 6f2779de (small blind) folded before Flop
Seat 3: 238cc99f (big blind) collected ($0.04)
Seat 4: Hero folded before Flop (didn't bet)
Seat 5: 3c7f8da9 folded before Flop (didn't bet)
Seat 6: 8d5c8f56 folded before Flop (didn't bet)


Poker Hand #HD1170062725: Hold'em No Limit  ($0.02/$0.05) - 2023/03/21 19:59:35
Table 'NLHBlue36' 6-max Seat #6 is the button
Seat 1: 1cb71b73 ($15.48 in chips)
Seat 2: 6f2779de ($5.55 in chips)
Seat 3: 238cc99f ($9.66 in chips)
Seat 4: Hero ($10.04 in chips)
Seat 5: 3c7f8da9 ($3.33 in chips)
Seat 6: 8d5c8f56 ($4.86 in chips)
1cb71b73: posts small blind $0.02
6f2779de: posts big blind $0.05
*** HOLE CARDS ***
Dealt to 1cb71b73 
Dealt to 6f2779de 
Dealt to 238cc99f 
Dealt to Hero [7d Kc]
Dealt to 3c7f8da9 
Dealt to 8d5c8f56 
238cc99f: raises $0.07 to $0.12
Hero: folds
3c7f8da9: raises $0.16 to $0.28
8d5c8f56: folds
1cb71b73: folds
6f2779de: folds
238cc99f: calls $0.16
*** FLOP *** [4c 2c 8s]
238cc99f: checks
3c7f8da9: bets $0.32
238cc99f: folds
Uncalled bet ($0.32) returned to 3c7f8da9
*** SHOWDOWN ***
3c7f8da9 collected $0.6 from pot
*** SUMMARY ***
Total pot $0.63 | Rake $0.03 | Jackpot $0 | Bingo $0 | Fortune $0
Board [4c 2c 8s]
Seat 1: 1cb71b73 (small blind) folded before Flop
Seat 2: 6f2779de (big blind) folded before Flop
Seat 3: 238cc99f folded on the Flop
Seat 4: Hero folded before Flop (didn't bet)
Seat 5: 3c7f8da9 won ($0.6)
Seat 6: 8d5c8f56 (button) folded before Flop (didn't bet)


Poker Hand #HD1170062589: Hold'em No Limit  ($0.02/$0.05) - 2023/03/21 19:58:36
Table 'NLHBlue36' 6-max Seat #5 is the button
Seat 1: 1cb71b73 ($15.53 in chips)
Seat 2: 6f2779de ($5 in chips)
Seat 3: 238cc99f ($9.66 in chips)
Seat 4: Hero ($10.04 in chips)
Seat 5: 3c7f8da9 ($3.86 in chips)
Seat 6: 8d5c8f56 ($4.88 in chips)
8d5c8f56: posts small blind $0.02
1cb71b73: posts big blind $0.05
*** HOLE CARDS ***
Dealt to 1cb71b73 
Dealt to 6f2779de 
Dealt to 238cc99f 
Dealt to Hero [9s 6s]
Dealt to 3c7f8da9 
Dealt to 8d5c8f56 
6f2779de: raises $0.08 to $0.13
238cc99f: folds
Hero: folds
3c7f8da9: raises $0.17 to $0.3
8d5c8f56: folds
1cb71b73: folds
6f2779de: calls $0.17
*** FLOP *** [Td 8h Ks]
6f2779de: checks
3c7f8da9: bets $0.23
6f2779de: calls $0.23
*** TURN *** [Td 8h Ks] [4c]
6f2779de: checks
3c7f8da9: checks
*** RIVER *** [Td 8h Ks 4c] [9d]
6f2779de: bets $0.85
3c7f8da9: folds
Uncalled bet ($0.85) returned to 6f2779de
*** SHOWDOWN ***
6f2779de collected $1.08 from pot
*** SUMMARY ***
Total pot $1.13 | Rake $0.05 | Jackpot $0 | Bingo $0 | Fortune $0
Board [Td 8h Ks 4c 9d]
Seat 1: 1cb71b73 (big blind) folded before Flop
Seat 2: 6f2779de won ($1.08)
Seat 3: 238cc99f folded before Flop (didn't bet)
Seat 4: Hero folded before Flop (didn't bet)
Seat 5: 3c7f8da9 (button) folded on the River
Seat 6: 8d5c8f56 (small blind) folded before Flop


Poker Hand #HD1170062445: Hold'em No Limit  ($0.02/$0.05) - 2023/03/21 19:57:41
Table 'NLHBlue36' 6-max Seat #4 is the button
Seat 1: 1cb71b73 ($15.53 in chips)
Seat 2: 6f2779de ($5 in chips)
Seat 3: 238cc99f ($9.66 in chips)
Seat 4: Hero ($10.16 in chips)
Seat 5: 3c7f8da9 ($3.63 in chips)
Seat 6: 8d5c8f56 ($5 in chips)
3c7f8da9: posts small blind $0.02
8d5c8f56: posts big blind $0.05
*** HOLE CARDS ***
Dealt to 1cb71b73 
Dealt to 6f2779de 
Dealt to 238cc99f 
Dealt to Hero [8s Qs]
Dealt to 3c7f8da9 
Dealt to 8d5c8f56 
1cb71b73: folds
6f2779de: folds
238cc99f: folds
Hero: raises $0.07 to $0.12
3c7f8da9: calls $0.1
8d5c8f56: calls $0.07
*** FLOP *** [4h Td Kh]
3c7f8da9: bets $0.28
8d5c8f56: folds
Hero: folds
Uncalled bet ($0.28) returned to 3c7f8da9
*** SHOWDOWN ***
3c7f8da9 collected $0.35 from pot
*** SUMMARY ***
Total pot $0.36 | Rake $0.01 | Jackpot $0 | Bingo $0 | Fortune $0
Board [4h Td Kh]
Seat 1: 1cb71b73 folded before Flop (didn't bet)
Seat 2: 6f2779de folded before Flop (didn't bet)
Seat 3: 238cc99f folded before Flop (didn't bet)
Seat 4: Hero (button) folded on the Flop
Seat 5: 3c7f8da9 (small blind) won ($0.35)
Seat 6: 8d5c8f56 (big blind) folded on the Flop


Poker Hand #HD1170062384: Hold'em No Limit  ($0.02/$0.05) - 2023/03/21 19:57:21
Table 'NLHBlue36' 6-max Seat #3 is the button
Seat 1: 1cb71b73 ($15.53 in chips)
Seat 2: 6f2779de ($5 in chips)
Seat 3: 238cc99f ($9.66 in chips)
Seat 4: Hero ($10.18 in chips)
Seat 5: 3c7f8da9 ($3.61 in chips)
Seat 6: 8d5c8f56 ($5 in chips)
Hero: posts small blind $0.02
3c7f8da9: posts big blind $0.05
*** HOLE CARDS ***
Dealt to 1cb71b73 
Dealt to 6f2779de 
Dealt to 238cc99f 
Dealt to Hero [Ts 2h]
Dealt to 3c7f8da9 
Dealt to 8d5c8f56 
8d5c8f56: folds
1cb71b73: folds
6f2779de: folds
238cc99f: folds
Hero: folds
Uncalled bet ($0.03) returned to 3c7f8da9
*** SHOWDOWN ***
3c7f8da9 collected $0.04 from pot
*** SUMMARY ***
Total pot $0.04 | Rake $0 | Jackpot $0 | Bingo $0 | Fortune $0
Seat 1: 1cb71b73 folded before Flop (didn't bet)
Seat 2: 6f2779de folded before Flop (didn't bet)
Seat 3: 238cc99f (button) folded before Flop (didn't bet)
Seat 4: Hero (small blind) folded before Flop
Seat 5: 3c7f8da9 (big blind) collected ($0.04)
Seat 6: 8d5c8f56 folded before Flop (didn't bet)


Poker Hand #HD1170062280: Hold'em No Limit  ($0.02/$0.05) - 2023/03/21 19:56:43
Table 'NLHBlue36' 6-max Seat #2 is the button
Seat 1: 1cb71b73 ($15.53 in chips)
Seat 2: 6f2779de ($5.07 in chips)
Seat 3: 238cc99f ($9.49 in chips)
Seat 4: Hero ($10.23 in chips)
Seat 5: 3c7f8da9 ($3.61 in chips)
Seat 6: 8d5c8f56 ($5 in chips)
238cc99f: posts small blind $0.02
Hero: posts big blind $0.05
*** HOLE CARDS ***
Dealt to 1cb71b73 
Dealt to 6f2779de 
Dealt to 238cc99f 
Dealt to Hero [4h 6s]
Dealt to 3c7f8da9 
Dealt to 8d5c8f56 
3c7f8da9: folds
8d5c8f56: folds
1cb71b73: folds
6f2779de: raises $0.08 to $0.13
238cc99f: raises $0.31 to $0.44
Hero: folds
6f2779de: folds
Uncalled bet ($0.31) returned to 238cc99f
*** SHOWDOWN ***
238cc99f collected $0.3 from pot
*** SUMMARY ***
Total pot $0.31 | Rake $0.01 | Jackpot $0 | Bingo $0 | Fortune $0
Seat 1: 1cb71b73 folded before Flop (didn't bet)
Seat 2: 6f2779de (button) folded before Flop
Seat 3: 238cc99f (small blind) collected ($0.3)
Seat 4: Hero (big blind) folded before Flop
Seat 5: 3c7f8da9 folded before Flop (didn't bet)
Seat 6: 8d5c8f56 folded before Flop (didn't bet)


Poker Hand #HD1170062226: Hold'em No Limit  ($0.02/$0.05) - 2023/03/21 19:56:25
Table 'NLHBlue36' 6-max Seat #1 is the button
Seat 1: 1cb71b73 ($15.53 in chips)
Seat 2: 6f2779de ($5.09 in chips)
Seat 3: 238cc99f ($9.54 in chips)
Seat 4: Hero ($10.23 in chips)
Seat 5: 3c7f8da9 ($3.54 in chips)
6f2779de: posts small blind $0.02
238cc99f: posts big blind $0.05
*** HOLE CARDS ***
Dealt to 1cb71b73 
Dealt to 6f2779de 
Dealt to 238cc99f 
Dealt to Hero [8h Qd]
Dealt to 3c7f8da9 
Hero: folds
3c7f8da9: raises $0.15 to $0.2
1cb71b73: folds
6f2779de: folds
238cc99f: folds
Uncalled bet ($0.15) returned to 3c7f8da9
*** SHOWDOWN ***
3c7f8da9 collected $0.12 from pot
*** SUMMARY ***
Total pot $0.12 | Rake $0 | Jackpot $0 | Bingo $0 | Fortune $0
Seat 1: 1cb71b73 (button) folded before Flop (didn't bet)
Seat 2: 6f2779de (small blind) folded before Flop
Seat 3: 238cc99f (big blind) folded before Flop
Seat 4: Hero folded before Flop (didn't bet)
Seat 5: 3c7f8da9 collected ($0.12)


Poker Hand #HD1170061816: Hold'em No Limit  ($0.02/$0.05) - 2023/03/21 19:53:48
Table 'NLHBlue36' 6-max Seat #6 is the button
Seat 1: 1cb71b73 ($15.55 in chips)
Seat 2: 6f2779de ($5.14 in chips)
Seat 3: 238cc99f ($9.54 in chips)
Seat 4: Hero ($5.69 in chips)
Seat 5: 3c7f8da9 ($5 in chips)
Seat 6: 8d5c8f56 ($4.89 in chips)
1cb71b73: posts small blind $0.02
6f2779de: posts big blind $0.05
3c7f8da9: posts missed blind $0.02
*** HOLE CARDS ***
Dealt to 1cb71b73 
Dealt to 6f2779de 
Dealt to 238cc99f 
Dealt to Hero [Kc Kh]
Dealt to 3c7f8da9 
Dealt to 8d5c8f56 
238cc99f: folds
Hero: raises $0.07 to $0.12
3c7f8da9: calls $0.12
8d5c8f56: raises $0.45 to $0.57
1cb71b73: folds
6f2779de: folds
Hero: raises $0.87 to $1.44
3c7f8da9: calls $1.32
8d5c8f56: calls $0.87
*** FLOP *** [Tc Td 8c]
Hero: bets $4.25 and is all-in
3c7f8da9: folds
8d5c8f56: calls $3.45 and is all-in
Uncalled bet ($0.8) returned to Hero
Hero: shows [Kc Kh] (Pair of Kings and Pair of Tens)
8d5c8f56: shows [Jd Js] (Pair of Jacks and Pair of Tens)
Hero: Chooses to EV Cashout 
*** TURN *** [Tc Td 8c] [4d]
*** RIVER *** [Tc Td 8c 4d] [9s]
Hero: Pays Cashout Risk ($1.33)
*** SHOWDOWN ***
Hero collected $10.76 from pot
*** SUMMARY ***
Total pot $11.31 | Rake $0.5 | Jackpot $0.05 | Bingo $0 | Fortune $0
Board [Tc Td 8c 4d 9s]
Seat 1: 1cb71b73 (small blind) folded before Flop
Seat 2: 6f2779de (big blind) folded before Flop
Seat 3: 238cc99f folded before Flop (didn't bet)
Seat 4: Hero showed [Kc Kh] and won ($10.76) with Pair of Kings and Pair of Tens, Cashout Risk ($1.33)
Seat 5: 3c7f8da9 folded on the Flop
Seat 6: 8d5c8f56 (button) showed [Jd Js] and lost with Pair of Jacks and Pair of Tens


Poker Hand #HD1170061692: Hold'em No Limit  ($0.02/$0.05) - 2023/03/21 19:53:00
Table 'NLHBlue36' 6-max Seat #4 is the button
Seat 1: 1cb71b73 ($15.42 in chips)
Seat 2: 6f2779de ($5.14 in chips)
Seat 3: 238cc99f ($9.54 in chips)
Seat 4: Hero ($5.81 in chips)
Seat 6: 8d5c8f56 ($4.91 in chips)
8d5c8f56: posts small blind $0.02
1cb71b73: posts big blind $0.05
*** HOLE CARDS ***
Dealt to 1cb71b73 
Dealt to 6f2779de 
Dealt to 238cc99f 
Dealt to Hero [9s Qs]
Dealt to 8d5c8f56 
6f2779de: folds
238cc99f: folds
Hero: raises $0.07 to $0.12
8d5c8f56: folds
1cb71b73: calls $0.07
*** FLOP *** [Ah 5h 3h]
1cb71b73: checks
Hero: checks
*** TURN *** [Ah 5h 3h] [8c]
1cb71b73: bets $0.13
Hero: folds
Uncalled bet ($0.13) returned to 1cb71b73
*** SHOWDOWN ***
1cb71b73 collected $0.25 from pot
*** SUMMARY ***
Total pot $0.26 | Rake $0.01 | Jackpot $0 | Bingo $0 | Fortune $0
Board [Ah 5h 3h 8c]
Seat 1: 1cb71b73 (big blind) won ($0.25)
Seat 2: 6f2779de folded before Flop (didn't bet)
Seat 3: 238cc99f folded before Flop (didn't bet)
Seat 4: Hero (button) folded on the Turn
Seat 6: 8d5c8f56 (small blind) folded before Flop


Poker Hand #HD1170061536: Hold'em No Limit  ($0.02/$0.05) - 2023/03/21 19:51:59
Table 'NLHBlue36' 6-max Seat #3 is the button
Seat 1: 1cb71b73 ($15.42 in chips)
Seat 2: 6f2779de ($5.14 in chips)
Seat 3: 238cc99f ($5.05 in chips)
Seat 4: Hero ($5.83 in chips)
Seat 5: 3c7f8da9 ($5.02 in chips)
Seat 6: 8d5c8f56 ($4.91 in chips)
Hero: posts small blind $0.02
3c7f8da9: posts big blind $0.05
*** HOLE CARDS ***
Dealt to 1cb71b73 
Dealt to 6f2779de 
Dealt to 238cc99f 
Dealt to Hero [Ac 2s]
Dealt to 3c7f8da9 
Dealt to 8d5c8f56 
8d5c8f56: folds
1cb71b73: folds
6f2779de: folds
238cc99f: raises $0.05 to $0.1
Hero: folds
3c7f8da9: calls $0.05
*** FLOP *** [4s Js 7c]
3c7f8da9: bets $0.08
238cc99f: raises $0.29 to $0.37
3c7f8da9: calls $0.29
*** TURN *** [4s Js 7c] [9s]
3c7f8da9: bets $0.48
238cc99f: raises $0.64 to $1.12
3c7f8da9: calls $0.64
*** RIVER *** [4s Js 7c 9s] [As]
3c7f8da9: bets $1.06
238cc99f: raises $2.4 to $3.46 and is all-in
3c7f8da9: calls $2.37 and is all-in
Uncalled bet ($0.03) returned to 238cc99f
238cc99f: shows [Ks Qs] (Ace High Flush)
3c7f8da9: shows [7s Ad] (Ace High Flush)
*** SHOWDOWN ***
238cc99f collected $9.51 from pot
*** SUMMARY ***
Total pot $10.06 | Rake $0.5 | Jackpot $0.05 | Bingo $0 | Fortune $0
Board [4s Js 7c 9s As]
Seat 1: 1cb71b73 folded before Flop (didn't bet)
Seat 2: 6f2779de folded before Flop (didn't bet)
Seat 3: 238cc99f (button) showed [Ks Qs] and won ($9.51) with Ace High Flush
Seat 4: Hero (small blind) folded before Flop
Seat 5: 3c7f8da9 (big blind) showed [7s Ad] and lost with Ace High Flush
Seat 6: 8d5c8f56 folded before Flop (didn't bet)


Poker Hand #HD1170061389: Hold'em No Limit  ($0.02/$0.05) - 2023/03/21 19:51:04
Table 'NLHBlue36' 6-max Seat #2 is the button
Seat 1: 1cb71b73 ($15.42 in chips)
Seat 2: 6f2779de ($5.14 in chips)
Seat 3: 238cc99f ($5.07 in chips)
Seat 4: Hero ($5.88 in chips)
Seat 5: 3c7f8da9 ($5.02 in chips)
Seat 6: 8d5c8f56 ($4.84 in chips)
238cc99f: posts small blind $0.02
Hero: posts big blind $0.05
*** HOLE CARDS ***
Dealt to 1cb71b73 
Dealt to 6f2779de 
Dealt to 238cc99f 
Dealt to Hero [Ah 2s]
Dealt to 3c7f8da9 
Dealt to 8d5c8f56 
3c7f8da9: folds
8d5c8f56: raises $0.08 to $0.13
1cb71b73: folds
6f2779de: folds
238cc99f: folds
Hero: folds
Uncalled bet ($0.08) returned to 8d5c8f56
*** SHOWDOWN ***
8d5c8f56 collected $0.12 from pot
*** SUMMARY ***
Total pot $0.12 | Rake $0 | Jackpot $0 | Bingo $0 | Fortune $0
Seat 1: 1cb71b73 folded before Flop (didn't bet)
Seat 2: 6f2779de (button) folded before Flop (didn't bet)
Seat 3: 238cc99f (small blind) folded before Flop
Seat 4: Hero (big blind) folded before Flop
Seat 5: 3c7f8da9 folded before Flop (didn't bet)
Seat 6: 8d5c8f56 collected ($0.12)


Poker Hand #HD1170061350: Hold'em No Limit  ($0.02/$0.05) - 2023/03/21 19:50:52
Table 'NLHBlue36' 6-max Seat #1 is the button
Seat 1: 1cb71b73 ($15.42 in chips)
Seat 2: 6f2779de ($5.16 in chips)
Seat 3: 238cc99f ($5.12 in chips)
Seat 4: Hero ($5.88 in chips)
Seat 5: 3c7f8da9 ($4.95 in chips)
Seat 6: 8d5c8f56 ($4.84 in chips)
6f2779de: posts small blind $0.02
238cc99f: posts big blind $0.05
*** HOLE CARDS ***
Dealt to 1cb71b73 
Dealt to 6f2779de 
Dealt to 238cc99f 
Dealt to Hero [8c Qh]
Dealt to 3c7f8da9 
Dealt to 8d5c8f56 
Hero: folds
3c7f8da9: raises $0.1 to $0.15
8d5c8f56: folds
1cb71b73: folds
6f2779de: folds
238cc99f: folds
Uncalled bet ($0.1) returned to 3c7f8da9
*** SHOWDOWN ***
3c7f8da9 collected $0.12 from pot
*** SUMMARY ***
Total pot $0.12 | Rake $0 | Jackpot $0 | Bingo $0 | Fortune $0
Seat 1: 1cb71b73 (button) folded before Flop (didn't bet)
Seat 2: 6f2779de (small blind) folded before Flop
Seat 3: 238cc99f (big blind) folded before Flop
Seat 4: Hero folded before Flop (didn't bet)
Seat 5: 3c7f8da9 collected ($0.12)
Seat 6: 8d5c8f56 folded before Flop (didn't bet)


Poker Hand #HD1170061292: Hold'em No Limit  ($0.02/$0.05) - 2023/03/21 19:50:27
Table 'NLHBlue36' 6-max Seat #6 is the button
Seat 1: 1cb71b73 ($15.44 in chips)
Seat 2: 6f2779de ($5.21 in chips)
Seat 3: 238cc99f ($5 in chips)
Seat 4: Hero ($5.88 in chips)
Seat 5: 3c7f8da9 ($5 in chips)
Seat 6: 8d5c8f56 ($4.84 in chips)
1cb71b73: posts small blind $0.02
6f2779de: posts big blind $0.05
3c7f8da9: posts big blind $0.05
*** HOLE CARDS ***
Dealt to 1cb71b73 
Dealt to 6f2779de 
Dealt to 238cc99f 
Dealt to Hero [6h Kh]
Dealt to 3c7f8da9 
Dealt to 8d5c8f56 
238cc99f: raises $0.25 to $0.3
Hero: folds
3c7f8da9: folds
8d5c8f56: folds
1cb71b73: folds
6f2779de: folds
Uncalled bet ($0.25) returned to 238cc99f
*** SHOWDOWN ***
238cc99f collected $0.17 from pot
*** SUMMARY ***
Total pot $0.17 | Rake $0 | Jackpot $0 | Bingo $0 | Fortune $0
Seat 1: 1cb71b73 (small blind) folded before Flop
Seat 2: 6f2779de (big blind) folded before Flop
Seat 3: 238cc99f collected ($0.17)
Seat 4: Hero folded before Flop (didn't bet)
Seat 5: 3c7f8da9 folded before Flop
Seat 6: 8d5c8f56 (button) folded before Flop (didn't bet)


Poker Hand #HD1170061093: Hold'em No Limit  ($0.02/$0.05) - 2023/03/21 19:49:14
Table 'NLHBlue36' 6-max Seat #4 is the button
Seat 1: 1cb71b73 ($15.44 in chips)
Seat 2: 6f2779de ($5.21 in chips)
Seat 3: 238cc99f ($5.09 in chips)
Seat 4: Hero ($5.88 in chips)
Seat 5: 4dbc6636 ($5.91 in chips)
Seat 6: 8d5c8f56 ($4.71 in chips)
4dbc6636: posts small blind $0.02
8d5c8f56: posts big blind $0.05
*** HOLE CARDS ***
Dealt to 1cb71b73 
Dealt to 6f2779de 
Dealt to 238cc99f 
Dealt to Hero [5s Kc]
Dealt to 4dbc6636 
Dealt to 8d5c8f56 
1cb71b73: folds
6f2779de: folds
238cc99f: raises $0.07 to $0.12
Hero: folds
4dbc6636: folds
8d5c8f56: calls $0.07
*** FLOP *** [4c 4h 9d]
8d5c8f56: checks
238cc99f: checks
*** TURN *** [4c 4h 9d] [8s]
8d5c8f56: checks
238cc99f: checks
*** RIVER *** [4c 4h 9d 8s] [Jc]
8d5c8f56: checks
238cc99f: checks
238cc99f: shows [Tc Ah] (Pair of Fours)
8d5c8f56: shows [5d 4d] (Three Fours)
*** SHOWDOWN ***
8d5c8f56 collected $0.25 from pot
*** SUMMARY ***
Total pot $0.26 | Rake $0.01 | Jackpot $0 | Bingo $0 | Fortune $0
Board [4c 4h 9d 8s Jc]
Seat 1: 1cb71b73 folded before Flop (didn't bet)
Seat 2: 6f2779de folded before Flop (didn't bet)
Seat 3: 238cc99f showed [Tc Ah] and lost with Pair of Fours
Seat 4: Hero (button) folded before Flop (didn't bet)
Seat 5: 4dbc6636 (small blind) folded before Flop
Seat 6: 8d5c8f56 (big blind) showed [5d 4d] and won ($0.25) with Three Fours


Poker Hand #HD1170061008: Hold'em No Limit  ($0.02/$0.05) - 2023/03/21 19:48:42
Table 'NLHBlue36' 6-max Seat #3 is the button
Seat 1: 1cb71b73 ($15.44 in chips)
Seat 2: 6f2779de ($5.21 in chips)
Seat 3: 238cc99f ($5.09 in chips)
Seat 4: Hero ($5.9 in chips)
Seat 5: 4dbc6636 ($5.89 in chips)
Seat 6: 8d5c8f56 ($4.71 in chips)
Hero: posts small blind $0.02
4dbc6636: posts big blind $0.05
*** HOLE CARDS ***
Dealt to 1cb71b73 
Dealt to 6f2779de 
Dealt to 238cc99f 
Dealt to Hero [4h 3s]
Dealt to 4dbc6636 
Dealt to 8d5c8f56 
8d5c8f56: folds
1cb71b73: folds
6f2779de: folds
238cc99f: folds
Hero: folds
Uncalled bet ($0.03) returned to 4dbc6636
*** SHOWDOWN ***
4dbc6636 collected $0.04 from pot
*** SUMMARY ***
Total pot $0.04 | Rake $0 | Jackpot $0 | Bingo $0 | Fortune $0
Seat 1: 1cb71b73 folded before Flop (didn't bet)
Seat 2: 6f2779de folded before Flop (didn't bet)
Seat 3: 238cc99f (button) folded before Flop (didn't bet)
Seat 4: Hero (small blind) folded before Flop
Seat 5: 4dbc6636 (big blind) collected ($0.04)
Seat 6: 8d5c8f56 folded before Flop (didn't bet)


Poker Hand #HD1170060943: Hold'em No Limit  ($0.02/$0.05) - 2023/03/21 19:48:19
Table 'NLHBlue36' 6-max Seat #2 is the button
Seat 1: 1cb71b73 ($15.44 in chips)
Seat 2: 6f2779de ($5.21 in chips)
Seat 3: 238cc99f ($5.11 in chips)
Seat 4: Hero ($5.95 in chips)
Seat 5: 4dbc6636 ($5.89 in chips)
Seat 6: 8d5c8f56 ($4.64 in chips)
238cc99f: posts small blind $0.02
Hero: posts big blind $0.05
*** HOLE CARDS ***
Dealt to 1cb71b73 
Dealt to 6f2779de 
Dealt to 238cc99f 
Dealt to Hero [Ts 3h]
Dealt to 4dbc6636 
Dealt to 8d5c8f56 
4dbc6636: folds
8d5c8f56: raises $0.08 to $0.13
1cb71b73: folds
6f2779de: folds
238cc99f: folds
Hero: folds
Uncalled bet ($0.08) returned to 8d5c8f56
*** SHOWDOWN ***
8d5c8f56 collected $0.12 from pot
*** SUMMARY ***
Total pot $0.12 | Rake $0 | Jackpot $0 | Bingo $0 | Fortune $0
Seat 1: 1cb71b73 folded before Flop (didn't bet)
Seat 2: 6f2779de (button) folded before Flop (didn't bet)
Seat 3: 238cc99f (small blind) folded before Flop
Seat 4: Hero (big blind) folded before Flop
Seat 5: 4dbc6636 folded before Flop (didn't bet)
Seat 6: 8d5c8f56 collected ($0.12)


Poker Hand #HD1170060827: Hold'em No Limit  ($0.02/$0.05) - 2023/03/21 19:47:34
Table 'NLHBlue36' 6-max Seat #1 is the button
Seat 1: 1cb71b73 ($15.44 in chips)
Seat 2: 6f2779de ($5.09 in chips)
Seat 3: 238cc99f ($5.24 in chips)
Seat 4: Hero ($5.95 in chips)
Seat 5: 4dbc6636 ($5.89 in chips)
Seat 6: 8d5c8f56 ($4.64 in chips)
6f2779de: posts small blind $0.02
238cc99f: posts big blind $0.05
*** HOLE CARDS ***
Dealt to 1cb71b73 
Dealt to 6f2779de 
Dealt to 238cc99f 
Dealt to Hero [2c 8c]
Dealt to 4dbc6636 
Dealt to 8d5c8f56 
Hero: folds
4dbc6636: folds
8d5c8f56: folds
1cb71b73: folds
6f2779de: raises $0.08 to $0.13
238cc99f: calls $0.08
*** FLOP *** [4c 7c 3h]
6f2779de: bets $0.09
238cc99f: folds
Uncalled bet ($0.09) returned to 6f2779de
*** SHOWDOWN ***
6f2779de collected $0.25 from pot
*** SUMMARY ***
Total pot $0.26 | Rake $0.01 | Jackpot $0 | Bingo $0 | Fortune $0
Board [4c 7c 3h]
Seat 1: 1cb71b73 (button) folded before Flop (didn't bet)
Seat 2: 6f2779de (small blind) won ($0.25)
Seat 3: 238cc99f (big blind) folded on the Flop
Seat 4: Hero folded before Flop (didn't bet)
Seat 5: 4dbc6636 folded before Flop (didn't bet)
Seat 6: 8d5c8f56 folded before Flop (didn't bet)


Poker Hand #HD1170060757: Hold'em No Limit  ($0.02/$0.05) - 2023/03/21 19:47:05
Table 'NLHBlue36' 6-max Seat #6 is the button
Seat 1: 1cb71b73 ($15.46 in chips)
Seat 2: 6f2779de ($5.14 in chips)
Seat 3: 238cc99f ($5.24 in chips)
Seat 4: Hero ($5.95 in chips)
Seat 5: 4dbc6636 ($5.82 in chips)
Seat 6: 8d5c8f56 ($4.64 in chips)
1cb71b73: posts small blind $0.02
6f2779de: posts big blind $0.05
*** HOLE CARDS ***
Dealt to 1cb71b73 
Dealt to 6f2779de 
Dealt to 238cc99f 
Dealt to Hero [9h Qc]
Dealt to 4dbc6636 
Dealt to 8d5c8f56 
238cc99f: folds
Hero: folds
4dbc6636: raises $0.1 to $0.15
8d5c8f56: folds
1cb71b73: folds
6f2779de: folds
Uncalled bet ($0.1) returned to 4dbc6636
*** SHOWDOWN ***
4dbc6636 collected $0.12 from pot
*** SUMMARY ***
Total pot $0.12 | Rake $0 | Jackpot $0 | Bingo $0 | Fortune $0
Seat 1: 1cb71b73 (small blind) folded before Flop
Seat 2: 6f2779de (big blind) folded before Flop
Seat 3: 238cc99f folded before Flop (didn't bet)
Seat 4: Hero folded before Flop (didn't bet)
Seat 5: 4dbc6636 collected ($0.12)
Seat 6: 8d5c8f56 (button) folded before Flop (didn't bet)


Poker Hand #HD1170060499: Hold'em No Limit  ($0.02/$0.05) - 2023/03/21 19:45:34
Table 'NLHBlue36' 6-max Seat #5 is the button
Seat 1: 1cb71b73 ($15.18 in chips)
Seat 2: 6f2779de ($5.14 in chips)
Seat 3: 238cc99f ($5.24 in chips)
Seat 4: Hero ($5.95 in chips)
Seat 5: 4dbc6636 ($5.82 in chips)
Seat 6: 8d5c8f56 ($4.95 in chips)
8d5c8f56: posts small blind $0.02
1cb71b73: posts big blind $0.05
*** HOLE CARDS ***
Dealt to 1cb71b73 
Dealt to 6f2779de 
Dealt to 238cc99f 
Dealt to Hero [7h 2d]
Dealt to 4dbc6636 
Dealt to 8d5c8f56 
6f2779de: folds
238cc99f: folds
Hero: folds
4dbc6636: folds
8d5c8f56: raises $0.1 to $0.15
1cb71b73: calls $0.1
*** FLOP *** [9c Jc 9s]
8d5c8f56: bets $0.16
1cb71b73: calls $0.16
*** TURN *** [9c Jc 9s] [5c]
8d5c8f56: checks
1cb71b73: checks
*** RIVER *** [9c Jc 9s 5c] [8d]
8d5c8f56: checks
1cb71b73: bets $0.31
8d5c8f56: folds
Uncalled bet ($0.31) returned to 1cb71b73
*** SHOWDOWN ***
1cb71b73 collected $0.59 from pot
*** SUMMARY ***
Total pot $0.62 | Rake $0.03 | Jackpot $0 | Bingo $0 | Fortune $0
Board [9c Jc 9s 5c 8d]
Seat 1: 1cb71b73 (big blind) won ($0.59)
Seat 2: 6f2779de folded before Flop (didn't bet)
Seat 3: 238cc99f folded before Flop (didn't bet)
Seat 4: Hero folded before Flop (didn't bet)
Seat 5: 4dbc6636 (button) folded before Flop (didn't bet)
Seat 6: 8d5c8f56 (small blind) folded on the River


Poker Hand #HD1170060305: Hold'em No Limit  ($0.02/$0.05) - 2023/03/21 19:44:24
Table 'NLHBlue36' 6-max Seat #4 is the button
Seat 1: 1cb71b73 ($15.18 in chips)
Seat 2: 6f2779de ($5.07 in chips)
Seat 3: 238cc99f ($5.24 in chips)
Seat 4: Hero ($5.95 in chips)
Seat 5: 4dbc6636 ($5.84 in chips)
Seat 6: 8d5c8f56 ($5 in chips)
4dbc6636: posts small blind $0.02
8d5c8f56: posts big blind $0.05
*** HOLE CARDS ***
Dealt to 1cb71b73 
Dealt to 6f2779de 
Dealt to 238cc99f 
Dealt to Hero [6d 6s]
Dealt to 4dbc6636 
Dealt to 8d5c8f56 
1cb71b73: folds
6f2779de: raises $0.08 to $0.13
238cc99f: folds
Hero: folds
4dbc6636: folds
8d5c8f56: folds
Uncalled bet ($0.08) returned to 6f2779de
*** SHOWDOWN ***
6f2779de collected $0.12 from pot
*** SUMMARY ***
Total pot $0.12 | Rake $0 | Jackpot $0 | Bingo $0 | Fortune $0
Seat 1: 1cb71b73 folded before Flop (didn't bet)
Seat 2: 6f2779de collected ($0.12)
Seat 3: 238cc99f folded before Flop (didn't bet)
Seat 4: Hero (button) folded before Flop (didn't bet)
Seat 5: 4dbc6636 (small blind) folded before Flop
Seat 6: 8d5c8f56 (big blind) folded before Flop


Poker Hand #HD1170060256: Hold'em No Limit  ($0.02/$0.05) - 2023/03/21 19:44:06
Table 'NLHBlue36' 6-max Seat #3 is the button
Seat 1: 1cb71b73 ($15.18 in chips)
Seat 2: 6f2779de ($5 in chips)
Seat 3: 238cc99f ($5.24 in chips)
Seat 4: Hero ($5.97 in chips)
Seat 5: 4dbc6636 ($5.89 in chips)
Hero: posts small blind $0.02
4dbc6636: posts big blind $0.05
*** HOLE CARDS ***
Dealt to 1cb71b73 
Dealt to 6f2779de 
Dealt to 238cc99f 
Dealt to Hero [3h 4h]
Dealt to 4dbc6636 
1cb71b73: folds
6f2779de: raises $0.08 to $0.13
238cc99f: folds
Hero: folds
4dbc6636: folds
Uncalled bet ($0.08) returned to 6f2779de
*** SHOWDOWN ***
6f2779de collected $0.12 from pot
*** SUMMARY ***
Total pot $0.12 | Rake $0 | Jackpot $0 | Bingo $0 | Fortune $0
Seat 1: 1cb71b73 folded before Flop (didn't bet)
Seat 2: 6f2779de collected ($0.12)
Seat 3: 238cc99f (button) folded before Flop (didn't bet)
Seat 4: Hero (small blind) folded before Flop
Seat 5: 4dbc6636 (big blind) folded before Flop


Poker Hand #HD1170060119: Hold'em No Limit  ($0.02/$0.05) - 2023/03/21 19:43:13
Table 'NLHBlue36' 6-max Seat #2 is the button
Seat 1: 1cb71b73 ($15.18 in chips)
Seat 2: 6f2779de ($5 in chips)
Seat 3: 238cc99f ($5.39 in chips)
Seat 4: Hero ($6.12 in chips)
Seat 5: 4dbc6636 ($5.61 in chips)
238cc99f: posts small blind $0.02
Hero: posts big blind $0.05
*** HOLE CARDS ***
Dealt to 1cb71b73 
Dealt to 6f2779de 
Dealt to 238cc99f 
Dealt to Hero [9c As]
Dealt to 4dbc6636 
4dbc6636: raises $0.1 to $0.15
1cb71b73: folds
6f2779de: folds
238cc99f: calls $0.13
Hero: calls $0.1
*** FLOP *** [8c 4s 3s]
238cc99f: checks
Hero: checks
4dbc6636: bets $0.45
238cc99f: folds
Hero: folds
Uncalled bet ($0.45) returned to 4dbc6636
*** SHOWDOWN ***
4dbc6636 collected $0.43 from pot
*** SUMMARY ***
Total pot $0.45 | Rake $0.02 | Jackpot $0 | Bingo $0 | Fortune $0
Board [8c 4s 3s]
Seat 1: 1cb71b73 folded before Flop (didn't bet)
Seat 2: 6f2779de (button) folded before Flop (didn't bet)
Seat 3: 238cc99f (small blind) folded on the Flop
Seat 4: Hero (big blind) folded on the Flop
Seat 5: 4dbc6636 won ($0.43)


Poker Hand #HD1170060057: Hold'em No Limit  ($0.02/$0.05) - 2023/03/21 19:42:46
Table 'NLHBlue36' 6-max Seat #1 is the button
Seat 1: 1cb71b73 ($15.3 in chips)
Seat 2: 6f2779de ($5 in chips)
Seat 3: 238cc99f ($5.26 in chips)
Seat 4: Hero ($6.12 in chips)
Seat 5: 4dbc6636 ($5.61 in chips)
6f2779de: posts small blind $0.02
238cc99f: posts big blind $0.05
*** HOLE CARDS ***
Dealt to 1cb71b73 
Dealt to 6f2779de 
Dealt to 238cc99f 
Dealt to Hero [8d 2d]
Dealt to 4dbc6636 
Hero: folds
4dbc6636: folds
1cb71b73: raises $0.07 to $0.12
6f2779de: folds
238cc99f: raises $0.26 to $0.38
1cb71b73: folds
Uncalled bet ($0.26) returned to 238cc99f
*** SHOWDOWN ***
238cc99f collected $0.25 from pot
*** SUMMARY ***
Total pot $0.26 | Rake $0.01 | Jackpot $0 | Bingo $0 | Fortune $0
Seat 1: 1cb71b73 (button) folded before Flop
Seat 2: 6f2779de (small blind) folded before Flop
Seat 3: 238cc99f (big blind) collected ($0.25)
Seat 4: Hero folded before Flop (didn't bet)
Seat 5: 4dbc6636 folded before Flop (didn't bet)


Poker Hand #HD1170059923: Hold'em No Limit  ($0.02/$0.05) - 2023/03/21 19:41:50
Table 'NLHBlue36' 6-max Seat #6 is the button
Seat 1: 1cb71b73 ($15.32 in chips)
Seat 2: 6f2779de ($5 in chips)
Seat 3: 238cc99f ($5.08 in chips)
Seat 4: Hero ($6.12 in chips)
Seat 5: 4dbc6636 ($5.73 in chips)
Seat 6: 834996f8 ($5.68 in chips)
1cb71b73: posts small blind $0.02
6f2779de: posts big blind $0.05
*** HOLE CARDS ***
Dealt to 1cb71b73 
Dealt to 6f2779de 
Dealt to 238cc99f 
Dealt to Hero [8h 8c]
Dealt to 4dbc6636 
Dealt to 834996f8 
238cc99f: raises $0.07 to $0.12
Hero: folds
4dbc6636: calls $0.12
834996f8: folds
1cb71b73: folds
6f2779de: folds
*** FLOP *** [Ad 9h Jc]
238cc99f: checks
4dbc6636: checks
*** TURN *** [Ad 9h Jc] [2c]
238cc99f: checks
4dbc6636: checks
*** RIVER *** [Ad 9h Jc 2c] [Ts]
238cc99f: checks
4dbc6636: checks
238cc99f: shows [6s 6h] (Pair of Sixes)
4dbc6636: shows [3c 3d] (Pair of Treys)
*** SHOWDOWN ***
238cc99f collected $0.3 from pot
*** SUMMARY ***
Total pot $0.31 | Rake $0.01 | Jackpot $0 | Bingo $0 | Fortune $0
Board [Ad 9h Jc 2c Ts]
Seat 1: 1cb71b73 (small blind) folded before Flop
Seat 2: 6f2779de (big blind) folded before Flop
Seat 3: 238cc99f showed [6s 6h] and won ($0.3) with Pair of Sixes
Seat 4: Hero folded before Flop (didn't bet)
Seat 5: 4dbc6636 showed [3c 3d] and lost with Pair of Treys
Seat 6: 834996f8 (button) folded before Flop (didn't bet)


Poker Hand #HD1170059644: Hold'em No Limit  ($0.02/$0.05) - 2023/03/21 19:40:03
Table 'NLHBlue36' 6-max Seat #5 is the button
Seat 1: 1cb71b73 ($15.37 in chips)
Seat 2: 6f2779de ($5 in chips)
Seat 3: 238cc99f ($5.44 in chips)
Seat 4: Hero ($5 in chips)
Seat 5: 4dbc6636 ($5.73 in chips)
Seat 6: 834996f8 ($6.54 in chips)
834996f8: posts small blind $0.02
1cb71b73: posts big blind $0.05
*** HOLE CARDS ***
Dealt to 1cb71b73 
Dealt to 6f2779de 
Dealt to 238cc99f 
Dealt to Hero [Qh Kd]
Dealt to 4dbc6636 
Dealt to 834996f8 
6f2779de: folds
238cc99f: raises $0.07 to $0.12
Hero: raises $0.24 to $0.36
4dbc6636: folds
834996f8: calls $0.34
1cb71b73: folds
238cc99f: calls $0.24
*** FLOP *** [Kh 5h Ad]
834996f8: checks
238cc99f: checks
Hero: bets $0.5
834996f8: calls $0.5
238cc99f: folds
*** TURN *** [Kh 5h Ad] [5s]
834996f8: checks
Hero: checks
*** RIVER *** [Kh 5h Ad 5s] [2c]
834996f8: checks
Hero: checks
834996f8: shows [Jd Td] (Pair of Fives)
Hero: shows [Qh Kd] (Pair of Kings and Pair of Fives)
*** SHOWDOWN ***
Hero collected $1.98 from pot
*** SUMMARY ***
Total pot $2.13 | Rake $0.1 | Jackpot $0.05 | Bingo $0 | Fortune $0
Board [Kh 5h Ad 5s 2c]
Seat 1: 1cb71b73 (big blind) folded before Flop
Seat 2: 6f2779de folded before Flop (didn't bet)
Seat 3: 238cc99f folded on the Flop
Seat 4: Hero showed [Qh Kd] and won ($1.98) with Pair of Kings and Pair of Fives
Seat 5: 4dbc6636 (button) folded before Flop (didn't bet)
Seat 6: 834996f8 (small blind) showed [Jd Td] and lost with Pair of Fives


Poker Hand #HD1170059504: Hold'em No Limit  ($0.02/$0.05) - 2023/03/21 19:39:08
Table 'NLHBlue36' 6-max Seat #4 is the button
Seat 1: 1cb71b73 ($15.37 in chips)
Seat 2: 6f2779de ($5 in chips)
Seat 3: 238cc99f ($5.44 in chips)
Seat 4: Hero ($5 in chips)
Seat 5: 4dbc6636 ($5.1 in chips)
Seat 6: 834996f8 ($6.59 in chips)
4dbc6636: posts small blind $0.02
834996f8: posts big blind $0.05
*** HOLE CARDS ***
Dealt to 1cb71b73 
Dealt to 6f2779de 
Dealt to 238cc99f 
Dealt to Hero [Td 9d]
Dealt to 4dbc6636 
Dealt to 834996f8 
1cb71b73: folds
6f2779de: raises $0.08 to $0.13
238cc99f: folds
Hero: calls $0.13
4dbc6636: raises $0.37 to $0.5
834996f8: folds
6f2779de: folds
Hero: calls $0.37
*** FLOP *** [Th 4s Ac]
4dbc6636: bets $0.91
Hero: folds
Uncalled bet ($0.91) returned to 4dbc6636
*** SHOWDOWN ***
4dbc6636 collected $1.13 from pot
*** SUMMARY ***
Total pot $1.18 | Rake $0.05 | Jackpot $0 | Bingo $0 | Fortune $0
Board [Th 4s Ac]
Seat 1: 1cb71b73 folded before Flop (didn't bet)
Seat 2: 6f2779de folded before Flop
Seat 3: 238cc99f folded before Flop (didn't bet)
Seat 4: Hero (button) folded on the Flop
Seat 5: 4dbc6636 (small blind) won ($1.13)
Seat 6: 834996f8 (big blind) folded before Flop


Poker Hand #HD1170059439: Hold'em No Limit  ($0.02/$0.05) - 2023/03/21 19:38:46
Table 'NLHBlue36' 6-max Seat #3 is the button
Seat 1: 1cb71b73 ($15.37 in chips)
Seat 2: 6f2779de ($5 in chips)
Seat 3: 238cc99f ($5.44 in chips)
Seat 4: Hero ($5 in chips)
Seat 5: 4dbc6636 ($5.15 in chips)
Seat 6: 834996f8 ($6.52 in chips)
Hero: posts small blind $0.02
4dbc6636: posts big blind $0.05
*** HOLE CARDS ***
Dealt to 1cb71b73 
Dealt to 6f2779de 
Dealt to 238cc99f 
Dealt to Hero [9s Ts]
Dealt to 4dbc6636 
Dealt to 834996f8 
834996f8: raises $0.12 to $0.17
1cb71b73: folds
6f2779de: folds
238cc99f: folds
Hero: folds
4dbc6636: folds
Uncalled bet ($0.12) returned to 834996f8
*** SHOWDOWN ***
834996f8 collected $0.12 from pot
*** SUMMARY ***
Total pot $0.12 | Rake $0 | Jackpot $0 | Bingo $0 | Fortune $0
Seat 1: 1cb71b73 folded before Flop (didn't bet)
Seat 2: 6f2779de folded before Flop (didn't bet)
Seat 3: 238cc99f (button) folded before Flop (didn't bet)
Seat 4: Hero (small blind) folded before Flop
Seat 5: 4dbc6636 (big blind) folded before Flop
Seat 6: 834996f8 collected ($0.12)


Poker Hand #HD1170059318: Hold'em No Limit  ($0.02/$0.05) - 2023/03/21 19:37:56
Table 'NLHBlue36' 6-max Seat #2 is the button
Seat 1: 1cb71b73 ($15.37 in chips)
Seat 2: 6f2779de ($5 in chips)
Seat 3: 238cc99f ($5.11 in chips)
Seat 4: Hero ($5 in chips)
Seat 5: 4dbc6636 ($5.15 in chips)
Seat 6: 834996f8 ($6.52 in chips)
238cc99f: posts small blind $0.02
Hero: posts big blind $0.05
*** HOLE CARDS ***
Dealt to 1cb71b73 
Dealt to 6f2779de 
Dealt to 238cc99f 
Dealt to Hero [As Jd]
Dealt to 4dbc6636 
Dealt to 834996f8 
4dbc6636: folds
834996f8: folds
1cb71b73: folds
6f2779de: folds
238cc99f: raises $0.07 to $0.12
Hero: raises $0.24 to $0.36
238cc99f: raises $1.04 to $1.4
Hero: folds
Uncalled bet ($1.04) returned to 238cc99f
*** SHOWDOWN ***
238cc99f collected $0.69 from pot
*** SUMMARY ***
Total pot $0.72 | Rake $0.03 | Jackpot $0 | Bingo $0 | Fortune $0
Seat 1: 1cb71b73 folded before Flop (didn't bet)
Seat 2: 6f2779de (button) folded before Flop (didn't bet)
Seat 3: 238cc99f (small blind) collected ($0.69)
Seat 4: Hero (big blind) folded before Flop
Seat 5: 4dbc6636 folded before Flop (didn't bet)
Seat 6: 834996f8 folded before Flop (didn't bet)


Poker Hand #HD1170059247: Hold'em No Limit  ($0.02/$0.05) - 2023/03/21 19:37:27
Table 'NLHBlue36' 6-max Seat #1 is the button
Seat 1: 1cb71b73 ($15.37 in chips)
Seat 2: 6f2779de ($5 in chips)
Seat 3: 238cc99f ($5.09 in chips)
Seat 4: Hero ($5 in chips)
Seat 5: 4dbc6636 ($5.15 in chips)
Seat 6: 834996f8 ($6.52 in chips)
6f2779de: posts small blind $0.02
238cc99f: posts big blind $0.05
*** HOLE CARDS ***
Dealt to 1cb71b73 
Dealt to 6f2779de 
Dealt to 238cc99f 
Dealt to Hero [5s 8c]
Dealt to 4dbc6636 
Dealt to 834996f8 
Hero: folds
4dbc6636: folds
834996f8: folds
1cb71b73: folds
6f2779de: folds
Uncalled bet ($0.03) returned to 238cc99f
*** SHOWDOWN ***
238cc99f collected $0.04 from pot
*** SUMMARY ***
Total pot $0.04 | Rake $0 | Jackpot $0 | Bingo $0 | Fortune $0
Seat 1: 1cb71b73 (button) folded before Flop (didn't bet)
Seat 2: 6f2779de (small blind) folded before Flop
Seat 3: 238cc99f (big blind) collected ($0.04)
Seat 4: Hero folded before Flop (didn't bet)
Seat 5: 4dbc6636 folded before Flop (didn't bet)
Seat 6: 834996f8 folded before Flop (didn't bet)


Poker Hand #HD1170058993: Hold'em No Limit  ($0.02/$0.05) - 2023/03/21 19:35:49
Table 'NLHBlue36' 6-max Seat #6 is the button
Seat 1: 1cb71b73 ($15.42 in chips)
Seat 2: 6f2779de ($5.07 in chips)
Seat 3: 238cc99f ($5.09 in chips)
Seat 4: Hero ($5 in chips)
Seat 5: 4dbc6636 ($5.15 in chips)
Seat 6: 834996f8 ($6.29 in chips)
1cb71b73: posts small blind $0.02
6f2779de: posts big blind $0.05
*** HOLE CARDS ***
Dealt to 1cb71b73 
Dealt to 6f2779de 
Dealt to 238cc99f 
Dealt to Hero [Tc 6s]
Dealt to 4dbc6636 
Dealt to 834996f8 
238cc99f: folds
Hero: folds
4dbc6636: folds
834996f8: calls $0.05
1cb71b73: calls $0.03
6f2779de: checks
*** FLOP *** [8s 2s Jc]
1cb71b73: checks
6f2779de: checks
834996f8: bets $0.15
1cb71b73: folds
6f2779de: calls $0.15
*** TURN *** [8s 2s Jc] [4d]
6f2779de: checks
834996f8: bets $0.45
6f2779de: folds
Uncalled bet ($0.45) returned to 834996f8
*** SHOWDOWN ***
834996f8 collected $0.43 from pot
*** SUMMARY ***
Total pot $0.45 | Rake $0.02 | Jackpot $0 | Bingo $0 | Fortune $0
Board [8s 2s Jc 4d]
Seat 1: 1cb71b73 (small blind) folded on the Flop
Seat 2: 6f2779de (big blind) folded on the Turn
Seat 3: 238cc99f folded before Flop (didn't bet)
Seat 4: Hero folded before Flop (didn't bet)
Seat 5: 4dbc6636 folded before Flop (didn't bet)
Seat 6: 834996f8 (button) won ($0.43)


Poker Hand #HD1170058935: Hold'em No Limit  ($0.02/$0.05) - 2023/03/21 19:35:27
Table 'NLHBlue36' 6-max Seat #5 is the button
Seat 1: 1cb71b73 ($15.47 in chips)
Seat 2: 6f2779de ($5 in chips)
Seat 3: 238cc99f ($5.09 in chips)
Seat 4: Hero ($5 in chips)
Seat 5: 4dbc6636 ($5.15 in chips)
Seat 6: 834996f8 ($6.31 in chips)
834996f8: posts small blind $0.02
1cb71b73: posts big blind $0.05
*** HOLE CARDS ***
Dealt to 1cb71b73 
Dealt to 6f2779de 
Dealt to 238cc99f 
Dealt to Hero [As 7c]
Dealt to 4dbc6636 
Dealt to 834996f8 
6f2779de: raises $0.08 to $0.13
238cc99f: folds
Hero: folds
4dbc6636: folds
834996f8: folds
1cb71b73: folds
Uncalled bet ($0.08) returned to 6f2779de
*** SHOWDOWN ***
6f2779de collected $0.12 from pot
*** SUMMARY ***
Total pot $0.12 | Rake $0 | Jackpot $0 | Bingo $0 | Fortune $0
Seat 1: 1cb71b73 (big blind) folded before Flop
Seat 2: 6f2779de collected ($0.12)
Seat 3: 238cc99f folded before Flop (didn't bet)
Seat 4: Hero folded before Flop (didn't bet)
Seat 5: 4dbc6636 (button) folded before Flop (didn't bet)
Seat 6: 834996f8 (small blind) folded before Flop


Poker Hand #HD1170058783: Hold'em No Limit  ($0.02/$0.05) - 2023/03/21 19:34:26
Table 'NLHBlue36' 6-max Seat #4 is the button
Seat 1: 1cb71b73 ($15.47 in chips)
Seat 2: 6f2779de ($5 in chips)
Seat 3: 238cc99f ($5.09 in chips)
Seat 4: Hero ($5 in chips)
Seat 5: 4dbc6636 ($5.3 in chips)
Seat 6: 834996f8 ($6.17 in chips)
4dbc6636: posts small blind $0.02
834996f8: posts big blind $0.05
*** HOLE CARDS ***
Dealt to 1cb71b73 
Dealt to 6f2779de 
Dealt to 238cc99f 
Dealt to Hero [6s 2c]
Dealt to 4dbc6636 
Dealt to 834996f8 
1cb71b73: folds
6f2779de: folds
238cc99f: folds
Hero: folds
4dbc6636: raises $0.1 to $0.15
834996f8: calls $0.1
*** FLOP *** [5c 8s 8h]
4dbc6636: checks
834996f8: checks
*** TURN *** [5c 8s 8h] [4c]
4dbc6636: checks
834996f8: checks
*** RIVER *** [5c 8s 8h 4c] [7h]
4dbc6636: checks
834996f8: bets $0.3
4dbc6636: folds
Uncalled bet ($0.3) returned to 834996f8
*** SHOWDOWN ***
834996f8 collected $0.29 from pot
*** SUMMARY ***
Total pot $0.3 | Rake $0.01 | Jackpot $0 | Bingo $0 | Fortune $0
Board [5c 8s 8h 4c 7h]
Seat 1: 1cb71b73 folded before Flop (didn't bet)
Seat 2: 6f2779de folded before Flop (didn't bet)
Seat 3: 238cc99f folded before Flop (didn't bet)
Seat 4: Hero (button) folded before Flop (didn't bet)
Seat 5: 4dbc6636 (small blind) folded on the River
Seat 6: 834996f8 (big blind) won ($0.29)


Poker Hand #HD1170058746: Hold'em No Limit  ($0.02/$0.05) - 2023/03/21 19:34:11
Table 'NLHBlue36' 6-max Seat #3 is the button
Seat 1: 1cb71b73 ($15.47 in chips)
Seat 2: 6f2779de ($5 in chips)
Seat 3: 238cc99f ($5.09 in chips)
Seat 4: Hero ($5.02 in chips)
Seat 5: 4dbc6636 ($5.28 in chips)
Seat 6: 834996f8 ($6.17 in chips)
Hero: posts small blind $0.02
4dbc6636: posts big blind $0.05
*** HOLE CARDS ***
Dealt to 1cb71b73 
Dealt to 6f2779de 
Dealt to 238cc99f 
Dealt to Hero [Td 4s]
Dealt to 4dbc6636 
Dealt to 834996f8 
834996f8: folds
1cb71b73: folds
6f2779de: folds
238cc99f: folds
Hero: folds
Uncalled bet ($0.03) returned to 4dbc6636
*** SHOWDOWN ***
4dbc6636 collected $0.04 from pot
*** SUMMARY ***
Total pot $0.04 | Rake $0 | Jackpot $0 | Bingo $0 | Fortune $0
Seat 1: 1cb71b73 folded before Flop (didn't bet)
Seat 2: 6f2779de folded before Flop (didn't bet)
Seat 3: 238cc99f (button) folded before Flop (didn't bet)
Seat 4: Hero (small blind) folded before Flop
Seat 5: 4dbc6636 (big blind) collected ($0.04)
Seat 6: 834996f8 folded before Flop (didn't bet)


Poker Hand #HD1170058691: Hold'em No Limit  ($0.02/$0.05) - 2023/03/21 19:33:50
Table 'NLHBlue36' 6-max Seat #2 is the button
Seat 1: 1cb71b73 ($15.47 in chips)
Seat 2: 6f2779de ($5 in chips)
Seat 3: 238cc99f ($5.04 in chips)
Seat 4: Hero ($5.07 in chips)
Seat 5: 4dbc6636 ($5.28 in chips)
Seat 6: 834996f8 ($6.17 in chips)
238cc99f: posts small blind $0.02
Hero: posts big blind $0.05
*** HOLE CARDS ***
Dealt to 1cb71b73 
Dealt to 6f2779de 
Dealt to 238cc99f 
Dealt to Hero [9d 7s]
Dealt to 4dbc6636 
Dealt to 834996f8 
4dbc6636: folds
834996f8: folds
1cb71b73: folds
6f2779de: folds
238cc99f: raises $0.07 to $0.12
Hero: folds
Uncalled bet ($0.07) returned to 238cc99f
*** SHOWDOWN ***
238cc99f collected $0.1 from pot
*** SUMMARY ***
Total pot $0.1 | Rake $0 | Jackpot $0 | Bingo $0 | Fortune $0
Seat 1: 1cb71b73 folded before Flop (didn't bet)
Seat 2: 6f2779de (button) folded before Flop (didn't bet)
Seat 3: 238cc99f (small blind) collected ($0.1)
Seat 4: Hero (big blind) folded before Flop
Seat 5: 4dbc6636 folded before Flop (didn't bet)
Seat 6: 834996f8 folded before Flop (didn't bet)


Poker Hand #HD1170058575: Hold'em No Limit  ($0.02/$0.05) - 2023/03/21 19:33:07
Table 'NLHBlue36' 6-max Seat #1 is the button
Seat 1: 1cb71b73 ($15.47 in chips)
Seat 2: 6f2779de ($5 in chips)
Seat 3: 238cc99f ($5.09 in chips)
Seat 4: Hero ($5.07 in chips)
Seat 5: 4dbc6636 ($5.28 in chips)
Seat 6: 834996f8 ($6.1 in chips)
6f2779de: posts small blind $0.02
238cc99f: posts big blind $0.05
*** HOLE CARDS ***
Dealt to 1cb71b73 
Dealt to 6f2779de 
Dealt to 238cc99f 
Dealt to Hero [9d 5c]
Dealt to 4dbc6636 
Dealt to 834996f8 
Hero: folds
4dbc6636: folds
834996f8: raises $0.12 to $0.17
1cb71b73: folds
6f2779de: folds
238cc99f: folds
Uncalled bet ($0.12) returned to 834996f8
*** SHOWDOWN ***
834996f8 collected $0.12 from pot
*** SUMMARY ***
Total pot $0.12 | Rake $0 | Jackpot $0 | Bingo $0 | Fortune $0
Seat 1: 1cb71b73 (button) folded before Flop (didn't bet)
Seat 2: 6f2779de (small blind) folded before Flop
Seat 3: 238cc99f (big blind) folded before Flop
Seat 4: Hero folded before Flop (didn't bet)
Seat 5: 4dbc6636 folded before Flop (didn't bet)
Seat 6: 834996f8 collected ($0.12)


Poker Hand #HD1170058523: Hold'em No Limit  ($0.02/$0.05) - 2023/03/21 19:32:48
Table 'NLHBlue36' 6-max Seat #6 is the button
Seat 1: 1cb71b73 ($15.49 in chips)
Seat 2: 6f2779de ($5 in chips)
Seat 3: 238cc99f ($5.09 in chips)
Seat 4: Hero ($5 in chips)
Seat 5: 4dbc6636 ($5.28 in chips)
Seat 6: 834996f8 ($6.1 in chips)
1cb71b73: posts small blind $0.02
6f2779de: posts big blind $0.05
*** HOLE CARDS ***
Dealt to 1cb71b73 
Dealt to 6f2779de 
Dealt to 238cc99f 
Dealt to Hero [Jh Qs]
Dealt to 4dbc6636 
Dealt to 834996f8 
238cc99f: folds
Hero: raises $0.07 to $0.12
4dbc6636: folds
834996f8: folds
1cb71b73: folds
6f2779de: folds
Uncalled bet ($0.07) returned to Hero
*** SHOWDOWN ***
Hero collected $0.12 from pot
*** SUMMARY ***
Total pot $0.12 | Rake $0 | Jackpot $0 | Bingo $0 | Fortune $0
Seat 1: 1cb71b73 (small blind) folded before Flop
Seat 2: 6f2779de (big blind) folded before Flop
Seat 3: 238cc99f folded before Flop (didn't bet)
Seat 4: Hero collected ($0.12)
Seat 5: 4dbc6636 folded before Flop (didn't bet)
Seat 6: 834996f8 (button) folded before Flop (didn't bet)


Poker Hand #HD1170058391: Hold'em No Limit  ($0.02/$0.05) - 2023/03/21 19:31:51
Table 'NLHBlue36' 6-max Seat #5 is the button
Seat 1: 1cb71b73 ($15.54 in chips)
Seat 2: 6f2779de ($5 in chips)
Seat 3: 238cc99f ($5.21 in chips)
Seat 4: Hero ($5 in chips)
Seat 5: 4dbc6636 ($5.28 in chips)
Seat 6: 834996f8 ($5.94 in chips)
834996f8: posts small blind $0.02
1cb71b73: posts big blind $0.05
*** HOLE CARDS ***
Dealt to 1cb71b73 
Dealt to 6f2779de 
Dealt to 238cc99f 
Dealt to Hero [2c 7d]
Dealt to 4dbc6636 
Dealt to 834996f8 
6f2779de: folds
238cc99f: raises $0.07 to $0.12
Hero: folds
4dbc6636: folds
834996f8: calls $0.1
1cb71b73: folds
*** FLOP *** [4c Jd 6h]
834996f8: checks
238cc99f: checks
*** TURN *** [4c Jd 6h] [5h]
834996f8: bets $0.1
238cc99f: folds
Uncalled bet ($0.1) returned to 834996f8
*** SHOWDOWN ***
834996f8 collected $0.28 from pot
*** SUMMARY ***
Total pot $0.29 | Rake $0.01 | Jackpot $0 | Bingo $0 | Fortune $0
Board [4c Jd 6h 5h]
Seat 1: 1cb71b73 (big blind) folded before Flop
Seat 2: 6f2779de folded before Flop (didn't bet)
Seat 3: 238cc99f folded on the Turn
Seat 4: Hero folded before Flop (didn't bet)
Seat 5: 4dbc6636 (button) folded before Flop (didn't bet)
Seat 6: 834996f8 (small blind) won ($0.28)


Poker Hand #HD1170058316: Hold'em No Limit  ($0.02/$0.05) - 2023/03/21 19:31:22
Table 'NLHBlue36' 6-max Seat #4 is the button
Seat 1: 1cb71b73 ($15.54 in chips)
Seat 2: 6f2779de ($5 in chips)
Seat 3: 238cc99f ($5.21 in chips)
Seat 4: Hero ($5 in chips)
Seat 5: 4dbc6636 ($5.3 in chips)
Seat 6: 834996f8 ($5.92 in chips)
4dbc6636: posts small blind $0.02
834996f8: posts big blind $0.05
*** HOLE CARDS ***
Dealt to 1cb71b73 
Dealt to 6f2779de 
Dealt to 238cc99f 
Dealt to Hero [6s Th]
Dealt to 4dbc6636 
Dealt to 834996f8 
1cb71b73: folds
6f2779de: folds
238cc99f: folds
Hero: folds
4dbc6636: folds
Uncalled bet ($0.03) returned to 834996f8
*** SHOWDOWN ***
834996f8 collected $0.04 from pot
*** SUMMARY ***
Total pot $0.04 | Rake $0 | Jackpot $0 | Bingo $0 | Fortune $0
Seat 1: 1cb71b73 folded before Flop (didn't bet)
Seat 2: 6f2779de folded before Flop (didn't bet)
Seat 3: 238cc99f folded before Flop (didn't bet)
Seat 4: Hero (button) folded before Flop (didn't bet)
Seat 5: 4dbc6636 (small blind) folded before Flop
Seat 6: 834996f8 (big blind) collected ($0.04)


Poker Hand #HD1170058139: Hold'em No Limit  ($0.02/$0.05) - 2023/03/21 19:30:11
Table 'NLHBlue36' 6-max Seat #3 is the button
Seat 1: 1cb71b73 ($15.85 in chips)
Seat 2: 6f2779de ($5 in chips)
Seat 3: 238cc99f ($5.21 in chips)
Seat 4: Hero ($5 in chips)
Seat 5: 4dbc6636 ($5 in chips)
Seat 6: 834996f8 ($5.92 in chips)
Hero: posts small blind $0.02
4dbc6636: posts big blind $0.05
*** HOLE CARDS ***
Dealt to 1cb71b73 
Dealt to 6f2779de 
Dealt to 238cc99f 
Dealt to Hero [6d 5h]
Dealt to 4dbc6636 
Dealt to 834996f8 
834996f8: folds
1cb71b73: raises $0.1 to $0.15
6f2779de: folds
238cc99f: folds
Hero: folds
4dbc6636: calls $0.1
*** FLOP *** [Jd 9s 5d]
4dbc6636: checks
1cb71b73: bets $0.16
4dbc6636: calls $0.16
*** TURN *** [Jd 9s 5d] [Ts]
4dbc6636: checks
1cb71b73: checks
*** RIVER *** [Jd 9s 5d Ts] [Qd]
4dbc6636: bets $1.5
1cb71b73: folds
Uncalled bet ($1.5) returned to 4dbc6636
*** SHOWDOWN ***
4dbc6636 collected $0.61 from pot
*** SUMMARY ***
Total pot $0.64 | Rake $0.03 | Jackpot $0 | Bingo $0 | Fortune $0
Board [Jd 9s 5d Ts Qd]
Seat 1: 1cb71b73 folded on the River
Seat 2: 6f2779de folded before Flop (didn't bet)
Seat 3: 238cc99f (button) folded before Flop (didn't bet)
Seat 4: Hero (small blind) folded before Flop
Seat 5: 4dbc6636 (big blind) won ($0.61)
Seat 6: 834996f8 folded before Flop (didn't bet)


Poker Hand #HD1170057958: Hold'em No Limit  ($0.02/$0.05) - 2023/03/21 19:29:01
Table 'NLHBlue36' 6-max Seat #2 is the button
Seat 1: 1cb71b73 ($15.85 in chips)
Seat 2: 6f2779de ($5 in chips)
Seat 3: 238cc99f ($5.1 in chips)
Seat 4: Hero ($5 in chips)
Seat 5: 4dbc6636 ($5 in chips)
Seat 6: 834996f8 ($5.92 in chips)
238cc99f: posts small blind $0.02
Hero: posts big blind $0.05
*** HOLE CARDS ***
Dealt to 1cb71b73 
Dealt to 6f2779de 
Dealt to 238cc99f 
Dealt to Hero [Qs Td]
Dealt to 4dbc6636 
Dealt to 834996f8 
4dbc6636: folds
834996f8: folds
1cb71b73: folds
6f2779de: folds
238cc99f: raises $0.07 to $0.12
Hero: calls $0.07
*** FLOP *** [3d Jh Ah]
238cc99f: checks
Hero: checks
*** TURN *** [3d Jh Ah] [Ad]
238cc99f: checks
Hero: checks
*** RIVER *** [3d Jh Ah Ad] [6c]
238cc99f: checks
Hero: checks
238cc99f: shows [6d Ks] (Pair of Aces and Pair of Sixes)
Hero: shows [Qs Td] (Pair of Aces)
*** SHOWDOWN ***
238cc99f collected $0.23 from pot
*** SUMMARY ***
Total pot $0.24 | Rake $0.01 | Jackpot $0 | Bingo $0 | Fortune $0
Board [3d Jh Ah Ad 6c]
Seat 1: 1cb71b73 folded before Flop (didn't bet)
Seat 2: 6f2779de (button) folded before Flop (didn't bet)
Seat 3: 238cc99f (small blind) showed [6d Ks] and won ($0.23) with Pair of Aces and Pair of Sixes
Seat 4: Hero (big blind) showed [Qs Td] and lost with Pair of Aces
Seat 5: 4dbc6636 folded before Flop (didn't bet)
Seat 6: 834996f8 folded before Flop (didn't bet)


Poker Hand #HD1170057878: Hold'em No Limit  ($0.02/$0.05) - 2023/03/21 19:28:31
Table 'NLHBlue36' 6-max Seat #1 is the button
Seat 1: 1cb71b73 ($15.85 in chips)
Seat 2: 6f2779de ($5 in chips)
Seat 3: 238cc99f ($5.15 in chips)
Seat 4: Hero ($5.12 in chips)
Seat 5: 4dbc6636 ($5 in chips)
Seat 6: 834996f8 ($5.74 in chips)
6f2779de: posts small blind $0.02
238cc99f: posts big blind $0.05
*** HOLE CARDS ***
Dealt to 1cb71b73 
Dealt to 6f2779de 
Dealt to 238cc99f 
Dealt to Hero [Ah 3h]
Dealt to 4dbc6636 
Dealt to 834996f8 
Hero: raises $0.07 to $0.12
4dbc6636: folds
834996f8: raises $0.31 to $0.43
1cb71b73: folds
6f2779de: folds
238cc99f: folds
Hero: folds
Uncalled bet ($0.31) returned to 834996f8
*** SHOWDOWN ***
834996f8 collected $0.3 from pot
*** SUMMARY ***
Total pot $0.31 | Rake $0.01 | Jackpot $0 | Bingo $0 | Fortune $0
Seat 1: 1cb71b73 (button) folded before Flop (didn't bet)
Seat 2: 6f2779de (small blind) folded before Flop
Seat 3: 238cc99f (big blind) folded before Flop
Seat 4: Hero folded before Flop
Seat 5: 4dbc6636 folded before Flop (didn't bet)
Seat 6: 834996f8 collected ($0.3)


Poker Hand #HD1170057757: Hold'em No Limit  ($0.02/$0.05) - 2023/03/21 19:27:44
Table 'NLHBlue36' 6-max Seat #6 is the button
Seat 1: 1cb71b73 ($15.87 in chips)
Seat 2: 6f2779de ($5 in chips)
Seat 3: 238cc99f ($5.58 in chips)
Seat 4: Hero ($5.12 in chips)
Seat 5: 4dbc6636 ($5 in chips)
Seat 6: 834996f8 ($5.28 in chips)
1cb71b73: posts small blind $0.02
6f2779de: posts big blind $0.05
*** HOLE CARDS ***
Dealt to 1cb71b73 
Dealt to 6f2779de 
Dealt to 238cc99f 
Dealt to Hero [6h 2c]
Dealt to 4dbc6636 
Dealt to 834996f8 
238cc99f: raises $0.07 to $0.12
Hero: folds
4dbc6636: folds
834996f8: raises $0.31 to $0.43
1cb71b73: folds
6f2779de: folds
238cc99f: calls $0.31
*** FLOP *** [3d Th 2s]
238cc99f: checks
834996f8: bets $0.93
238cc99f: folds
Uncalled bet ($0.93) returned to 834996f8
*** SHOWDOWN ***
834996f8 collected $0.89 from pot
*** SUMMARY ***
Total pot $0.93 | Rake $0.04 | Jackpot $0 | Bingo $0 | Fortune $0
Board [3d Th 2s]
Seat 1: 1cb71b73 (small blind) folded before Flop
Seat 2: 6f2779de (big blind) folded before Flop
Seat 3: 238cc99f folded on the Flop
Seat 4: Hero folded before Flop (didn't bet)
Seat 5: 4dbc6636 folded before Flop (didn't bet)
Seat 6: 834996f8 (button) won ($0.89)


Poker Hand #HD1170057581: Hold'em No Limit  ($0.02/$0.05) - 2023/03/21 19:26:35
Table 'NLHBlue36' 6-max Seat #5 is the button
Seat 1: 1cb71b73 ($16 in chips)
Seat 2: 6f2779de ($5 in chips)
Seat 3: 238cc99f ($5.58 in chips)
Seat 4: Hero ($5.12 in chips)
Seat 5: 4dbc6636 ($5 in chips)
Seat 6: 834996f8 ($5.16 in chips)
834996f8: posts small blind $0.02
1cb71b73: posts big blind $0.05
*** HOLE CARDS ***
Dealt to 1cb71b73 
Dealt to 6f2779de 
Dealt to 238cc99f 
Dealt to Hero [7h 6d]
Dealt to 4dbc6636 
Dealt to 834996f8 
6f2779de: folds
238cc99f: folds
Hero: folds
4dbc6636: folds
834996f8: calls $0.03
1cb71b73: checks
*** FLOP *** [Qh As Jd]
834996f8: checks
1cb71b73: checks
*** TURN *** [Qh As Jd] [3c]
834996f8: checks
1cb71b73: bets $0.08
834996f8: calls $0.08
*** RIVER *** [Qh As Jd 3c] [Qc]
834996f8: checks
1cb71b73: checks
834996f8: shows [6s Kc] (Pair of Queens)
1cb71b73: shows [Ts 4c] (Pair of Queens)
*** SHOWDOWN ***
834996f8 collected $0.25 from pot
*** SUMMARY ***
Total pot $0.26 | Rake $0.01 | Jackpot $0 | Bingo $0 | Fortune $0
Board [Qh As Jd 3c Qc]
Seat 1: 1cb71b73 (big blind) showed [Ts 4c] and lost with Pair of Queens
Seat 2: 6f2779de folded before Flop (didn't bet)
Seat 3: 238cc99f folded before Flop (didn't bet)
Seat 4: Hero folded before Flop (didn't bet)
Seat 5: 4dbc6636 (button) folded before Flop (didn't bet)
Seat 6: 834996f8 (small blind) showed [6s Kc] and won ($0.25) with Pair of Queens


Poker Hand #HD1170057401: Hold'em No Limit  ($0.02/$0.05) - 2023/03/21 19:25:17
Table 'NLHBlue36' 6-max Seat #4 is the button
Seat 1: 1cb71b73 ($16 in chips)
Seat 2: 6f2779de ($5 in chips)
Seat 3: 238cc99f ($5.45 in chips)
Seat 4: Hero ($5.12 in chips)
Seat 5: 4dbc6636 ($5 in chips)
Seat 6: 834996f8 ($5.28 in chips)
4dbc6636: posts small blind $0.02
834996f8: posts big blind $0.05
*** HOLE CARDS ***
Dealt to 1cb71b73 
Dealt to 6f2779de 
Dealt to 238cc99f 
Dealt to Hero [Kh 9h]
Dealt to 4dbc6636 
Dealt to 834996f8 
1cb71b73: folds
6f2779de: folds
238cc99f: raises $0.07 to $0.12
Hero: folds
4dbc6636: folds
834996f8: calls $0.07
*** FLOP *** [6d 5d Jc]
834996f8: checks
238cc99f: checks
*** TURN *** [6d 5d Jc] [2s]
834996f8: checks
238cc99f: checks
*** RIVER *** [6d 5d Jc 2s] [Tc]
834996f8: checks
238cc99f: checks
834996f8: shows [Ad 7h] (Ace-High)
238cc99f: shows [4h 4c] (Pair of Fours)
*** SHOWDOWN ***
238cc99f collected $0.25 from pot
*** SUMMARY ***
Total pot $0.26 | Rake $0.01 | Jackpot $0 | Bingo $0 | Fortune $0
Board [6d 5d Jc 2s Tc]
Seat 1: 1cb71b73 folded before Flop (didn't bet)
Seat 2: 6f2779de folded before Flop (didn't bet)
Seat 3: 238cc99f showed [4h 4c] and won ($0.25) with Pair of Fours
Seat 4: Hero (button) folded before Flop (didn't bet)
Seat 5: 4dbc6636 (small blind) folded before Flop
Seat 6: 834996f8 (big blind) showed [Ad 7h] and lost with Ace-High


Poker Hand #HD1170057198: Hold'em No Limit  ($0.02/$0.05) - 2023/03/21 19:23:56
Table 'NLHBlue36' 6-max Seat #3 is the button
Seat 1: 1cb71b73 ($16 in chips)
Seat 2: 6f2779de ($5 in chips)
Seat 3: 238cc99f ($5.45 in chips)
Seat 4: Hero ($5.14 in chips)
Seat 5: 4dbc6636 ($5.21 in chips)
Seat 6: 834996f8 ($5 in chips)
Hero: posts small blind $0.02
4dbc6636: posts big blind $0.05
*** HOLE CARDS ***
Dealt to 1cb71b73 
Dealt to 6f2779de 
Dealt to 238cc99f 
Dealt to Hero [3d 5s]
Dealt to 4dbc6636 
Dealt to 834996f8 
834996f8: calls $0.05
1cb71b73: folds
6f2779de: folds
238cc99f: folds
Hero: folds
4dbc6636: checks
*** FLOP *** [7d Kc 6c]
4dbc6636: checks
834996f8: bets $0.06
4dbc6636: calls $0.06
*** TURN *** [7d Kc 6c] [Ad]
4dbc6636: checks
834996f8: bets $0.18
4dbc6636: calls $0.18
*** RIVER *** [7d Kc 6c Ad] [Ks]
4dbc6636: checks
834996f8: bets $0.6
4dbc6636: folds
Uncalled bet ($0.6) returned to 834996f8
*** SHOWDOWN ***
834996f8 collected $0.57 from pot
*** SUMMARY ***
Total pot $0.6 | Rake $0.03 | Jackpot $0 | Bingo $0 | Fortune $0
Board [7d Kc 6c Ad Ks]
Seat 1: 1cb71b73 folded before Flop (didn't bet)
Seat 2: 6f2779de folded before Flop (didn't bet)
Seat 3: 238cc99f (button) folded before Flop (didn't bet)
Seat 4: Hero (small blind) folded before Flop
Seat 5: 4dbc6636 (big blind) folded on the River
Seat 6: 834996f8 won ($0.57)


Poker Hand #HD1170057097: Hold'em No Limit  ($0.02/$0.05) - 2023/03/21 19:23:19
Table 'NLHBlue36' 6-max Seat #2 is the button
Seat 1: 1cb71b73 ($15.93 in chips)
Seat 2: 6f2779de ($5 in chips)
Seat 3: 238cc99f ($5.47 in chips)
Seat 4: Hero ($5.19 in chips)
Seat 5: 4dbc6636 ($5.21 in chips)
Seat 6: 834996f8 ($5 in chips)
238cc99f: posts small blind $0.02
Hero: posts big blind $0.05
*** HOLE CARDS ***
Dealt to 1cb71b73 
Dealt to 6f2779de 
Dealt to 238cc99f 
Dealt to Hero [9d Kc]
Dealt to 4dbc6636 
Dealt to 834996f8 
4dbc6636: folds
834996f8: folds
1cb71b73: raises $0.07 to $0.12
6f2779de: folds
238cc99f: folds
Hero: folds
Uncalled bet ($0.07) returned to 1cb71b73
*** SHOWDOWN ***
1cb71b73 collected $0.12 from pot
*** SUMMARY ***
Total pot $0.12 | Rake $0 | Jackpot $0 | Bingo $0 | Fortune $0
Seat 1: 1cb71b73 collected ($0.12)
Seat 2: 6f2779de (button) folded before Flop (didn't bet)
Seat 3: 238cc99f (small blind) folded before Flop
Seat 4: Hero (big blind) folded before Flop
Seat 5: 4dbc6636 folded before Flop (didn't bet)
Seat 6: 834996f8 folded before Flop (didn't bet)


Poker Hand #HD1170056928: Hold'em No Limit  ($0.02/$0.05) - 2023/03/21 19:22:15
Table 'NLHBlue36' 6-max Seat #1 is the button
Seat 1: 1cb71b73 ($15.93 in chips)
Seat 2: 6f2779de ($5 in chips)
Seat 3: 238cc99f ($5.13 in chips)
Seat 4: Hero ($5.19 in chips)
Seat 5: 4dbc6636 ($5.56 in chips)
Seat 6: 834996f8 ($5 in chips)
6f2779de: posts small blind $0.02
238cc99f: posts big blind $0.05
*** HOLE CARDS ***
Dealt to 1cb71b73 
Dealt to 6f2779de 
Dealt to 238cc99f 
Dealt to Hero [4d Jc]
Dealt to 4dbc6636 
Dealt to 834996f8 
Hero: folds
4dbc6636: raises $0.08 to $0.13
834996f8: folds
1cb71b73: folds
6f2779de: folds
238cc99f: calls $0.08
*** FLOP *** [5c 2d 4c]
238cc99f: checks
4dbc6636: bets $0.22
238cc99f: calls $0.22
*** TURN *** [5c 2d 4c] [7c]
238cc99f: checks
4dbc6636: checks
*** RIVER *** [5c 2d 4c 7c] [Kd]
238cc99f: checks
4dbc6636: checks
238cc99f: shows [Ac 6c] (Ace High Flush)
4dbc6636: shows [Ah 9h] (Ace-High)
*** SHOWDOWN ***
238cc99f collected $0.69 from pot
*** SUMMARY ***
Total pot $0.72 | Rake $0.03 | Jackpot $0 | Bingo $0 | Fortune $0
Board [5c 2d 4c 7c Kd]
Seat 1: 1cb71b73 (button) folded before Flop (didn't bet)
Seat 2: 6f2779de (small blind) folded before Flop
Seat 3: 238cc99f (big blind) showed [Ac 6c] and won ($0.69) with Ace High Flush
Seat 4: Hero folded before Flop (didn't bet)
Seat 5: 4dbc6636 showed [Ah 9h] and lost with Ace-High
Seat 6: 834996f8 folded before Flop (didn't bet)


Poker Hand #HD1170056781: Hold'em No Limit  ($0.02/$0.05) - 2023/03/21 19:21:14
Table 'NLHBlue36' 6-max Seat #6 is the button
Seat 1: 1cb71b73 ($15.95 in chips)
Seat 2: 6f2779de ($5 in chips)
Seat 3: 238cc99f ($5 in chips)
Seat 4: Hero ($5.19 in chips)
Seat 5: 4dbc6636 ($5.56 in chips)
Seat 6: 834996f8 ($5 in chips)
1cb71b73: posts small blind $0.02
6f2779de: posts big blind $0.05
*** HOLE CARDS ***
Dealt to 1cb71b73 
Dealt to 6f2779de 
Dealt to 238cc99f 
Dealt to Hero [Ah 4s]
Dealt to 4dbc6636 
Dealt to 834996f8 
238cc99f: raises $0.07 to $0.12
Hero: folds
4dbc6636: folds
834996f8: folds
1cb71b73: folds
6f2779de: calls $0.07
*** FLOP *** [9d 3c 7c]
6f2779de: checks
238cc99f: checks
*** TURN *** [9d 3c 7c] [8s]
6f2779de: checks
238cc99f: checks
*** RIVER *** [9d 3c 7c 8s] [Ad]
6f2779de: checks
238cc99f: checks
6f2779de: shows [Qd 6d] (Ace-High)
238cc99f: shows [Kh Qh] (Ace-High)
*** SHOWDOWN ***
238cc99f collected $0.25 from pot
*** SUMMARY ***
Total pot $0.26 | Rake $0.01 | Jackpot $0 | Bingo $0 | Fortune $0
Board [9d 3c 7c 8s Ad]
Seat 1: 1cb71b73 (small blind) folded before Flop
Seat 2: 6f2779de (big blind) showed [Qd 6d] and lost with Ace-High
Seat 3: 238cc99f showed [Kh Qh] and won ($0.25) with Ace-High
Seat 4: Hero folded before Flop (didn't bet)
Seat 5: 4dbc6636 folded before Flop (didn't bet)
Seat 6: 834996f8 (button) folded before Flop (didn't bet)


Poker Hand #HD1170056714: Hold'em No Limit  ($0.02/$0.05) - 2023/03/21 19:20:47
Table 'NLHBlue36' 6-max Seat #5 is the button
Seat 1: 1cb71b73 ($16 in chips)
Seat 2: 6f2779de ($5 in chips)
Seat 3: 238cc99f ($5 in chips)
Seat 4: Hero ($5.19 in chips)
Seat 5: 4dbc6636 ($5.56 in chips)
Seat 6: 834996f8 ($4.95 in chips)
834996f8: posts small blind $0.02
1cb71b73: posts big blind $0.05
*** HOLE CARDS ***
Dealt to 1cb71b73 
Dealt to 6f2779de 
Dealt to 238cc99f 
Dealt to Hero [5c 4d]
Dealt to 4dbc6636 
Dealt to 834996f8 
6f2779de: folds
238cc99f: folds
Hero: folds
4dbc6636: folds
834996f8: raises $0.1 to $0.15
1cb71b73: folds
Uncalled bet ($0.1) returned to 834996f8
*** SHOWDOWN ***
834996f8 collected $0.1 from pot
*** SUMMARY ***
Total pot $0.1 | Rake $0 | Jackpot $0 | Bingo $0 | Fortune $0
Seat 1: 1cb71b73 (big blind) folded before Flop
Seat 2: 6f2779de folded before Flop (didn't bet)
Seat 3: 238cc99f folded before Flop (didn't bet)
Seat 4: Hero folded before Flop (didn't bet)
Seat 5: 4dbc6636 (button) folded before Flop (didn't bet)
Seat 6: 834996f8 (small blind) collected ($0.1)


Poker Hand #HD1170056671: Hold'em No Limit  ($0.02/$0.05) - 2023/03/21 19:20:32
Table 'NLHBlue36' 6-max Seat #4 is the button
Seat 1: 1cb71b73 ($15.93 in chips)
Seat 2: 6f2779de ($5 in chips)
Seat 3: 238cc99f ($5 in chips)
Seat 4: Hero ($5.19 in chips)
Seat 5: 4dbc6636 ($5.58 in chips)
Seat 6: 834996f8 ($5 in chips)
4dbc6636: posts small blind $0.02
834996f8: posts big blind $0.05
*** HOLE CARDS ***
Dealt to 1cb71b73 
Dealt to 6f2779de 
Dealt to 238cc99f 
Dealt to Hero [Ac Ts]
Dealt to 4dbc6636 
Dealt to 834996f8 
1cb71b73: raises $0.1 to $0.15
6f2779de: folds
238cc99f: folds
Hero: folds
4dbc6636: folds
834996f8: folds
Uncalled bet ($0.1) returned to 1cb71b73
*** SHOWDOWN ***
1cb71b73 collected $0.12 from pot
*** SUMMARY ***
Total pot $0.12 | Rake $0 | Jackpot $0 | Bingo $0 | Fortune $0
Seat 1: 1cb71b73 collected ($0.12)
Seat 2: 6f2779de folded before Flop (didn't bet)
Seat 3: 238cc99f folded before Flop (didn't bet)
Seat 4: Hero (button) folded before Flop (didn't bet)
Seat 5: 4dbc6636 (small blind) folded before Flop
Seat 6: 834996f8 (big blind) folded before Flop


Poker Hand #HD1170056530: Hold'em No Limit  ($0.02/$0.05) - 2023/03/21 19:19:35
Table 'NLHBlue36' 6-max Seat #3 is the button
Seat 1: 1cb71b73 ($15.93 in chips)
Seat 2: 6f2779de ($5 in chips)
Seat 3: 238cc99f ($5 in chips)
Seat 4: Hero ($5.21 in chips)
Seat 5: 4dbc6636 ($5.45 in chips)
Hero: posts small blind $0.02
4dbc6636: posts big blind $0.05
*** HOLE CARDS ***
Dealt to 1cb71b73 
Dealt to 6f2779de 
Dealt to 238cc99f 
Dealt to Hero [Kc 6s]
Dealt to 4dbc6636 
1cb71b73: folds
6f2779de: folds
238cc99f: raises $0.07 to $0.12
Hero: folds
4dbc6636: calls $0.07
*** FLOP *** [Jd Td Th]
4dbc6636: checks
238cc99f: checks
*** TURN *** [Jd Td Th] [Qd]
4dbc6636: bets $0.15
238cc99f: folds
Uncalled bet ($0.15) returned to 4dbc6636
*** SHOWDOWN ***
4dbc6636 collected $0.25 from pot
*** SUMMARY ***
Total pot $0.26 | Rake $0.01 | Jackpot $0 | Bingo $0 | Fortune $0
Board [Jd Td Th Qd]
Seat 1: 1cb71b73 folded before Flop (didn't bet)
Seat 2: 6f2779de folded before Flop (didn't bet)
Seat 3: 238cc99f (button) folded on the Turn
Seat 4: Hero (small blind) folded before Flop
Seat 5: 4dbc6636 (big blind) won ($0.25)


Poker Hand #HD1170056362: Hold'em No Limit  ($0.02/$0.05) - 2023/03/21 19:18:35
Table 'NLHBlue36' 6-max Seat #2 is the button
Seat 1: 1cb71b73 ($16.14 in chips)
Seat 2: 6f2779de ($5 in chips)
Seat 3: 238cc99f ($5 in chips)
Seat 4: Hero ($5 in chips)
Seat 5: 4dbc6636 ($5.45 in chips)
Seat 6: 49734612 ($2.59 in chips)
238cc99f: posts small blind $0.02
Hero: posts big blind $0.05
*** HOLE CARDS ***
Dealt to 1cb71b73 
Dealt to 6f2779de 
Dealt to 238cc99f 
Dealt to Hero [2c As]
Dealt to 4dbc6636 
Dealt to 49734612 
4dbc6636: folds
49734612: folds
1cb71b73: raises $0.07 to $0.12
6f2779de: folds
238cc99f: folds
Hero: calls $0.07
*** FLOP *** [Kh Qs Ah]
Hero: checks
1cb71b73: checks
*** TURN *** [Kh Qs Ah] [8d]
Hero: bets $0.09
1cb71b73: calls $0.09
*** RIVER *** [Kh Qs Ah 8d] [Td]
Hero: checks
1cb71b73: checks
Hero: shows [2c As] (Pair of Aces)
1cb71b73: shows [Kd 4d] (Pair of Kings)
*** SHOWDOWN ***
Hero collected $0.42 from pot
*** SUMMARY ***
Total pot $0.44 | Rake $0.02 | Jackpot $0 | Bingo $0 | Fortune $0
Board [Kh Qs Ah 8d Td]
Seat 1: 1cb71b73 showed [Kd 4d] and lost with Pair of Kings
Seat 2: 6f2779de (button) folded before Flop (didn't bet)
Seat 3: 238cc99f (small blind) folded before Flop
Seat 4: Hero (big blind) showed [2c As] and won ($0.42) with Pair of Aces
Seat 5: 4dbc6636 folded before Flop (didn't bet)
Seat 6: 49734612 folded before Flop (didn't bet)


Poker Hand #HD1170056240: Hold'em No Limit  ($0.02/$0.05) - 2023/03/21 19:17:48
Table 'NLHBlue36' 6-max Seat #1 is the button
Seat 1: 1cb71b73 ($16.14 in chips)
Seat 2: 6f2779de ($5 in chips)
Seat 3: 238cc99f ($5.14 in chips)
Seat 4: Hero ($5 in chips)
Seat 5: 4dbc6636 ($5.45 in chips)
Seat 6: 49734612 ($2.43 in chips)
6f2779de: posts small blind $0.02
238cc99f: posts big blind $0.05
*** HOLE CARDS ***
Dealt to 1cb71b73 
Dealt to 6f2779de 
Dealt to 238cc99f 
Dealt to Hero [4h Qh]
Dealt to 4dbc6636 
Dealt to 49734612 
Hero: folds
4dbc6636: folds
49734612: raises $0.1 to $0.15
1cb71b73: folds
6f2779de: folds
238cc99f: calls $0.1
*** FLOP *** [2d Ac 3d]
238cc99f: checks
49734612: bets $0.16
238cc99f: folds
Uncalled bet ($0.16) returned to 49734612
*** SHOWDOWN ***
49734612 collected $0.31 from pot
*** SUMMARY ***
Total pot $0.32 | Rake $0.01 | Jackpot $0 | Bingo $0 | Fortune $0
Board [2d Ac 3d]
Seat 1: 1cb71b73 (button) folded before Flop (didn't bet)
Seat 2: 6f2779de (small blind) folded before Flop
Seat 3: 238cc99f (big blind) folded on the Flop
Seat 4: Hero folded before Flop (didn't bet)
Seat 5: 4dbc6636 folded before Flop (didn't bet)
Seat 6: 49734612 won ($0.31)


Poker Hand #HD1170056155: Hold'em No Limit  ($0.02/$0.05) - 2023/03/21 19:17:13
Table 'NLHBlue36' 6-max Seat #6 is the button
Seat 1: 1cb71b73 ($16.16 in chips)
Seat 2: 6f2779de ($5 in chips)
Seat 3: 238cc99f ($5.07 in chips)
Seat 4: Hero ($5 in chips)
Seat 5: 4dbc6636 ($5.45 in chips)
Seat 6: 49734612 ($2.43 in chips)
1cb71b73: posts small blind $0.02
6f2779de: posts big blind $0.05
*** HOLE CARDS ***
Dealt to 1cb71b73 
Dealt to 6f2779de 
Dealt to 238cc99f 
Dealt to Hero [8c Jh]
Dealt to 4dbc6636 
Dealt to 49734612 
238cc99f: raises $0.07 to $0.12
Hero: folds
4dbc6636: folds
49734612: folds
1cb71b73: folds
6f2779de: folds
Uncalled bet ($0.07) returned to 238cc99f
*** SHOWDOWN ***
238cc99f collected $0.12 from pot
*** SUMMARY ***
Total pot $0.12 | Rake $0 | Jackpot $0 | Bingo $0 | Fortune $0
Seat 1: 1cb71b73 (small blind) folded before Flop
Seat 2: 6f2779de (big blind) folded before Flop
Seat 3: 238cc99f collected ($0.12)
Seat 4: Hero folded before Flop (didn't bet)
Seat 5: 4dbc6636 folded before Flop (didn't bet)
Seat 6: 49734612 (button) folded before Flop (didn't bet)


Poker Hand #HD1170056088: Hold'em No Limit  ($0.02/$0.05) - 2023/03/21 19:16:52
Table 'NLHBlue36' 6-max Seat #5 is the button
Seat 1: 1cb71b73 ($16.21 in chips)
Seat 2: 6f2779de ($5 in chips)
Seat 3: 238cc99f ($5.07 in chips)
Seat 4: Hero ($5 in chips)
Seat 5: 4dbc6636 ($5.38 in chips)
Seat 6: 49734612 ($2.45 in chips)
49734612: posts small blind $0.02
1cb71b73: posts big blind $0.05
*** HOLE CARDS ***
Dealt to 1cb71b73 
Dealt to 6f2779de 
Dealt to 238cc99f 
Dealt to Hero [7h 5s]
Dealt to 4dbc6636 
Dealt to 49734612 
6f2779de: folds
238cc99f: folds
Hero: folds
4dbc6636: raises $0.08 to $0.13
49734612: folds
1cb71b73: folds
Uncalled bet ($0.08) returned to 4dbc6636
*** SHOWDOWN ***
4dbc6636 collected $0.12 from pot
*** SUMMARY ***
Total pot $0.12 | Rake $0 | Jackpot $0 | Bingo $0 | Fortune $0
Seat 1: 1cb71b73 (big blind) folded before Flop
Seat 2: 6f2779de folded before Flop (didn't bet)
Seat 3: 238cc99f folded before Flop (didn't bet)
Seat 4: Hero folded before Flop (didn't bet)
Seat 5: 4dbc6636 (button) collected ($0.12)
Seat 6: 49734612 (small blind) folded before Flop


Poker Hand #HD1170055967: Hold'em No Limit  ($0.02/$0.05) - 2023/03/21 19:16:07
Table 'NLHBlue36' 6-max Seat #4 is the button
Seat 1: 1cb71b73 ($16.21 in chips)
Seat 2: 6f2779de ($5 in chips)
Seat 3: 238cc99f ($5.07 in chips)
Seat 4: Hero ($5 in chips)
Seat 5: 4dbc6636 ($5.13 in chips)
Seat 6: 49734612 ($2.5 in chips)
4dbc6636: posts small blind $0.02
49734612: posts big blind $0.05
*** HOLE CARDS ***
Dealt to 1cb71b73 
Dealt to 6f2779de 
Dealt to 238cc99f 
Dealt to Hero [6d 7d]
Dealt to 4dbc6636 
Dealt to 49734612 
1cb71b73: folds
6f2779de: folds
238cc99f: folds
Hero: raises $0.07 to $0.12
4dbc6636: calls $0.1
49734612: folds
*** FLOP *** [6h Qh Qs]
4dbc6636: checks
Hero: bets $0.1
4dbc6636: raises $0.38 to $0.48
Hero: folds
Uncalled bet ($0.38) returned to 4dbc6636
*** SHOWDOWN ***
4dbc6636 collected $0.47 from pot
*** SUMMARY ***
Total pot $0.49 | Rake $0.02 | Jackpot $0 | Bingo $0 | Fortune $0
Board [6h Qh Qs]
Seat 1: 1cb71b73 folded before Flop (didn't bet)
Seat 2: 6f2779de folded before Flop (didn't bet)
Seat 3: 238cc99f folded before Flop (didn't bet)
Seat 4: Hero (button) folded on the Flop
Seat 5: 4dbc6636 (small blind) won ($0.47)
Seat 6: 49734612 (big blind) folded before Flop


Poker Hand #HD1170055919: Hold'em No Limit  ($0.02/$0.05) - 2023/03/21 19:15:49
Table 'NLHBlue36' 6-max Seat #3 is the button
Seat 1: 1cb71b73 ($16.14 in chips)
Seat 2: 6f2779de ($5 in chips)
Seat 3: 238cc99f ($5.07 in chips)
Seat 4: Hero ($5 in chips)
Seat 5: 4dbc6636 ($5.18 in chips)
Hero: posts small blind $0.02
4dbc6636: posts big blind $0.05
*** HOLE CARDS ***
Dealt to 1cb71b73 
Dealt to 6f2779de 
Dealt to 238cc99f 
Dealt to Hero [2c 7s]
Dealt to 4dbc6636 
1cb71b73: raises $0.1 to $0.15
6f2779de: folds
238cc99f: folds
Hero: folds
4dbc6636: folds
Uncalled bet ($0.1) returned to 1cb71b73
*** SHOWDOWN ***
1cb71b73 collected $0.12 from pot
*** SUMMARY ***
Total pot $0.12 | Rake $0 | Jackpot $0 | Bingo $0 | Fortune $0
Seat 1: 1cb71b73 collected ($0.12)
Seat 2: 6f2779de folded before Flop (didn't bet)
Seat 3: 238cc99f (button) folded before Flop (didn't bet)
Seat 4: Hero (small blind) folded before Flop
Seat 5: 4dbc6636 (big blind) folded before Flop


Poker Hand #HD1170055831: Hold'em No Limit  ($0.02/$0.05) - 2023/03/21 19:15:18
Table 'NLHBlue36' 6-max Seat #2 is the button
Seat 1: 1cb71b73 ($16.07 in chips)
Seat 2: 6f2779de ($5 in chips)
Seat 3: 238cc99f ($5.09 in chips)
Seat 4: Hero ($5 in chips)
Seat 5: 4dbc6636 ($5.18 in chips)
238cc99f: posts small blind $0.02
Hero: posts big blind $0.05
*** HOLE CARDS ***
Dealt to 1cb71b73 
Dealt to 6f2779de 
Dealt to 238cc99f 
Dealt to Hero [3c 4h]
Dealt to 4dbc6636 
4dbc6636: folds
1cb71b73: raises $0.07 to $0.12
6f2779de: folds
238cc99f: folds
Hero: folds
Uncalled bet ($0.07) returned to 1cb71b73
*** SHOWDOWN ***
1cb71b73 collected $0.12 from pot
*** SUMMARY ***
Total pot $0.12 | Rake $0 | Jackpot $0 | Bingo $0 | Fortune $0
Seat 1: 1cb71b73 collected ($0.12)
Seat 2: 6f2779de (button) folded before Flop (didn't bet)
Seat 3: 238cc99f (small blind) folded before Flop
Seat 4: Hero (big blind) folded before Flop
Seat 5: 4dbc6636 folded before Flop (didn't bet)


