Poker Hand #HD1170117242: Hold'em No Limit  ($0.02/$0.05) - 2023/03/21 20:21:36
Table 'NLHBlue33' 6-max Seat #6 is the button
Seat 1: 93cbf009 ($7.07 in chips)
Seat 2: 5f42211 ($5 in chips)
Seat 3: Hero ($5.07 in chips)
Seat 4: eb977e0c ($5.43 in chips)
Seat 5: bf2b04a7 ($5 in chips)
Seat 6: 226b261e ($5.08 in chips)
93cbf009: posts small blind $0.02
5f42211: posts big blind $0.05
*** HOLE CARDS ***
Dealt to 93cbf009 
Dealt to 5f42211 
Dealt to Hero [Jd 9s]
Dealt to eb977e0c 
Dealt to bf2b04a7 
Dealt to 226b261e 
Hero: folds
eb977e0c: folds
bf2b04a7: folds
226b261e: raises $0.05 to $0.1
93cbf009: folds
5f42211: calls $0.05
*** FLOP *** [Jh 3s Th]
5f42211: checks
226b261e: checks
*** TURN *** [Jh 3s Th] [Qc]
5f42211: bets $0.11
226b261e: folds
Uncalled bet ($0.11) returned to 5f42211
*** SHOWDOWN ***
5f42211 collected $0.21 from pot
*** SUMMARY ***
Total pot $0.22 | Rake $0.01 | Jackpot $0 | Bingo $0 | Fortune $0
Board [Jh 3s Th Qc]
Seat 1: 93cbf009 (small blind) folded before Flop
Seat 2: 5f42211 (big blind) won ($0.21)
Seat 3: Hero folded before Flop (didn't bet)
Seat 4: eb977e0c folded before Flop (didn't bet)
Seat 5: bf2b04a7 folded before Flop (didn't bet)
Seat 6: 226b261e (button) folded on the Turn


Poker Hand #HD1170117189: Hold'em No Limit  ($0.02/$0.05) - 2023/03/21 20:21:18
Table 'NLHBlue33' 6-max Seat #5 is the button
Seat 1: 93cbf009 ($7.05 in chips)
Seat 3: Hero ($5.07 in chips)
Seat 4: eb977e0c ($5.43 in chips)
Seat 5: bf2b04a7 ($5 in chips)
Seat 6: 226b261e ($5.1 in chips)
226b261e: posts small blind $0.02
93cbf009: posts big blind $0.05
*** HOLE CARDS ***
Dealt to 93cbf009 
Dealt to Hero [9d 3d]
Dealt to eb977e0c 
Dealt to bf2b04a7 
Dealt to 226b261e 
Hero: folds
eb977e0c: folds
bf2b04a7: folds
226b261e: folds
Uncalled bet ($0.03) returned to 93cbf009
*** SHOWDOWN ***
93cbf009 collected $0.04 from pot
*** SUMMARY ***
Total pot $0.04 | Rake $0 | Jackpot $0 | Bingo $0 | Fortune $0
Seat 1: 93cbf009 (big blind) collected ($0.04)
Seat 3: Hero folded before Flop (didn't bet)
Seat 4: eb977e0c folded before Flop (didn't bet)
Seat 5: bf2b04a7 (button) folded before Flop (didn't bet)
Seat 6: 226b261e (small blind) folded before Flop


Poker Hand #HD1170117154: Hold'em No Limit  ($0.02/$0.05) - 2023/03/21 20:21:07
Table 'NLHBlue33' 6-max Seat #4 is the button
Seat 1: 93cbf009 ($7.05 in chips)
Seat 3: Hero ($5.07 in chips)
Seat 4: eb977e0c ($5.43 in chips)
Seat 5: bf2b04a7 ($5.02 in chips)
Seat 6: 226b261e ($5.08 in chips)
bf2b04a7: posts small blind $0.02
226b261e: posts big blind $0.05
*** HOLE CARDS ***
Dealt to 93cbf009 
Dealt to Hero [3c Kc]
Dealt to eb977e0c 
Dealt to bf2b04a7 
Dealt to 226b261e 
93cbf009: folds
Hero: folds
eb977e0c: folds
bf2b04a7: folds
Uncalled bet ($0.03) returned to 226b261e
*** SHOWDOWN ***
226b261e collected $0.04 from pot
*** SUMMARY ***
Total pot $0.04 | Rake $0 | Jackpot $0 | Bingo $0 | Fortune $0
Seat 1: 93cbf009 folded before Flop (didn't bet)
Seat 3: Hero folded before Flop (didn't bet)
Seat 4: eb977e0c (button) folded before Flop (didn't bet)
Seat 5: bf2b04a7 (small blind) folded before Flop
Seat 6: 226b261e (big blind) collected ($0.04)


Poker Hand #HD1170117025: Hold'em No Limit  ($0.02/$0.05) - 2023/03/21 20:20:25
Table 'NLHBlue33' 6-max Seat #3 is the button
Seat 1: 93cbf009 ($6.98 in chips)
Seat 3: Hero ($5.07 in chips)
Seat 4: eb977e0c ($5.45 in chips)
Seat 5: bf2b04a7 ($5.07 in chips)
Seat 6: 226b261e ($5.08 in chips)
eb977e0c: posts small blind $0.02
bf2b04a7: posts big blind $0.05
*** HOLE CARDS ***
Dealt to 93cbf009 
Dealt to Hero [Tc 4c]
Dealt to eb977e0c 
Dealt to bf2b04a7 
Dealt to 226b261e 
226b261e: folds
93cbf009: raises $0.1 to $0.15
Hero: folds
eb977e0c: folds
bf2b04a7: folds
Uncalled bet ($0.1) returned to 93cbf009
*** SHOWDOWN ***
93cbf009 collected $0.12 from pot
*** SUMMARY ***
Total pot $0.12 | Rake $0 | Jackpot $0 | Bingo $0 | Fortune $0
Seat 1: 93cbf009 collected ($0.12)
Seat 3: Hero (button) folded before Flop (didn't bet)
Seat 4: eb977e0c (small blind) folded before Flop
Seat 5: bf2b04a7 (big blind) folded before Flop
Seat 6: 226b261e folded before Flop (didn't bet)


Poker Hand #HD1170116951: Hold'em No Limit  ($0.02/$0.05) - 2023/03/21 20:20:02
Table 'NLHBlue33' 6-max Seat #1 is the button
Seat 1: 93cbf009 ($6.98 in chips)
Seat 2: deeae8c4 ($7.3 in chips)
Seat 3: Hero ($5.12 in chips)
Seat 4: eb977e0c ($5.45 in chips)
Seat 5: bf2b04a7 ($5 in chips)
Seat 6: 226b261e ($5.08 in chips)
deeae8c4: posts small blind $0.02
Hero: posts big blind $0.05
*** HOLE CARDS ***
Dealt to 93cbf009 
Dealt to deeae8c4 
Dealt to Hero [2s 3s]
Dealt to eb977e0c 
Dealt to bf2b04a7 
Dealt to 226b261e 
eb977e0c: folds
bf2b04a7: raises $0.08 to $0.13
226b261e: folds
93cbf009: folds
deeae8c4: folds
Hero: folds
Uncalled bet ($0.08) returned to bf2b04a7
*** SHOWDOWN ***
bf2b04a7 collected $0.12 from pot
*** SUMMARY ***
Total pot $0.12 | Rake $0 | Jackpot $0 | Bingo $0 | Fortune $0
Seat 1: 93cbf009 (button) folded before Flop (didn't bet)
Seat 2: deeae8c4 (small blind) folded before Flop
Seat 3: Hero (big blind) folded before Flop
Seat 4: eb977e0c folded before Flop (didn't bet)
Seat 5: bf2b04a7 collected ($0.12)
Seat 6: 226b261e folded before Flop (didn't bet)


Poker Hand #HD1170116903: Hold'em No Limit  ($0.02/$0.05) - 2023/03/21 20:19:46
Table 'NLHBlue33' 6-max Seat #6 is the button
Seat 1: 93cbf009 ($7 in chips)
Seat 2: deeae8c4 ($7.35 in chips)
Seat 3: Hero ($5.05 in chips)
Seat 4: eb977e0c ($5.45 in chips)
Seat 5: bf2b04a7 ($5 in chips)
Seat 6: 226b261e ($5.08 in chips)
93cbf009: posts small blind $0.02
deeae8c4: posts big blind $0.05
*** HOLE CARDS ***
Dealt to 93cbf009 
Dealt to deeae8c4 
Dealt to Hero [9c 8c]
Dealt to eb977e0c 
Dealt to bf2b04a7 
Dealt to 226b261e 
Hero: raises $0.07 to $0.12
eb977e0c: folds
bf2b04a7: folds
226b261e: folds
93cbf009: folds
deeae8c4: folds
Uncalled bet ($0.07) returned to Hero
*** SHOWDOWN ***
Hero collected $0.12 from pot
*** SUMMARY ***
Total pot $0.12 | Rake $0 | Jackpot $0 | Bingo $0 | Fortune $0
Seat 1: 93cbf009 (small blind) folded before Flop
Seat 2: deeae8c4 (big blind) folded before Flop
Seat 3: Hero collected ($0.12)
Seat 4: eb977e0c folded before Flop (didn't bet)
Seat 5: bf2b04a7 folded before Flop (didn't bet)
Seat 6: 226b261e (button) folded before Flop (didn't bet)


Poker Hand #HD1170116746: Hold'em No Limit  ($0.02/$0.05) - 2023/03/21 20:18:49
Table 'NLHBlue33' 6-max Seat #5 is the button
Seat 1: 93cbf009 ($6.91 in chips)
Seat 2: deeae8c4 ($7.35 in chips)
Seat 3: Hero ($5.05 in chips)
Seat 4: eb977e0c ($5.45 in chips)
Seat 5: bf2b04a7 ($5 in chips)
Seat 6: 226b261e ($5.18 in chips)
226b261e: posts small blind $0.02
93cbf009: posts big blind $0.05
*** HOLE CARDS ***
Dealt to 93cbf009 
Dealt to deeae8c4 
Dealt to Hero [3d Qd]
Dealt to eb977e0c 
Dealt to bf2b04a7 
Dealt to 226b261e 
deeae8c4: folds
Hero: folds
eb977e0c: folds
bf2b04a7: folds
226b261e: raises $0.05 to $0.1
93cbf009: calls $0.05
*** FLOP *** [4s 6h 2d]
226b261e: checks
93cbf009: checks
*** TURN *** [4s 6h 2d] [7s]
226b261e: checks
93cbf009: checks
*** RIVER *** [4s 6h 2d 7s] [Ts]
226b261e: checks
93cbf009: bets $0.15
226b261e: folds
Uncalled bet ($0.15) returned to 93cbf009
*** SHOWDOWN ***
93cbf009 collected $0.19 from pot
*** SUMMARY ***
Total pot $0.2 | Rake $0.01 | Jackpot $0 | Bingo $0 | Fortune $0
Board [4s 6h 2d 7s Ts]
Seat 1: 93cbf009 (big blind) won ($0.19)
Seat 2: deeae8c4 folded before Flop (didn't bet)
Seat 3: Hero folded before Flop (didn't bet)
Seat 4: eb977e0c folded before Flop (didn't bet)
Seat 5: bf2b04a7 (button) folded before Flop (didn't bet)
Seat 6: 226b261e (small blind) folded on the River


Poker Hand #HD1170116674: Hold'em No Limit  ($0.02/$0.05) - 2023/03/21 20:18:23
Table 'NLHBlue33' 6-max Seat #4 is the button
Seat 1: 93cbf009 ($6.91 in chips)
Seat 2: deeae8c4 ($7.28 in chips)
Seat 3: Hero ($5.05 in chips)
Seat 4: eb977e0c ($5.45 in chips)
Seat 5: bf2b04a7 ($5 in chips)
Seat 6: 226b261e ($5.23 in chips)
bf2b04a7: posts small blind $0.02
226b261e: posts big blind $0.05
*** HOLE CARDS ***
Dealt to 93cbf009 
Dealt to deeae8c4 
Dealt to Hero [9d 4d]
Dealt to eb977e0c 
Dealt to bf2b04a7 
Dealt to 226b261e 
93cbf009: folds
deeae8c4: raises $0.08 to $0.13
Hero: folds
eb977e0c: folds
bf2b04a7: folds
226b261e: folds
Uncalled bet ($0.08) returned to deeae8c4
*** SHOWDOWN ***
deeae8c4 collected $0.12 from pot
*** SUMMARY ***
Total pot $0.12 | Rake $0 | Jackpot $0 | Bingo $0 | Fortune $0
Seat 1: 93cbf009 folded before Flop (didn't bet)
Seat 2: deeae8c4 collected ($0.12)
Seat 3: Hero folded before Flop (didn't bet)
Seat 4: eb977e0c (button) folded before Flop (didn't bet)
Seat 5: bf2b04a7 (small blind) folded before Flop
Seat 6: 226b261e (big blind) folded before Flop


Poker Hand #HD1170116598: Hold'em No Limit  ($0.02/$0.05) - 2023/03/21 20:17:56
Table 'NLHBlue33' 6-max Seat #3 is the button
Seat 1: 93cbf009 ($6.91 in chips)
Seat 2: deeae8c4 ($6.76 in chips)
Seat 3: Hero ($5.05 in chips)
Seat 4: eb977e0c ($5.47 in chips)
Seat 5: bf2b04a7 ($5 in chips)
Seat 6: 226b261e ($5.23 in chips)
eb977e0c: posts small blind $0.02
bf2b04a7: posts big blind $0.05
*** HOLE CARDS ***
Dealt to 93cbf009 
Dealt to deeae8c4 
Dealt to Hero [8d 7c]
Dealt to eb977e0c 
Dealt to bf2b04a7 
Dealt to 226b261e 
226b261e: folds
93cbf009: folds
deeae8c4: raises $0.07 to $0.12
Hero: folds
eb977e0c: folds
bf2b04a7: raises $0.43 to $0.55
deeae8c4: raises $0.79 to $1.34
bf2b04a7: folds
Uncalled bet ($0.79) returned to deeae8c4
*** SHOWDOWN ***
deeae8c4 collected $1.07 from pot
*** SUMMARY ***
Total pot $1.12 | Rake $0.05 | Jackpot $0 | Bingo $0 | Fortune $0
Seat 1: 93cbf009 folded before Flop (didn't bet)
Seat 2: deeae8c4 collected ($1.07)
Seat 3: Hero (button) folded before Flop (didn't bet)
Seat 4: eb977e0c (small blind) folded before Flop
Seat 5: bf2b04a7 (big blind) folded before Flop
Seat 6: 226b261e folded before Flop (didn't bet)


Poker Hand #HD1170116556: Hold'em No Limit  ($0.02/$0.05) - 2023/03/21 20:17:40
Table 'NLHBlue33' 6-max Seat #2 is the button
Seat 1: 93cbf009 ($6.91 in chips)
Seat 2: deeae8c4 ($6.76 in chips)
Seat 3: Hero ($5 in chips)
Seat 4: eb977e0c ($5.52 in chips)
Seat 5: bf2b04a7 ($5 in chips)
Seat 6: 226b261e ($5.23 in chips)
Hero: posts small blind $0.02
eb977e0c: posts big blind $0.05
*** HOLE CARDS ***
Dealt to 93cbf009 
Dealt to deeae8c4 
Dealt to Hero [Qd 9h]
Dealt to eb977e0c 
Dealt to bf2b04a7 
Dealt to 226b261e 
bf2b04a7: folds
226b261e: folds
93cbf009: folds
deeae8c4: folds
Hero: raises $0.09 to $0.14
eb977e0c: folds
Uncalled bet ($0.09) returned to Hero
*** SHOWDOWN ***
Hero collected $0.1 from pot
*** SUMMARY ***
Total pot $0.1 | Rake $0 | Jackpot $0 | Bingo $0 | Fortune $0
Seat 1: 93cbf009 folded before Flop (didn't bet)
Seat 2: deeae8c4 (button) folded before Flop (didn't bet)
Seat 3: Hero (small blind) collected ($0.1)
Seat 4: eb977e0c (big blind) folded before Flop
Seat 5: bf2b04a7 folded before Flop (didn't bet)
Seat 6: 226b261e folded before Flop (didn't bet)


Poker Hand #HD1170116506: Hold'em No Limit  ($0.02/$0.05) - 2023/03/21 20:17:22
Table 'NLHBlue33' 6-max Seat #1 is the button
Seat 1: 93cbf009 ($6.91 in chips)
Seat 2: deeae8c4 ($6.78 in chips)
Seat 3: Hero ($5 in chips)
Seat 4: eb977e0c ($5.52 in chips)
Seat 5: bf2b04a7 ($5 in chips)
Seat 6: 226b261e ($5.16 in chips)
deeae8c4: posts small blind $0.02
Hero: posts big blind $0.05
*** HOLE CARDS ***
Dealt to 93cbf009 
Dealt to deeae8c4 
Dealt to Hero [Ts 4h]
Dealt to eb977e0c 
Dealt to bf2b04a7 
Dealt to 226b261e 
eb977e0c: folds
bf2b04a7: folds
226b261e: raises $0.1 to $0.15
93cbf009: folds
deeae8c4: folds
Hero: folds
Uncalled bet ($0.1) returned to 226b261e
*** SHOWDOWN ***
226b261e collected $0.12 from pot
*** SUMMARY ***
Total pot $0.12 | Rake $0 | Jackpot $0 | Bingo $0 | Fortune $0
Seat 1: 93cbf009 (button) folded before Flop (didn't bet)
Seat 2: deeae8c4 (small blind) folded before Flop
Seat 3: Hero (big blind) folded before Flop
Seat 4: eb977e0c folded before Flop (didn't bet)
Seat 5: bf2b04a7 folded before Flop (didn't bet)
Seat 6: 226b261e collected ($0.12)


Poker Hand #HD1170116440: Hold'em No Limit  ($0.02/$0.05) - 2023/03/21 20:17:01
Table 'NLHBlue33' 6-max Seat #6 is the button
Seat 1: 93cbf009 ($6.93 in chips)
Seat 2: deeae8c4 ($6.83 in chips)
Seat 3: Hero ($5 in chips)
Seat 4: eb977e0c ($5.52 in chips)
Seat 5: bf2b04a7 ($5 in chips)
Seat 6: 226b261e ($5.09 in chips)
93cbf009: posts small blind $0.02
deeae8c4: posts big blind $0.05
*** HOLE CARDS ***
Dealt to 93cbf009 
Dealt to deeae8c4 
Dealt to Hero [Qd 9c]
Dealt to eb977e0c 
Dealt to bf2b04a7 
Dealt to 226b261e 
Hero: folds
eb977e0c: folds
bf2b04a7: folds
226b261e: raises $0.05 to $0.1
93cbf009: folds
deeae8c4: folds
Uncalled bet ($0.05) returned to 226b261e
*** SHOWDOWN ***
226b261e collected $0.12 from pot
*** SUMMARY ***
Total pot $0.12 | Rake $0 | Jackpot $0 | Bingo $0 | Fortune $0
Seat 1: 93cbf009 (small blind) folded before Flop
Seat 2: deeae8c4 (big blind) folded before Flop
Seat 3: Hero folded before Flop (didn't bet)
Seat 4: eb977e0c folded before Flop (didn't bet)
Seat 5: bf2b04a7 folded before Flop (didn't bet)
Seat 6: 226b261e (button) collected ($0.12)


Poker Hand #HD1170116218: Hold'em No Limit  ($0.02/$0.05) - 2023/03/21 20:15:49
Table 'NLHBlue33' 6-max Seat #5 is the button
Seat 1: 93cbf009 ($5.82 in chips)
Seat 2: deeae8c4 ($6.83 in chips)
Seat 3: Hero ($5 in chips)
Seat 4: eb977e0c ($5.52 in chips)
Seat 5: bf2b04a7 ($5.12 in chips)
Seat 6: 226b261e ($5.11 in chips)
226b261e: posts small blind $0.02
93cbf009: posts big blind $0.05
*** HOLE CARDS ***
Dealt to 93cbf009 
Dealt to deeae8c4 
Dealt to Hero [Kc Tc]
Dealt to eb977e0c 
Dealt to bf2b04a7 
Dealt to 226b261e 
deeae8c4: folds
Hero: raises $0.07 to $0.12
eb977e0c: folds
bf2b04a7: calls $0.12
226b261e: folds
93cbf009: raises $0.29 to $0.41
Hero: folds
bf2b04a7: calls $0.29
*** FLOP *** [9h 5h Qd]
93cbf009: bets $0.72
bf2b04a7: calls $0.72
*** TURN *** [9h 5h Qd] [6c]
93cbf009: bets $1.9
bf2b04a7: folds
Uncalled bet ($1.9) returned to 93cbf009
*** SHOWDOWN ***
93cbf009 collected $2.24 from pot
*** SUMMARY ***
Total pot $2.4 | Rake $0.11 | Jackpot $0.05 | Bingo $0 | Fortune $0
Board [9h 5h Qd 6c]
Seat 1: 93cbf009 (big blind) won ($2.24)
Seat 2: deeae8c4 folded before Flop (didn't bet)
Seat 3: Hero folded before Flop
Seat 4: eb977e0c folded before Flop (didn't bet)
Seat 5: bf2b04a7 (button) folded on the Turn
Seat 6: 226b261e (small blind) folded before Flop


Poker Hand #HD1170116157: Hold'em No Limit  ($0.02/$0.05) - 2023/03/21 20:15:27
Table 'NLHBlue33' 6-max Seat #4 is the button
Seat 1: 93cbf009 ($5.82 in chips)
Seat 2: deeae8c4 ($6.83 in chips)
Seat 3: Hero ($5 in chips)
Seat 4: eb977e0c ($5.52 in chips)
Seat 5: bf2b04a7 ($5.14 in chips)
Seat 6: 226b261e ($5.09 in chips)
bf2b04a7: posts small blind $0.02
226b261e: posts big blind $0.05
*** HOLE CARDS ***
Dealt to 93cbf009 
Dealt to deeae8c4 
Dealt to Hero [Jc 3d]
Dealt to eb977e0c 
Dealt to bf2b04a7 
Dealt to 226b261e 
93cbf009: folds
deeae8c4: folds
Hero: folds
eb977e0c: folds
bf2b04a7: folds
Uncalled bet ($0.03) returned to 226b261e
*** SHOWDOWN ***
226b261e collected $0.04 from pot
*** SUMMARY ***
Total pot $0.04 | Rake $0 | Jackpot $0 | Bingo $0 | Fortune $0
Seat 1: 93cbf009 folded before Flop (didn't bet)
Seat 2: deeae8c4 folded before Flop (didn't bet)
Seat 3: Hero folded before Flop (didn't bet)
Seat 4: eb977e0c (button) folded before Flop (didn't bet)
Seat 5: bf2b04a7 (small blind) folded before Flop
Seat 6: 226b261e (big blind) collected ($0.04)


Poker Hand #HD1170116056: Hold'em No Limit  ($0.02/$0.05) - 2023/03/21 20:14:52
Table 'NLHBlue33' 6-max Seat #3 is the button
Seat 1: 93cbf009 ($5.35 in chips)
Seat 2: deeae8c4 ($6.83 in chips)
Seat 3: Hero ($5 in chips)
Seat 4: eb977e0c ($5.54 in chips)
Seat 5: bf2b04a7 ($5.19 in chips)
Seat 6: 226b261e ($5.09 in chips)
eb977e0c: posts small blind $0.02
bf2b04a7: posts big blind $0.05
*** HOLE CARDS ***
Dealt to 93cbf009 
Dealt to deeae8c4 
Dealt to Hero [Ad 3d]
Dealt to eb977e0c 
Dealt to bf2b04a7 
Dealt to 226b261e 
226b261e: folds
93cbf009: raises $0.1 to $0.15
deeae8c4: folds
Hero: raises $0.29 to $0.44
eb977e0c: folds
bf2b04a7: folds
93cbf009: raises $0.72 to $1.16
Hero: folds
Uncalled bet ($0.72) returned to 93cbf009
*** SHOWDOWN ***
93cbf009 collected $0.91 from pot
*** SUMMARY ***
Total pot $0.95 | Rake $0.04 | Jackpot $0 | Bingo $0 | Fortune $0
Seat 1: 93cbf009 collected ($0.91)
Seat 2: deeae8c4 folded before Flop (didn't bet)
Seat 3: Hero (button) folded before Flop
Seat 4: eb977e0c (small blind) folded before Flop
Seat 5: bf2b04a7 (big blind) folded before Flop
Seat 6: 226b261e folded before Flop (didn't bet)


Poker Hand #HD1170115956: Hold'em No Limit  ($0.02/$0.05) - 2023/03/21 20:14:17
Table 'NLHBlue33' 6-max Seat #2 is the button
Seat 1: 93cbf009 ($5.35 in chips)
Seat 2: deeae8c4 ($6.96 in chips)
Seat 3: Hero ($5.02 in chips)
Seat 4: eb977e0c ($5.59 in chips)
Seat 5: bf2b04a7 ($5 in chips)
Seat 6: 226b261e ($5.09 in chips)
Hero: posts small blind $0.02
eb977e0c: posts big blind $0.05
*** HOLE CARDS ***
Dealt to 93cbf009 
Dealt to deeae8c4 
Dealt to Hero [4d Qc]
Dealt to eb977e0c 
Dealt to bf2b04a7 
Dealt to 226b261e 
bf2b04a7: raises $0.08 to $0.13
226b261e: folds
93cbf009: folds
deeae8c4: calls $0.13
Hero: folds
eb977e0c: folds
*** FLOP *** [9s Ad Qs]
bf2b04a7: bets $0.19
deeae8c4: folds
Uncalled bet ($0.19) returned to bf2b04a7
*** SHOWDOWN ***
bf2b04a7 collected $0.32 from pot
*** SUMMARY ***
Total pot $0.33 | Rake $0.01 | Jackpot $0 | Bingo $0 | Fortune $0
Board [9s Ad Qs]
Seat 1: 93cbf009 folded before Flop (didn't bet)
Seat 2: deeae8c4 (button) folded on the Flop
Seat 3: Hero (small blind) folded before Flop
Seat 4: eb977e0c (big blind) folded before Flop
Seat 5: bf2b04a7 won ($0.32)
Seat 6: 226b261e folded before Flop (didn't bet)


Poker Hand #HD1170115901: Hold'em No Limit  ($0.02/$0.05) - 2023/03/21 20:13:58
Table 'NLHBlue33' 6-max Seat #1 is the button
Seat 1: 93cbf009 ($5.35 in chips)
Seat 2: deeae8c4 ($6.98 in chips)
Seat 3: Hero ($5 in chips)
Seat 4: eb977e0c ($5.59 in chips)
Seat 5: bf2b04a7 ($5 in chips)
Seat 6: 226b261e ($5.09 in chips)
deeae8c4: posts small blind $0.02
Hero: posts big blind $0.05
*** HOLE CARDS ***
Dealt to 93cbf009 
Dealt to deeae8c4 
Dealt to Hero [8h 7d]
Dealt to eb977e0c 
Dealt to bf2b04a7 
Dealt to 226b261e 
eb977e0c: folds
bf2b04a7: folds
226b261e: folds
93cbf009: folds
deeae8c4: folds
Uncalled bet ($0.03) returned to Hero
*** SHOWDOWN ***
Hero collected $0.04 from pot
*** SUMMARY ***
Total pot $0.04 | Rake $0 | Jackpot $0 | Bingo $0 | Fortune $0
Seat 1: 93cbf009 (button) folded before Flop (didn't bet)
Seat 2: deeae8c4 (small blind) folded before Flop
Seat 3: Hero (big blind) collected ($0.04)
Seat 4: eb977e0c folded before Flop (didn't bet)
Seat 5: bf2b04a7 folded before Flop (didn't bet)
Seat 6: 226b261e folded before Flop (didn't bet)


Poker Hand #HD1170115866: Hold'em No Limit  ($0.02/$0.05) - 2023/03/21 20:13:45
Table 'NLHBlue33' 6-max Seat #6 is the button
Seat 1: 93cbf009 ($5.37 in chips)
Seat 2: deeae8c4 ($6.96 in chips)
Seat 3: Hero ($5 in chips)
Seat 4: eb977e0c ($5.59 in chips)
Seat 5: bf2b04a7 ($5 in chips)
Seat 6: 226b261e ($5.09 in chips)
93cbf009: posts small blind $0.02
deeae8c4: posts big blind $0.05
*** HOLE CARDS ***
Dealt to 93cbf009 
Dealt to deeae8c4 
Dealt to Hero [Jc 6c]
Dealt to eb977e0c 
Dealt to bf2b04a7 
Dealt to 226b261e 
Hero: folds
eb977e0c: folds
bf2b04a7: folds
226b261e: folds
93cbf009: folds
Uncalled bet ($0.03) returned to deeae8c4
*** SHOWDOWN ***
deeae8c4 collected $0.04 from pot
*** SUMMARY ***
Total pot $0.04 | Rake $0 | Jackpot $0 | Bingo $0 | Fortune $0
Seat 1: 93cbf009 (small blind) folded before Flop
Seat 2: deeae8c4 (big blind) collected ($0.04)
Seat 3: Hero folded before Flop (didn't bet)
Seat 4: eb977e0c folded before Flop (didn't bet)
Seat 5: bf2b04a7 folded before Flop (didn't bet)
Seat 6: 226b261e (button) folded before Flop (didn't bet)


Poker Hand #HD1170115768: Hold'em No Limit  ($0.02/$0.05) - 2023/03/21 20:13:10
Table 'NLHBlue33' 6-max Seat #5 is the button
Seat 1: 93cbf009 ($5.47 in chips)
Seat 2: deeae8c4 ($6.96 in chips)
Seat 3: Hero ($5 in chips)
Seat 4: eb977e0c ($5.59 in chips)
Seat 5: bf2b04a7 ($5 in chips)
Seat 6: 226b261e ($5 in chips)
226b261e: posts small blind $0.02
93cbf009: posts big blind $0.05
*** HOLE CARDS ***
Dealt to 93cbf009 
Dealt to deeae8c4 
Dealt to Hero [Qc Th]
Dealt to eb977e0c 
Dealt to bf2b04a7 
Dealt to 226b261e 
deeae8c4: folds
Hero: folds
eb977e0c: folds
bf2b04a7: folds
226b261e: raises $0.05 to $0.1
93cbf009: calls $0.05
*** FLOP *** [Qs Ts Tc]
226b261e: bets $0.14
93cbf009: folds
Uncalled bet ($0.14) returned to 226b261e
*** SHOWDOWN ***
226b261e collected $0.19 from pot
*** SUMMARY ***
Total pot $0.2 | Rake $0.01 | Jackpot $0 | Bingo $0 | Fortune $0
Board [Qs Ts Tc]
Seat 1: 93cbf009 (big blind) folded on the Flop
Seat 2: deeae8c4 folded before Flop (didn't bet)
Seat 3: Hero folded before Flop (didn't bet)
Seat 4: eb977e0c folded before Flop (didn't bet)
Seat 5: bf2b04a7 (button) folded before Flop (didn't bet)
Seat 6: 226b261e (small blind) won ($0.19)


Poker Hand #HD1170075622: Hold'em No Limit  ($0.02/$0.05) - 2023/03/21 20:12:24
Table 'NLHBlue33' 6-max Seat #4 is the button
Seat 1: 93cbf009 ($5.02 in chips)
Seat 2: deeae8c4 ($6.96 in chips)
Seat 3: Hero ($5 in chips)
Seat 4: eb977e0c ($5.59 in chips)
Seat 5: bf2b04a7 ($5 in chips)
Seat 6: 226b261e ($5 in chips)
bf2b04a7: posts small blind $0.02
226b261e: posts big blind $0.05
*** HOLE CARDS ***
Dealt to 93cbf009 
Dealt to deeae8c4 
Dealt to Hero [6d 2c]
Dealt to eb977e0c 
Dealt to bf2b04a7 
Dealt to 226b261e 
93cbf009: raises $0.1 to $0.15
deeae8c4: folds
Hero: folds
eb977e0c: folds
bf2b04a7: folds
226b261e: raises $0.32 to $0.47
93cbf009: calls $0.32
*** FLOP *** [As 8c 2s]
226b261e: checks
93cbf009: bets $0.72
226b261e: folds
Uncalled bet ($0.72) returned to 93cbf009
*** SHOWDOWN ***
93cbf009 collected $0.92 from pot
*** SUMMARY ***
Total pot $0.96 | Rake $0.04 | Jackpot $0 | Bingo $0 | Fortune $0
Board [As 8c 2s]
Seat 1: 93cbf009 won ($0.92)
Seat 2: deeae8c4 folded before Flop (didn't bet)
Seat 3: Hero folded before Flop (didn't bet)
Seat 4: eb977e0c (button) folded before Flop (didn't bet)
Seat 5: bf2b04a7 (small blind) folded before Flop
Seat 6: 226b261e (big blind) folded on the Flop


Poker Hand #HD1170075503: Hold'em No Limit  ($0.02/$0.05) - 2023/03/21 20:11:45
Table 'NLHBlue33' 6-max Seat #3 is the button
Seat 1: 93cbf009 ($5.02 in chips)
Seat 2: deeae8c4 ($6.89 in chips)
Seat 3: Hero ($5 in chips)
Seat 4: eb977e0c ($5.61 in chips)
Seat 5: bf2b04a7 ($5 in chips)
Seat 6: 226b261e ($5 in chips)
eb977e0c: posts small blind $0.02
bf2b04a7: posts big blind $0.05
*** HOLE CARDS ***
Dealt to 93cbf009 
Dealt to deeae8c4 
Dealt to Hero [Kd Tc]
Dealt to eb977e0c 
Dealt to bf2b04a7 
Dealt to 226b261e 
226b261e: folds
93cbf009: folds
deeae8c4: raises $0.08 to $0.13
Hero: folds
eb977e0c: folds
bf2b04a7: folds
Uncalled bet ($0.08) returned to deeae8c4
*** SHOWDOWN ***
deeae8c4 collected $0.12 from pot
*** SUMMARY ***
Total pot $0.12 | Rake $0 | Jackpot $0 | Bingo $0 | Fortune $0
Seat 1: 93cbf009 folded before Flop (didn't bet)
Seat 2: deeae8c4 collected ($0.12)
Seat 3: Hero (button) folded before Flop (didn't bet)
Seat 4: eb977e0c (small blind) folded before Flop
Seat 5: bf2b04a7 (big blind) folded before Flop
Seat 6: 226b261e folded before Flop (didn't bet)


Poker Hand #HD1170075375: Hold'em No Limit  ($0.02/$0.05) - 2023/03/21 20:10:59
Table 'NLHBlue33' 6-max Seat #2 is the button
Seat 1: 93cbf009 ($5.02 in chips)
Seat 2: deeae8c4 ($5 in chips)
Seat 3: Hero ($5 in chips)
Seat 4: eb977e0c ($5.66 in chips)
Seat 5: bf2b04a7 ($5 in chips)
Seat 6: 226b261e ($5.65 in chips)
Hero: posts small blind $0.02
eb977e0c: posts big blind $0.05
*** HOLE CARDS ***
Dealt to 93cbf009 
Dealt to deeae8c4 
Dealt to Hero [Th 8d]
Dealt to eb977e0c 
Dealt to bf2b04a7 
Dealt to 226b261e 
bf2b04a7: folds
226b261e: raises $0.1 to $0.15
93cbf009: folds
deeae8c4: calls $0.15
Hero: folds
eb977e0c: folds
*** FLOP *** [Tc As 7s]
226b261e: checks
deeae8c4: checks
*** TURN *** [Tc As 7s] [Jc]
226b261e: bets $0.25
deeae8c4: raises $0.44 to $0.69
226b261e: calls $0.44
*** RIVER *** [Tc As 7s Jc] [8h]
226b261e: checks
deeae8c4: bets $1.23
226b261e: calls $1.23
deeae8c4: shows [Qh Ks] (Aces-High Straight)
226b261e: shows [Ad Ah] (Three Aces)
*** SHOWDOWN ***
deeae8c4 collected $3.96 from pot
*** SUMMARY ***
Total pot $4.21 | Rake $0.2 | Jackpot $0.05 | Bingo $0 | Fortune $0
Board [Tc As 7s Jc 8h]
Seat 1: 93cbf009 folded before Flop (didn't bet)
Seat 2: deeae8c4 (button) showed [Qh Ks] and won ($3.96) with Aces-High Straight
Seat 3: Hero (small blind) folded before Flop
Seat 4: eb977e0c (big blind) folded before Flop
Seat 5: bf2b04a7 folded before Flop (didn't bet)
Seat 6: 226b261e showed [Ad Ah] and lost with Three Aces


Poker Hand #HD1170075158: Hold'em No Limit  ($0.02/$0.05) - 2023/03/21 20:09:36
Table 'NLHBlue33' 6-max Seat #1 is the button
Seat 1: 93cbf009 ($5.02 in chips)
Seat 2: deeae8c4 ($5 in chips)
Seat 3: Hero ($5.18 in chips)
Seat 4: eb977e0c ($5.66 in chips)
Seat 5: bf2b04a7 ($5.07 in chips)
Seat 6: 226b261e ($5.85 in chips)
deeae8c4: posts small blind $0.02
Hero: posts big blind $0.05
*** HOLE CARDS ***
Dealt to 93cbf009 
Dealt to deeae8c4 
Dealt to Hero [Ah Ac]
Dealt to eb977e0c 
Dealt to bf2b04a7 
Dealt to 226b261e 
eb977e0c: folds
bf2b04a7: raises $0.08 to $0.13
226b261e: raises $0.25 to $0.38
93cbf009: folds
deeae8c4: folds
Hero: raises $0.78 to $1.16
bf2b04a7: folds
226b261e: raises $4.69 to $5.85 and is all-in
Hero: calls $4.02 and is all-in
Uncalled bet ($0.67) returned to 226b261e
226b261e: shows [Kc As]
Hero: shows [Ah Ac]
*** FIRST FLOP *** [Js 2h 4s]
*** FIRST TURN *** [Js 2h 4s] [Jd]
*** FIRST RIVER *** [Js 2h 4s Jd] [2c]
*** SECOND FLOP *** [Qh 2s 9h]
*** SECOND TURN *** [Qh 2s 9h] [Ts]
*** SECOND RIVER *** [Qh 2s 9h Ts] [Jh]
*** FIRST SHOWDOWN ***
Hero collected $4.98 from pot
*** SECOND SHOWDOWN ***
226b261e collected $4.98 from pot
*** SUMMARY ***
Total pot $10.51 | Rake $0.5 | Jackpot $0.05 | Bingo $0 | Fortune $0
Hand was run two times
FIRST Board [Js 2h 4s Jd 2c]
SECOND Board [Qh 2s 9h Ts Jh]
Seat 1: 93cbf009 (button) folded before Flop (didn't bet)
Seat 2: deeae8c4 (small blind) folded before Flop
Seat 3: Hero (big blind) showed [Ah Ac] and won ($4.98) with Pair of Aces and Pair of Jacks, and lost with Pair of Aces
Seat 4: eb977e0c folded before Flop (didn't bet)
Seat 5: bf2b04a7 folded before Flop
Seat 6: 226b261e showed [Kc As] and lost with Pair of Jacks and Pair of Twos, and won ($4.98) with Aces-High Straight


Poker Hand #HD1170074970: Hold'em No Limit  ($0.02/$0.05) - 2023/03/21 20:08:39
Table 'NLHBlue33' 6-max Seat #6 is the button
Seat 1: 93cbf009 ($5.04 in chips)
Seat 2: deeae8c4 ($5 in chips)
Seat 3: Hero ($5.83 in chips)
Seat 4: eb977e0c ($5 in chips)
Seat 5: bf2b04a7 ($5.07 in chips)
Seat 6: 226b261e ($5.85 in chips)
93cbf009: posts small blind $0.02
deeae8c4: posts big blind $0.05
*** HOLE CARDS ***
Dealt to 93cbf009 
Dealt to deeae8c4 
Dealt to Hero [Jh Jd]
Dealt to eb977e0c 
Dealt to bf2b04a7 
Dealt to 226b261e 
Hero: raises $0.07 to $0.12
eb977e0c: calls $0.12
bf2b04a7: folds
226b261e: folds
93cbf009: folds
deeae8c4: folds
*** FLOP *** [2d 8d Kh]
Hero: bets $0.16
eb977e0c: calls $0.16
*** TURN *** [2d 8d Kh] [Ts]
Hero: checks
eb977e0c: bets $0.37
Hero: calls $0.37
*** RIVER *** [2d 8d Kh Ts] [9c]
Hero: checks
eb977e0c: bets $0.69
Hero: folds
Uncalled bet ($0.69) returned to eb977e0c
*** SHOWDOWN ***
eb977e0c collected $1.31 from pot
*** SUMMARY ***
Total pot $1.37 | Rake $0.06 | Jackpot $0 | Bingo $0 | Fortune $0
Board [2d 8d Kh Ts 9c]
Seat 1: 93cbf009 (small blind) folded before Flop
Seat 2: deeae8c4 (big blind) folded before Flop
Seat 3: Hero folded on the River
Seat 4: eb977e0c won ($1.31)
Seat 5: bf2b04a7 folded before Flop (didn't bet)
Seat 6: 226b261e (button) folded before Flop (didn't bet)


Poker Hand #HD1170074888: Hold'em No Limit  ($0.02/$0.05) - 2023/03/21 20:08:13
Table 'NLHBlue33' 6-max Seat #5 is the button
Seat 1: 93cbf009 ($5.09 in chips)
Seat 3: Hero ($5.83 in chips)
Seat 4: eb977e0c ($5 in chips)
Seat 5: bf2b04a7 ($5 in chips)
Seat 6: 226b261e ($5.87 in chips)
226b261e: posts small blind $0.02
93cbf009: posts big blind $0.05
*** HOLE CARDS ***
Dealt to 93cbf009 
Dealt to Hero [Kd 3d]
Dealt to eb977e0c 
Dealt to bf2b04a7 
Dealt to 226b261e 
Hero: folds
eb977e0c: folds
bf2b04a7: raises $0.08 to $0.13
226b261e: folds
93cbf009: folds
Uncalled bet ($0.08) returned to bf2b04a7
*** SHOWDOWN ***
bf2b04a7 collected $0.12 from pot
*** SUMMARY ***
Total pot $0.12 | Rake $0 | Jackpot $0 | Bingo $0 | Fortune $0
Seat 1: 93cbf009 (big blind) folded before Flop
Seat 3: Hero folded before Flop (didn't bet)
Seat 4: eb977e0c folded before Flop (didn't bet)
Seat 5: bf2b04a7 (button) collected ($0.12)
Seat 6: 226b261e (small blind) folded before Flop


Poker Hand #HD1170074870: Hold'em No Limit  ($0.02/$0.05) - 2023/03/21 20:08:06
Table 'NLHBlue33' 6-max Seat #4 is the button
Seat 1: 93cbf009 ($5.09 in chips)
Seat 3: Hero ($5.83 in chips)
Seat 4: eb977e0c ($5 in chips)
Seat 5: bf2b04a7 ($5 in chips)
Seat 6: 226b261e ($5.85 in chips)
bf2b04a7: posts small blind $0.02
226b261e: posts big blind $0.05
*** HOLE CARDS ***
Dealt to 93cbf009 
Dealt to Hero [4h 6d]
Dealt to eb977e0c 
Dealt to bf2b04a7 
Dealt to 226b261e 
93cbf009: folds
Hero: folds
eb977e0c: folds
bf2b04a7: folds
Uncalled bet ($0.03) returned to 226b261e
*** SHOWDOWN ***
226b261e collected $0.04 from pot
*** SUMMARY ***
Total pot $0.04 | Rake $0 | Jackpot $0 | Bingo $0 | Fortune $0
Seat 1: 93cbf009 folded before Flop (didn't bet)
Seat 3: Hero folded before Flop (didn't bet)
Seat 4: eb977e0c (button) folded before Flop (didn't bet)
Seat 5: bf2b04a7 (small blind) folded before Flop
Seat 6: 226b261e (big blind) collected ($0.04)


Poker Hand #HD1170074839: Hold'em No Limit  ($0.02/$0.05) - 2023/03/21 20:07:53
Table 'NLHBlue33' 6-max Seat #3 is the button
Seat 1: 93cbf009 ($5.09 in chips)
Seat 3: Hero ($5.76 in chips)
Seat 4: eb977e0c ($5 in chips)
Seat 5: bf2b04a7 ($5 in chips)
Seat 6: 226b261e ($5.85 in chips)
eb977e0c: posts small blind $0.02
bf2b04a7: posts big blind $0.05
*** HOLE CARDS ***
Dealt to 93cbf009 
Dealt to Hero [9d Qc]
Dealt to eb977e0c 
Dealt to bf2b04a7 
Dealt to 226b261e 
226b261e: folds
93cbf009: folds
Hero: raises $0.07 to $0.12
eb977e0c: folds
bf2b04a7: folds
Uncalled bet ($0.07) returned to Hero
*** SHOWDOWN ***
Hero collected $0.12 from pot
*** SUMMARY ***
Total pot $0.12 | Rake $0 | Jackpot $0 | Bingo $0 | Fortune $0
Seat 1: 93cbf009 folded before Flop (didn't bet)
Seat 3: Hero (button) collected ($0.12)
Seat 4: eb977e0c (small blind) folded before Flop
Seat 5: bf2b04a7 (big blind) folded before Flop
Seat 6: 226b261e folded before Flop (didn't bet)


Poker Hand #HD1170074769: Hold'em No Limit  ($0.02/$0.05) - 2023/03/21 20:07:31
Table 'NLHBlue33' 6-max Seat #1 is the button
Seat 1: 93cbf009 ($5.02 in chips)
Seat 3: Hero ($5.78 in chips)
Seat 4: eb977e0c ($5 in chips)
Seat 5: bf2b04a7 ($5 in chips)
Seat 6: 226b261e ($5.85 in chips)
Hero: posts small blind $0.02
eb977e0c: posts big blind $0.05
*** HOLE CARDS ***
Dealt to 93cbf009 
Dealt to Hero [7d Js]
Dealt to eb977e0c 
Dealt to bf2b04a7 
Dealt to 226b261e 
bf2b04a7: folds
226b261e: folds
93cbf009: raises $0.1 to $0.15
Hero: folds
eb977e0c: folds
Uncalled bet ($0.1) returned to 93cbf009
*** SHOWDOWN ***
93cbf009 collected $0.12 from pot
*** SUMMARY ***
Total pot $0.12 | Rake $0 | Jackpot $0 | Bingo $0 | Fortune $0
Seat 1: 93cbf009 (button) collected ($0.12)
Seat 3: Hero (small blind) folded before Flop
Seat 4: eb977e0c (big blind) folded before Flop
Seat 5: bf2b04a7 folded before Flop (didn't bet)
Seat 6: 226b261e folded before Flop (didn't bet)


Poker Hand #HD1170074590: Hold'em No Limit  ($0.02/$0.05) - 2023/03/21 20:06:31
Table 'NLHBlue33' 6-max Seat #6 is the button
Seat 1: 93cbf009 ($5.04 in chips)
Seat 3: Hero ($6.32 in chips)
Seat 4: eb977e0c ($5 in chips)
Seat 5: bf2b04a7 ($5 in chips)
Seat 6: 226b261e ($5.34 in chips)
93cbf009: posts small blind $0.02
Hero: posts big blind $0.05
*** HOLE CARDS ***
Dealt to 93cbf009 
Dealt to Hero [7s 6s]
Dealt to eb977e0c 
Dealt to bf2b04a7 
Dealt to 226b261e 
eb977e0c: folds
bf2b04a7: folds
226b261e: raises $0.1 to $0.15
93cbf009: folds
Hero: calls $0.1
*** FLOP *** [4s Qd 6h]
Hero: bets $0.14
226b261e: calls $0.14
*** TURN *** [4s Qd 6h] [4h]
Hero: checks
226b261e: bets $0.25
Hero: calls $0.25
*** RIVER *** [4s Qd 6h 4h] [Ts]
Hero: checks
226b261e: checks
Hero: shows [7s 6s] (Pair of Sixes and Pair of Fours)
226b261e: shows [8d 8s] (Pair of Eights and Pair of Fours)
*** SHOWDOWN ***
226b261e collected $1.05 from pot
*** SUMMARY ***
Total pot $1.1 | Rake $0.05 | Jackpot $0 | Bingo $0 | Fortune $0
Board [4s Qd 6h 4h Ts]
Seat 1: 93cbf009 (small blind) folded before Flop
Seat 3: Hero (big blind) showed [7s 6s] and lost with Pair of Sixes and Pair of Fours
Seat 4: eb977e0c folded before Flop (didn't bet)
Seat 5: bf2b04a7 folded before Flop (didn't bet)
Seat 6: 226b261e (button) showed [8d 8s] and won ($1.05) with Pair of Eights and Pair of Fours


Poker Hand #HD1170074502: Hold'em No Limit  ($0.02/$0.05) - 2023/03/21 20:06:01
Table 'NLHBlue33' 6-max Seat #5 is the button
Seat 1: 93cbf009 ($5.16 in chips)
Seat 3: Hero ($6.19 in chips)
Seat 4: eb977e0c ($5 in chips)
Seat 5: bf2b04a7 ($5 in chips)
Seat 6: 226b261e ($5.36 in chips)
226b261e: posts small blind $0.02
93cbf009: posts big blind $0.05
*** HOLE CARDS ***
Dealt to 93cbf009 
Dealt to Hero [Th Ac]
Dealt to eb977e0c 
Dealt to bf2b04a7 
Dealt to 226b261e 
Hero: raises $0.07 to $0.12
eb977e0c: folds
bf2b04a7: folds
226b261e: folds
93cbf009: calls $0.07
*** FLOP *** [Jd 5d 6h]
93cbf009: checks
Hero: bets $0.13
93cbf009: folds
Uncalled bet ($0.13) returned to Hero
*** SHOWDOWN ***
Hero collected $0.25 from pot
*** SUMMARY ***
Total pot $0.26 | Rake $0.01 | Jackpot $0 | Bingo $0 | Fortune $0
Board [Jd 5d 6h]
Seat 1: 93cbf009 (big blind) folded on the Flop
Seat 3: Hero won ($0.25)
Seat 4: eb977e0c folded before Flop (didn't bet)
Seat 5: bf2b04a7 (button) folded before Flop (didn't bet)
Seat 6: 226b261e (small blind) folded before Flop


Poker Hand #HD1170074446: Hold'em No Limit  ($0.02/$0.05) - 2023/03/21 20:05:42
Table 'NLHBlue33' 6-max Seat #4 is the button
Seat 1: 93cbf009 ($5.09 in chips)
Seat 3: Hero ($6.19 in chips)
Seat 4: eb977e0c ($5 in chips)
Seat 5: bf2b04a7 ($5.02 in chips)
Seat 6: 226b261e ($5.41 in chips)
bf2b04a7: posts small blind $0.02
226b261e: posts big blind $0.05
*** HOLE CARDS ***
Dealt to 93cbf009 
Dealt to Hero [3s Th]
Dealt to eb977e0c 
Dealt to bf2b04a7 
Dealt to 226b261e 
93cbf009: raises $0.1 to $0.15
Hero: folds
eb977e0c: folds
bf2b04a7: folds
226b261e: folds
Uncalled bet ($0.1) returned to 93cbf009
*** SHOWDOWN ***
93cbf009 collected $0.12 from pot
*** SUMMARY ***
Total pot $0.12 | Rake $0 | Jackpot $0 | Bingo $0 | Fortune $0
Seat 1: 93cbf009 collected ($0.12)
Seat 3: Hero folded before Flop (didn't bet)
Seat 4: eb977e0c (button) folded before Flop (didn't bet)
Seat 5: bf2b04a7 (small blind) folded before Flop
Seat 6: 226b261e (big blind) folded before Flop


Poker Hand #HD1170074372: Hold'em No Limit  ($0.02/$0.05) - 2023/03/21 20:05:21
Table 'NLHBlue33' 6-max Seat #3 is the button
Seat 1: 93cbf009 ($5.09 in chips)
Seat 3: Hero ($6.12 in chips)
Seat 4: eb977e0c ($5 in chips)
Seat 5: bf2b04a7 ($5.07 in chips)
Seat 6: 226b261e ($5.41 in chips)
eb977e0c: posts small blind $0.02
bf2b04a7: posts big blind $0.05
*** HOLE CARDS ***
Dealt to 93cbf009 
Dealt to Hero [7h 6h]
Dealt to eb977e0c 
Dealt to bf2b04a7 
Dealt to 226b261e 
226b261e: folds
93cbf009: folds
Hero: raises $0.07 to $0.12
eb977e0c: folds
bf2b04a7: folds
Uncalled bet ($0.07) returned to Hero
*** SHOWDOWN ***
Hero collected $0.12 from pot
*** SUMMARY ***
Total pot $0.12 | Rake $0 | Jackpot $0 | Bingo $0 | Fortune $0
Seat 1: 93cbf009 folded before Flop (didn't bet)
Seat 3: Hero (button) collected ($0.12)
Seat 4: eb977e0c (small blind) folded before Flop
Seat 5: bf2b04a7 (big blind) folded before Flop
Seat 6: 226b261e folded before Flop (didn't bet)


Poker Hand #HD1170074196: Hold'em No Limit  ($0.02/$0.05) - 2023/03/21 20:04:25
Table 'NLHBlue33' 6-max Seat #1 is the button
Seat 1: 93cbf009 ($5.19 in chips)
Seat 3: Hero ($6.22 in chips)
Seat 4: eb977e0c ($5 in chips)
Seat 5: bf2b04a7 ($5.07 in chips)
Seat 6: 226b261e ($5 in chips)
Hero: posts small blind $0.02
eb977e0c: posts big blind $0.05
*** HOLE CARDS ***
Dealt to 93cbf009 
Dealt to Hero [9c Tc]
Dealt to eb977e0c 
Dealt to bf2b04a7 
Dealt to 226b261e 
bf2b04a7: folds
226b261e: raises $0.05 to $0.1
93cbf009: calls $0.1
Hero: calls $0.08
eb977e0c: calls $0.05
*** FLOP *** [As Qh 3h]
Hero: checks
eb977e0c: checks
226b261e: bets $0.14
93cbf009: folds
Hero: folds
eb977e0c: calls $0.14
*** TURN *** [As Qh 3h] [Kd]
eb977e0c: checks
226b261e: bets $0.3
eb977e0c: folds
Uncalled bet ($0.3) returned to 226b261e
*** SHOWDOWN ***
226b261e collected $0.65 from pot
*** SUMMARY ***
Total pot $0.68 | Rake $0.03 | Jackpot $0 | Bingo $0 | Fortune $0
Board [As Qh 3h Kd]
Seat 1: 93cbf009 (button) folded on the Flop
Seat 3: Hero (small blind) folded on the Flop
Seat 4: eb977e0c (big blind) folded on the Turn
Seat 5: bf2b04a7 folded before Flop (didn't bet)
Seat 6: 226b261e won ($0.65)


Poker Hand #HD1170074141: Hold'em No Limit  ($0.02/$0.05) - 2023/03/21 20:04:09
Table 'NLHBlue33' 6-max Seat #6 is the button
Seat 1: 93cbf009 ($5.21 in chips)
Seat 3: Hero ($6.2 in chips)
Seat 4: eb977e0c ($5 in chips)
Seat 5: bf2b04a7 ($5.07 in chips)
Seat 6: 226b261e ($5 in chips)
93cbf009: posts small blind $0.02
Hero: posts big blind $0.05
*** HOLE CARDS ***
Dealt to 93cbf009 
Dealt to Hero [Qc Kd]
Dealt to eb977e0c 
Dealt to bf2b04a7 
Dealt to 226b261e 
eb977e0c: folds
bf2b04a7: folds
226b261e: folds
93cbf009: folds
Uncalled bet ($0.03) returned to Hero
*** SHOWDOWN ***
Hero collected $0.04 from pot
*** SUMMARY ***
Total pot $0.04 | Rake $0 | Jackpot $0 | Bingo $0 | Fortune $0
Seat 1: 93cbf009 (small blind) folded before Flop
Seat 3: Hero (big blind) collected ($0.04)
Seat 4: eb977e0c folded before Flop (didn't bet)
Seat 5: bf2b04a7 folded before Flop (didn't bet)
Seat 6: 226b261e (button) folded before Flop (didn't bet)


Poker Hand #HD1170074090: Hold'em No Limit  ($0.02/$0.05) - 2023/03/21 20:03:52
Table 'NLHBlue33' 6-max Seat #5 is the button
Seat 1: 93cbf009 ($5.26 in chips)
Seat 3: Hero ($6.2 in chips)
Seat 4: eb977e0c ($5 in chips)
Seat 5: bf2b04a7 ($5 in chips)
Seat 6: 226b261e ($5.02 in chips)
226b261e: posts small blind $0.02
93cbf009: posts big blind $0.05
*** HOLE CARDS ***
Dealt to 93cbf009 
Dealt to Hero [3h Jc]
Dealt to eb977e0c 
Dealt to bf2b04a7 
Dealt to 226b261e 
Hero: folds
eb977e0c: folds
bf2b04a7: raises $0.08 to $0.13
226b261e: folds
93cbf009: folds
Uncalled bet ($0.08) returned to bf2b04a7
*** SHOWDOWN ***
bf2b04a7 collected $0.12 from pot
*** SUMMARY ***
Total pot $0.12 | Rake $0 | Jackpot $0 | Bingo $0 | Fortune $0
Seat 1: 93cbf009 (big blind) folded before Flop
Seat 3: Hero folded before Flop (didn't bet)
Seat 4: eb977e0c folded before Flop (didn't bet)
Seat 5: bf2b04a7 (button) collected ($0.12)
Seat 6: 226b261e (small blind) folded before Flop


Poker Hand #HD1170074039: Hold'em No Limit  ($0.02/$0.05) - 2023/03/21 20:03:33
Table 'NLHBlue33' 6-max Seat #4 is the button
Seat 1: 93cbf009 ($5.26 in chips)
Seat 3: Hero ($6.2 in chips)
Seat 4: eb977e0c ($5 in chips)
Seat 5: bf2b04a7 ($5 in chips)
Seat 6: 226b261e ($5 in chips)
bf2b04a7: posts small blind $0.02
226b261e: posts big blind $0.05
*** HOLE CARDS ***
Dealt to 93cbf009 
Dealt to Hero [3s 5s]
Dealt to eb977e0c 
Dealt to bf2b04a7 
Dealt to 226b261e 
93cbf009: folds
Hero: folds
eb977e0c: folds
bf2b04a7: folds
Uncalled bet ($0.03) returned to 226b261e
*** SHOWDOWN ***
226b261e collected $0.04 from pot
*** SUMMARY ***
Total pot $0.04 | Rake $0 | Jackpot $0 | Bingo $0 | Fortune $0
Seat 1: 93cbf009 folded before Flop (didn't bet)
Seat 3: Hero folded before Flop (didn't bet)
Seat 4: eb977e0c (button) folded before Flop (didn't bet)
Seat 5: bf2b04a7 (small blind) folded before Flop
Seat 6: 226b261e (big blind) collected ($0.04)


Poker Hand #HD1170073959: Hold'em No Limit  ($0.02/$0.05) - 2023/03/21 20:03:10
Table 'NLHBlue33' 6-max Seat #3 is the button
Seat 1: 93cbf009 ($5.19 in chips)
Seat 3: Hero ($6.2 in chips)
Seat 4: eb977e0c ($5 in chips)
Seat 5: bf2b04a7 ($5.02 in chips)
Seat 6: 226b261e ($5 in chips)
eb977e0c: posts small blind $0.02
bf2b04a7: posts big blind $0.05
*** HOLE CARDS ***
Dealt to 93cbf009 
Dealt to Hero [Td 9s]
Dealt to eb977e0c 
Dealt to bf2b04a7 
Dealt to 226b261e 
226b261e: folds
93cbf009: raises $0.1 to $0.15
Hero: folds
eb977e0c: folds
bf2b04a7: folds
Uncalled bet ($0.1) returned to 93cbf009
*** SHOWDOWN ***
93cbf009 collected $0.12 from pot
*** SUMMARY ***
Total pot $0.12 | Rake $0 | Jackpot $0 | Bingo $0 | Fortune $0
Seat 1: 93cbf009 collected ($0.12)
Seat 3: Hero (button) folded before Flop (didn't bet)
Seat 4: eb977e0c (small blind) folded before Flop
Seat 5: bf2b04a7 (big blind) folded before Flop
Seat 6: 226b261e folded before Flop (didn't bet)


Poker Hand #HD1170073883: Hold'em No Limit  ($0.02/$0.05) - 2023/03/21 20:02:46
Table 'NLHBlue33' 6-max Seat #1 is the button
Seat 1: 93cbf009 ($5.12 in chips)
Seat 3: Hero ($6.22 in chips)
Seat 4: eb977e0c ($5 in chips)
Seat 5: bf2b04a7 ($5.02 in chips)
Seat 6: 226b261e ($5 in chips)
Hero: posts small blind $0.02
eb977e0c: posts big blind $0.05
*** HOLE CARDS ***
Dealt to 93cbf009 
Dealt to Hero [4s 8c]
Dealt to eb977e0c 
Dealt to bf2b04a7 
Dealt to 226b261e 
bf2b04a7: folds
226b261e: folds
93cbf009: raises $0.1 to $0.15
Hero: folds
eb977e0c: folds
Uncalled bet ($0.1) returned to 93cbf009
*** SHOWDOWN ***
93cbf009 collected $0.12 from pot
*** SUMMARY ***
Total pot $0.12 | Rake $0 | Jackpot $0 | Bingo $0 | Fortune $0
Seat 1: 93cbf009 (button) collected ($0.12)
Seat 3: Hero (small blind) folded before Flop
Seat 4: eb977e0c (big blind) folded before Flop
Seat 5: bf2b04a7 folded before Flop (didn't bet)
Seat 6: 226b261e folded before Flop (didn't bet)


Poker Hand #HD1170073829: Hold'em No Limit  ($0.02/$0.05) - 2023/03/21 20:02:31
Table 'NLHBlue33' 6-max Seat #6 is the button
Seat 1: 93cbf009 ($5.14 in chips)
Seat 3: Hero ($6.2 in chips)
Seat 5: bf2b04a7 ($5.02 in chips)
Seat 6: 226b261e ($5 in chips)
93cbf009: posts small blind $0.02
Hero: posts big blind $0.05
*** HOLE CARDS ***
Dealt to 93cbf009 
Dealt to Hero [3c 2d]
Dealt to bf2b04a7 
Dealt to 226b261e 
bf2b04a7: folds
226b261e: folds
93cbf009: folds
Uncalled bet ($0.03) returned to Hero
*** SHOWDOWN ***
Hero collected $0.04 from pot
*** SUMMARY ***
Total pot $0.04 | Rake $0 | Jackpot $0 | Bingo $0 | Fortune $0
Seat 1: 93cbf009 (small blind) folded before Flop
Seat 3: Hero (big blind) collected ($0.04)
Seat 5: bf2b04a7 folded before Flop (didn't bet)
Seat 6: 226b261e (button) folded before Flop (didn't bet)


Poker Hand #HD1170073698: Hold'em No Limit  ($0.02/$0.05) - 2023/03/21 20:01:43
Table 'NLHBlue33' 6-max Seat #5 is the button
Seat 1: 93cbf009 ($5 in chips)
Seat 2: 6354dc50 ($1.68 in chips)
Seat 3: Hero ($6.2 in chips)
Seat 5: bf2b04a7 ($5.15 in chips)
Seat 6: 226b261e ($5.02 in chips)
226b261e: posts small blind $0.02
93cbf009: posts big blind $0.05
*** HOLE CARDS ***
Dealt to 93cbf009 
Dealt to 6354dc50 
Dealt to Hero [7h Kc]
Dealt to bf2b04a7 
Dealt to 226b261e 
6354dc50: folds
Hero: folds
bf2b04a7: raises $0.08 to $0.13
226b261e: folds
93cbf009: calls $0.08
*** FLOP *** [6c 7c 8h]
93cbf009: bets $0.14
bf2b04a7: folds
Uncalled bet ($0.14) returned to 93cbf009
*** SHOWDOWN ***
93cbf009 collected $0.27 from pot
*** SUMMARY ***
Total pot $0.28 | Rake $0.01 | Jackpot $0 | Bingo $0 | Fortune $0
Board [6c 7c 8h]
Seat 1: 93cbf009 (big blind) won ($0.27)
Seat 2: 6354dc50 folded before Flop (didn't bet)
Seat 3: Hero folded before Flop (didn't bet)
Seat 5: bf2b04a7 (button) folded on the Flop
Seat 6: 226b261e (small blind) folded before Flop


Poker Hand #HD1170073584: Hold'em No Limit  ($0.02/$0.05) - 2023/03/21 20:01:12
Table 'NLHBlue33' 6-max Seat #3 is the button
Seat 1: 93cbf009 ($5 in chips)
Seat 2: 6354dc50 ($1.68 in chips)
Seat 3: Hero ($6.2 in chips)
Seat 5: bf2b04a7 ($5.17 in chips)
Seat 6: 226b261e ($5 in chips)
bf2b04a7: posts small blind $0.02
226b261e: posts big blind $0.05
*** HOLE CARDS ***
Dealt to 93cbf009 
Dealt to 6354dc50 
Dealt to Hero [Js 3s]
Dealt to bf2b04a7 
Dealt to 226b261e 
93cbf009: folds
6354dc50: folds
Hero: folds
bf2b04a7: folds
Uncalled bet ($0.03) returned to 226b261e
*** SHOWDOWN ***
226b261e collected $0.04 from pot
*** SUMMARY ***
Total pot $0.04 | Rake $0 | Jackpot $0 | Bingo $0 | Fortune $0
Seat 1: 93cbf009 folded before Flop (didn't bet)
Seat 2: 6354dc50 folded before Flop (didn't bet)
Seat 3: Hero (button) folded before Flop (didn't bet)
Seat 5: bf2b04a7 (small blind) folded before Flop
Seat 6: 226b261e (big blind) collected ($0.04)


Poker Hand #HD1170073507: Hold'em No Limit  ($0.02/$0.05) - 2023/03/21 20:00:48
Table 'NLHBlue33' 6-max Seat #2 is the button
Seat 1: 93cbf009 ($5 in chips)
Seat 2: 6354dc50 ($1.61 in chips)
Seat 3: Hero ($6.22 in chips)
Seat 5: bf2b04a7 ($5.22 in chips)
Seat 6: 226b261e ($5 in chips)
Hero: posts small blind $0.02
bf2b04a7: posts big blind $0.05
*** HOLE CARDS ***
Dealt to 93cbf009 
Dealt to 6354dc50 
Dealt to Hero [Jd 6c]
Dealt to bf2b04a7 
Dealt to 226b261e 
226b261e: folds
93cbf009: folds
6354dc50: raises $0.1 to $0.15
Hero: folds
bf2b04a7: folds
Uncalled bet ($0.1) returned to 6354dc50
*** SHOWDOWN ***
6354dc50 collected $0.12 from pot
*** SUMMARY ***
Total pot $0.12 | Rake $0 | Jackpot $0 | Bingo $0 | Fortune $0
Seat 1: 93cbf009 folded before Flop (didn't bet)
Seat 2: 6354dc50 (button) collected ($0.12)
Seat 3: Hero (small blind) folded before Flop
Seat 5: bf2b04a7 (big blind) folded before Flop
Seat 6: 226b261e folded before Flop (didn't bet)


Poker Hand #HD1170073470: Hold'em No Limit  ($0.02/$0.05) - 2023/03/21 20:00:34
Table 'NLHBlue33' 6-max Seat #1 is the button
Seat 1: 93cbf009 ($0.28 in chips)
Seat 2: 6354dc50 ($1.56 in chips)
Seat 3: Hero ($6.27 in chips)
Seat 4: 27405c5e ($9.4 in chips)
Seat 5: bf2b04a7 ($5.22 in chips)
Seat 6: 226b261e ($5 in chips)
6354dc50: posts small blind $0.02
Hero: posts big blind $0.05
*** HOLE CARDS ***
Dealt to 93cbf009 
Dealt to 6354dc50 
Dealt to Hero [8s 2c]
Dealt to 27405c5e 
Dealt to bf2b04a7 
Dealt to 226b261e 
27405c5e: folds
bf2b04a7: folds
226b261e: folds
93cbf009: folds
6354dc50: raises $0.05 to $0.1
Hero: folds
Uncalled bet ($0.05) returned to 6354dc50
*** SHOWDOWN ***
6354dc50 collected $0.1 from pot
*** SUMMARY ***
Total pot $0.1 | Rake $0 | Jackpot $0 | Bingo $0 | Fortune $0
Seat 1: 93cbf009 (button) folded before Flop (didn't bet)
Seat 2: 6354dc50 (small blind) collected ($0.1)
Seat 3: Hero (big blind) folded before Flop
Seat 4: 27405c5e folded before Flop (didn't bet)
Seat 5: bf2b04a7 folded before Flop (didn't bet)
Seat 6: 226b261e folded before Flop (didn't bet)


Poker Hand #HD1170073248: Hold'em No Limit  ($0.02/$0.05) - 2023/03/21 19:59:19
Table 'NLHBlue33' 6-max Seat #6 is the button
Seat 1: 93cbf009 ($4.74 in chips)
Seat 2: 6354dc50 ($1.61 in chips)
Seat 3: Hero ($6.27 in chips)
Seat 4: 27405c5e ($5.13 in chips)
Seat 5: bf2b04a7 ($5.22 in chips)
Seat 6: 226b261e ($5 in chips)
93cbf009: posts small blind $0.02
6354dc50: posts big blind $0.05
*** HOLE CARDS ***
Dealt to 93cbf009 
Dealt to 6354dc50 
Dealt to Hero [9d 3h]
Dealt to 27405c5e 
Dealt to bf2b04a7 
Dealt to 226b261e 
Hero: folds
27405c5e: raises $0.07 to $0.12
bf2b04a7: folds
226b261e: folds
93cbf009: calls $0.1
6354dc50: folds
*** FLOP *** [7s 2h Js]
93cbf009: checks
27405c5e: bets $0.1
93cbf009: calls $0.1
*** TURN *** [7s 2h Js] [5d]
93cbf009: checks
27405c5e: bets $0.24
93cbf009: raises $0.24 to $0.48
27405c5e: calls $0.24
*** RIVER *** [7s 2h Js 5d] [4d]
93cbf009: bets $1.09
27405c5e: raises $3.34 to $4.43 and is all-in
93cbf009: calls $2.95 and is all-in
Uncalled bet ($0.39) returned to 27405c5e
27405c5e: shows [3s As] (Fives-High Straight)
93cbf009: shows [Ks Jh] (Pair of Jacks)
*** SHOWDOWN ***
27405c5e collected $9.01 from pot
*** SUMMARY ***
Total pot $9.53 | Rake $0.47 | Jackpot $0.05 | Bingo $0 | Fortune $0
Board [7s 2h Js 5d 4d]
Seat 1: 93cbf009 (small blind) showed [Ks Jh] and lost with Pair of Jacks
Seat 2: 6354dc50 (big blind) folded before Flop
Seat 3: Hero folded before Flop (didn't bet)
Seat 4: 27405c5e showed [3s As] and won ($9.01) with Fives-High Straight
Seat 5: bf2b04a7 folded before Flop (didn't bet)
Seat 6: 226b261e (button) folded before Flop (didn't bet)


Poker Hand #HD1170073172: Hold'em No Limit  ($0.02/$0.05) - 2023/03/21 19:58:52
Table 'NLHBlue33' 6-max Seat #5 is the button
Seat 1: 93cbf009 ($4.86 in chips)
Seat 2: 6354dc50 ($1.61 in chips)
Seat 3: Hero ($6.27 in chips)
Seat 4: 27405c5e ($5 in chips)
Seat 5: bf2b04a7 ($5.22 in chips)
Seat 6: 226b261e ($5.02 in chips)
226b261e: posts small blind $0.02
93cbf009: posts big blind $0.05
*** HOLE CARDS ***
Dealt to 93cbf009 
Dealt to 6354dc50 
Dealt to Hero [4h 8s]
Dealt to 27405c5e 
Dealt to bf2b04a7 
Dealt to 226b261e 
6354dc50: folds
Hero: folds
27405c5e: raises $0.07 to $0.12
bf2b04a7: folds
226b261e: folds
93cbf009: calls $0.07
*** FLOP *** [6d 6s Th]
93cbf009: checks
27405c5e: bets $0.09
93cbf009: folds
Uncalled bet ($0.09) returned to 27405c5e
*** SHOWDOWN ***
27405c5e collected $0.25 from pot
*** SUMMARY ***
Total pot $0.26 | Rake $0.01 | Jackpot $0 | Bingo $0 | Fortune $0
Board [6d 6s Th]
Seat 1: 93cbf009 (big blind) folded on the Flop
Seat 2: 6354dc50 folded before Flop (didn't bet)
Seat 3: Hero folded before Flop (didn't bet)
Seat 4: 27405c5e won ($0.25)
Seat 5: bf2b04a7 (button) folded before Flop (didn't bet)
Seat 6: 226b261e (small blind) folded before Flop


Poker Hand #HD1170073118: Hold'em No Limit  ($0.02/$0.05) - 2023/03/21 19:58:34
Table 'NLHBlue33' 6-max Seat #4 is the button
Seat 2: 6354dc50 ($1.61 in chips)
Seat 3: Hero ($6.27 in chips)
Seat 4: 27405c5e ($5 in chips)
Seat 5: bf2b04a7 ($5.24 in chips)
Seat 6: 226b261e ($5 in chips)
bf2b04a7: posts small blind $0.02
226b261e: posts big blind $0.05
*** HOLE CARDS ***
Dealt to 6354dc50 
Dealt to Hero [Ks 2c]
Dealt to 27405c5e 
Dealt to bf2b04a7 
Dealt to 226b261e 
6354dc50: folds
Hero: folds
27405c5e: folds
bf2b04a7: folds
Uncalled bet ($0.03) returned to 226b261e
*** SHOWDOWN ***
226b261e collected $0.04 from pot
*** SUMMARY ***
Total pot $0.04 | Rake $0 | Jackpot $0 | Bingo $0 | Fortune $0
Seat 2: 6354dc50 folded before Flop (didn't bet)
Seat 3: Hero folded before Flop (didn't bet)
Seat 4: 27405c5e (button) folded before Flop (didn't bet)
Seat 5: bf2b04a7 (small blind) folded before Flop
Seat 6: 226b261e (big blind) collected ($0.04)


Poker Hand #HD1170073089: Hold'em No Limit  ($0.02/$0.05) - 2023/03/21 19:58:25
Table 'NLHBlue33' 6-max Seat #3 is the button
Seat 2: 6354dc50 ($1.61 in chips)
Seat 3: Hero ($6.27 in chips)
Seat 4: 27405c5e ($5 in chips)
Seat 5: bf2b04a7 ($5.22 in chips)
27405c5e: posts small blind $0.02
bf2b04a7: posts big blind $0.05
*** HOLE CARDS ***
Dealt to 6354dc50 
Dealt to Hero [4h 7d]
Dealt to 27405c5e 
Dealt to bf2b04a7 
6354dc50: folds
Hero: folds
27405c5e: folds
Uncalled bet ($0.03) returned to bf2b04a7
*** SHOWDOWN ***
bf2b04a7 collected $0.04 from pot
*** SUMMARY ***
Total pot $0.04 | Rake $0 | Jackpot $0 | Bingo $0 | Fortune $0
Seat 2: 6354dc50 folded before Flop (didn't bet)
Seat 3: Hero (button) folded before Flop (didn't bet)
Seat 4: 27405c5e (small blind) folded before Flop
Seat 5: bf2b04a7 (big blind) collected ($0.04)


Poker Hand #HD1170073048: Hold'em No Limit  ($0.02/$0.05) - 2023/03/21 19:58:11
Table 'NLHBlue33' 6-max Seat #2 is the button
Seat 2: 6354dc50 ($1.54 in chips)
Seat 3: Hero ($6.29 in chips)
Seat 4: 27405c5e ($5 in chips)
Seat 5: bf2b04a7 ($5.22 in chips)
Hero: posts small blind $0.02
27405c5e: posts big blind $0.05
*** HOLE CARDS ***
Dealt to 6354dc50 
Dealt to Hero [Kc 7h]
Dealt to 27405c5e 
Dealt to bf2b04a7 
bf2b04a7: folds
6354dc50: raises $0.05 to $0.1
Hero: folds
27405c5e: folds
Uncalled bet ($0.05) returned to 6354dc50
*** SHOWDOWN ***
6354dc50 collected $0.12 from pot
*** SUMMARY ***
Total pot $0.12 | Rake $0 | Jackpot $0 | Bingo $0 | Fortune $0
Seat 2: 6354dc50 (button) collected ($0.12)
Seat 3: Hero (small blind) folded before Flop
Seat 4: 27405c5e (big blind) folded before Flop
Seat 5: bf2b04a7 folded before Flop (didn't bet)


Poker Hand #HD1170072999: Hold'em No Limit  ($0.02/$0.05) - 2023/03/21 19:57:52
Table 'NLHBlue33' 6-max Seat #6 is the button
Seat 2: 6354dc50 ($1.59 in chips)
Seat 3: Hero ($6.24 in chips)
Seat 5: bf2b04a7 ($5.22 in chips)
Seat 6: f4e7eed2 ($6.39 in chips)
6354dc50: posts small blind $0.02
Hero: posts big blind $0.05
*** HOLE CARDS ***
Dealt to 6354dc50 
Dealt to Hero [5d Ad]
Dealt to bf2b04a7 
Dealt to f4e7eed2 
bf2b04a7: folds
f4e7eed2: folds
6354dc50: calls $0.03
Hero: raises $0.15 to $0.2
6354dc50: folds
Uncalled bet ($0.15) returned to Hero
*** SHOWDOWN ***
Hero collected $0.1 from pot
*** SUMMARY ***
Total pot $0.1 | Rake $0 | Jackpot $0 | Bingo $0 | Fortune $0
Seat 2: 6354dc50 (small blind) folded before Flop
Seat 3: Hero (big blind) collected ($0.1)
Seat 5: bf2b04a7 folded before Flop (didn't bet)
Seat 6: f4e7eed2 (button) folded before Flop (didn't bet)


Poker Hand #HD1170072845: Hold'em No Limit  ($0.02/$0.05) - 2023/03/21 19:57:00
Table 'NLHBlue33' 6-max Seat #5 is the button
Seat 2: 6354dc50 ($1.34 in chips)
Seat 3: Hero ($6.49 in chips)
Seat 5: bf2b04a7 ($5.22 in chips)
Seat 6: f4e7eed2 ($6.41 in chips)
f4e7eed2: posts small blind $0.02
6354dc50: posts big blind $0.05
*** HOLE CARDS ***
Dealt to 6354dc50 
Dealt to Hero [4h 4d]
Dealt to bf2b04a7 
Dealt to f4e7eed2 
Hero: raises $0.07 to $0.12
bf2b04a7: folds
f4e7eed2: folds
6354dc50: calls $0.07
*** FLOP *** [6d Tc 2s]
6354dc50: checks
Hero: checks
*** TURN *** [6d Tc 2s] [5d]
6354dc50: bets $0.13
Hero: calls $0.13
*** RIVER *** [6d Tc 2s 5d] [9s]
6354dc50: checks
Hero: checks
6354dc50: shows [5s 4s] (Pair of Fives)
Hero: shows [4h 4d] (Pair of Fours)
*** SHOWDOWN ***
6354dc50 collected $0.5 from pot
*** SUMMARY ***
Total pot $0.52 | Rake $0.02 | Jackpot $0 | Bingo $0 | Fortune $0
Board [6d Tc 2s 5d 9s]
Seat 2: 6354dc50 (big blind) showed [5s 4s] and won ($0.5) with Pair of Fives
Seat 3: Hero showed [4h 4d] and lost with Pair of Fours
Seat 5: bf2b04a7 (button) folded before Flop (didn't bet)
Seat 6: f4e7eed2 (small blind) folded before Flop


Poker Hand #HD1170072796: Hold'em No Limit  ($0.02/$0.05) - 2023/03/21 19:56:45
Table 'NLHBlue33' 6-max Seat #3 is the button
Seat 1: 93cbf009 ($4.86 in chips)
Seat 2: 6354dc50 ($1.34 in chips)
Seat 3: Hero ($6.49 in chips)
Seat 5: bf2b04a7 ($5.24 in chips)
Seat 6: f4e7eed2 ($6.39 in chips)
bf2b04a7: posts small blind $0.02
f4e7eed2: posts big blind $0.05
*** HOLE CARDS ***
Dealt to 93cbf009 
Dealt to 6354dc50 
Dealt to Hero [7d 6h]
Dealt to bf2b04a7 
Dealt to f4e7eed2 
93cbf009: folds
6354dc50: folds
Hero: folds
bf2b04a7: folds
Uncalled bet ($0.03) returned to f4e7eed2
*** SHOWDOWN ***
f4e7eed2 collected $0.04 from pot
*** SUMMARY ***
Total pot $0.04 | Rake $0 | Jackpot $0 | Bingo $0 | Fortune $0
Seat 1: 93cbf009 folded before Flop (didn't bet)
Seat 2: 6354dc50 folded before Flop (didn't bet)
Seat 3: Hero (button) folded before Flop (didn't bet)
Seat 5: bf2b04a7 (small blind) folded before Flop
Seat 6: f4e7eed2 (big blind) collected ($0.04)


Poker Hand #HD1170072581: Hold'em No Limit  ($0.02/$0.05) - 2023/03/21 19:55:34
Table 'NLHBlue33' 6-max Seat #2 is the button
Seat 1: 93cbf009 ($4.86 in chips)
Seat 2: 6354dc50 ($1.34 in chips)
Seat 3: Hero ($7.47 in chips)
Seat 5: bf2b04a7 ($5.29 in chips)
Seat 6: f4e7eed2 ($5.5 in chips)
Hero: posts small blind $0.02
bf2b04a7: posts big blind $0.05
*** HOLE CARDS ***
Dealt to 93cbf009 
Dealt to 6354dc50 
Dealt to Hero [Jc As]
Dealt to bf2b04a7 
Dealt to f4e7eed2 
f4e7eed2: raises $0.13 to $0.18
93cbf009: folds
6354dc50: folds
Hero: calls $0.16
bf2b04a7: folds
*** FLOP *** [Ah 2s 6h]
Hero: checks
f4e7eed2: bets $0.19
Hero: calls $0.19
*** TURN *** [Ah 2s 6h] [7c]
Hero: checks
f4e7eed2: bets $0.61
Hero: calls $0.61
*** RIVER *** [Ah 2s 6h 7c] [Td]
Hero: checks
f4e7eed2: bets $1.55
Hero: folds
Uncalled bet ($1.55) returned to f4e7eed2
*** SHOWDOWN ***
f4e7eed2 collected $1.87 from pot
*** SUMMARY ***
Total pot $2.01 | Rake $0.09 | Jackpot $0.05 | Bingo $0 | Fortune $0
Board [Ah 2s 6h 7c Td]
Seat 1: 93cbf009 folded before Flop (didn't bet)
Seat 2: 6354dc50 (button) folded before Flop (didn't bet)
Seat 3: Hero (small blind) folded on the River
Seat 5: bf2b04a7 (big blind) folded before Flop
Seat 6: f4e7eed2 won ($1.87)


Poker Hand #HD1170072511: Hold'em No Limit  ($0.02/$0.05) - 2023/03/21 19:55:12
Table 'NLHBlue33' 6-max Seat #1 is the button
Seat 1: 93cbf009 ($4.86 in chips)
Seat 2: 6354dc50 ($1.36 in chips)
Seat 3: Hero ($7.45 in chips)
Seat 5: bf2b04a7 ($5.29 in chips)
Seat 6: f4e7eed2 ($5.5 in chips)
6354dc50: posts small blind $0.02
Hero: posts big blind $0.05
*** HOLE CARDS ***
Dealt to 93cbf009 
Dealt to 6354dc50 
Dealt to Hero [Qc 3h]
Dealt to bf2b04a7 
Dealt to f4e7eed2 
bf2b04a7: folds
f4e7eed2: folds
93cbf009: folds
6354dc50: folds
Uncalled bet ($0.03) returned to Hero
*** SHOWDOWN ***
Hero collected $0.04 from pot
*** SUMMARY ***
Total pot $0.04 | Rake $0 | Jackpot $0 | Bingo $0 | Fortune $0
Seat 1: 93cbf009 (button) folded before Flop (didn't bet)
Seat 2: 6354dc50 (small blind) folded before Flop
Seat 3: Hero (big blind) collected ($0.04)
Seat 5: bf2b04a7 folded before Flop (didn't bet)
Seat 6: f4e7eed2 folded before Flop (didn't bet)


Poker Hand #HD1170072447: Hold'em No Limit  ($0.02/$0.05) - 2023/03/21 19:54:51
Table 'NLHBlue33' 6-max Seat #6 is the button
Seat 1: 93cbf009 ($4.88 in chips)
Seat 2: 6354dc50 ($1.34 in chips)
Seat 3: Hero ($7.45 in chips)
Seat 4: 78c2451b ($4.68 in chips)
Seat 5: bf2b04a7 ($5.29 in chips)
Seat 6: f4e7eed2 ($5.5 in chips)
93cbf009: posts small blind $0.02
6354dc50: posts big blind $0.05
*** HOLE CARDS ***
Dealt to 93cbf009 
Dealt to 6354dc50 
Dealt to Hero [Qc Td]
Dealt to 78c2451b 
Dealt to bf2b04a7 
Dealt to f4e7eed2 
Hero: folds
78c2451b: folds
bf2b04a7: folds
f4e7eed2: folds
93cbf009: folds
Uncalled bet ($0.03) returned to 6354dc50
*** SHOWDOWN ***
6354dc50 collected $0.04 from pot
*** SUMMARY ***
Total pot $0.04 | Rake $0 | Jackpot $0 | Bingo $0 | Fortune $0
Seat 1: 93cbf009 (small blind) folded before Flop
Seat 2: 6354dc50 (big blind) collected ($0.04)
Seat 3: Hero folded before Flop (didn't bet)
Seat 4: 78c2451b folded before Flop (didn't bet)
Seat 5: bf2b04a7 folded before Flop (didn't bet)
Seat 6: f4e7eed2 (button) folded before Flop (didn't bet)


Poker Hand #HD1170072321: Hold'em No Limit  ($0.02/$0.05) - 2023/03/21 19:54:07
Table 'NLHBlue33' 6-max Seat #5 is the button
Seat 1: 93cbf009 ($5 in chips)
Seat 3: Hero ($7.45 in chips)
Seat 4: 78c2451b ($4.55 in chips)
Seat 5: bf2b04a7 ($5.29 in chips)
Seat 6: f4e7eed2 ($5.52 in chips)
f4e7eed2: posts small blind $0.02
93cbf009: posts big blind $0.05
*** HOLE CARDS ***
Dealt to 93cbf009 
Dealt to Hero [Td Kc]
Dealt to 78c2451b 
Dealt to bf2b04a7 
Dealt to f4e7eed2 
Hero: folds
78c2451b: raises $0.07 to $0.12
bf2b04a7: folds
f4e7eed2: folds
93cbf009: calls $0.07
*** FLOP *** [3s 2h 5s]
93cbf009: checks
78c2451b: bets $0.2
93cbf009: folds
Uncalled bet ($0.2) returned to 78c2451b
*** SHOWDOWN ***
78c2451b collected $0.25 from pot
*** SUMMARY ***
Total pot $0.26 | Rake $0.01 | Jackpot $0 | Bingo $0 | Fortune $0
Board [3s 2h 5s]
Seat 1: 93cbf009 (big blind) folded on the Flop
Seat 3: Hero folded before Flop (didn't bet)
Seat 4: 78c2451b won ($0.25)
Seat 5: bf2b04a7 (button) folded before Flop (didn't bet)
Seat 6: f4e7eed2 (small blind) folded before Flop


Poker Hand #HD1170072215: Hold'em No Limit  ($0.02/$0.05) - 2023/03/21 19:53:33
Table 'NLHBlue33' 6-max Seat #4 is the button
Seat 3: Hero ($7.57 in chips)
Seat 4: 78c2451b ($4.55 in chips)
Seat 5: bf2b04a7 ($5.13 in chips)
Seat 6: f4e7eed2 ($5.57 in chips)
bf2b04a7: posts small blind $0.02
f4e7eed2: posts big blind $0.05
*** HOLE CARDS ***
Dealt to Hero [Th 9s]
Dealt to 78c2451b 
Dealt to bf2b04a7 
Dealt to f4e7eed2 
Hero: raises $0.07 to $0.12
78c2451b: folds
bf2b04a7: raises $0.48 to $0.6
f4e7eed2: folds
Hero: folds
Uncalled bet ($0.48) returned to bf2b04a7
*** SHOWDOWN ***
bf2b04a7 collected $0.28 from pot
*** SUMMARY ***
Total pot $0.29 | Rake $0.01 | Jackpot $0 | Bingo $0 | Fortune $0
Seat 3: Hero folded before Flop
Seat 4: 78c2451b (button) folded before Flop (didn't bet)
Seat 5: bf2b04a7 (small blind) collected ($0.28)
Seat 6: f4e7eed2 (big blind) folded before Flop


Poker Hand #HD1170072009: Hold'em No Limit  ($0.02/$0.05) - 2023/03/21 19:52:29
Table 'NLHBlue33' 6-max Seat #3 is the button
Seat 2: d45e23a6 ($5 in chips)
Seat 3: Hero ($7.58 in chips)
Seat 4: 78c2451b ($4.57 in chips)
Seat 5: bf2b04a7 ($5.14 in chips)
Seat 6: f4e7eed2 ($5.57 in chips)
78c2451b: posts small blind $0.02
bf2b04a7: posts big blind $0.05
*** HOLE CARDS ***
Dealt to d45e23a6 
Dealt to Hero [5c Ac]
Dealt to 78c2451b 
Dealt to bf2b04a7 
Dealt to f4e7eed2 
f4e7eed2: folds
d45e23a6: folds
Hero: raises $0.07 to $0.12
78c2451b: folds
bf2b04a7: calls $0.07
*** FLOP *** [Ah 4s 7d]
bf2b04a7: checks
Hero: bets $0.13
bf2b04a7: calls $0.13
*** TURN *** [Ah 4s 7d] [Js]
bf2b04a7: checks
Hero: checks
*** RIVER *** [Ah 4s 7d Js] [4d]
bf2b04a7: bets $0.29
Hero: calls $0.29
bf2b04a7: shows [Ad 9d] (Pair of Aces and Pair of Fours)
Hero: shows [5c Ac] (Pair of Aces and Pair of Fours)
*** SHOWDOWN ***
bf2b04a7 collected $0.53 from pot
Hero collected $0.53 from pot
*** SUMMARY ***
Total pot $1.1 | Rake $0.04 | Jackpot $0 | Bingo $0 | Fortune $0
Board [Ah 4s 7d Js 4d]
Seat 2: d45e23a6 folded before Flop (didn't bet)
Seat 3: Hero (button) showed [5c Ac] and won ($0.53) with Pair of Aces and Pair of Fours
Seat 4: 78c2451b (small blind) folded before Flop
Seat 5: bf2b04a7 (big blind) showed [Ad 9d] and won ($0.53) with Pair of Aces and Pair of Fours
Seat 6: f4e7eed2 folded before Flop (didn't bet)


Poker Hand #HD1170071771: Hold'em No Limit  ($0.02/$0.05) - 2023/03/21 19:51:18
Table 'NLHBlue33' 6-max Seat #2 is the button
Seat 2: d45e23a6 ($5 in chips)
Seat 3: Hero ($7.6 in chips)
Seat 4: 78c2451b ($4.7 in chips)
Seat 5: bf2b04a7 ($5 in chips)
Seat 6: f4e7eed2 ($5.57 in chips)
Hero: posts small blind $0.02
78c2451b: posts big blind $0.05
*** HOLE CARDS ***
Dealt to d45e23a6 
Dealt to Hero [5s 7c]
Dealt to 78c2451b 
Dealt to bf2b04a7 
Dealt to f4e7eed2 
bf2b04a7: raises $0.08 to $0.13
f4e7eed2: folds
d45e23a6: folds
Hero: folds
78c2451b: calls $0.08
*** FLOP *** [Kh Jh 2s]
78c2451b: checks
bf2b04a7: checks
*** TURN *** [Kh Jh 2s] [3c]
78c2451b: checks
bf2b04a7: checks
*** RIVER *** [Kh Jh 2s 3c] [Ad]
78c2451b: checks
bf2b04a7: checks
78c2451b: shows [8s 9s] (Ace-High)
bf2b04a7: shows [5h 5c] (Pair of Fives)
*** SHOWDOWN ***
bf2b04a7 collected $0.27 from pot
*** SUMMARY ***
Total pot $0.28 | Rake $0.01 | Jackpot $0 | Bingo $0 | Fortune $0
Board [Kh Jh 2s 3c Ad]
Seat 2: d45e23a6 (button) folded before Flop (didn't bet)
Seat 3: Hero (small blind) folded before Flop
Seat 4: 78c2451b (big blind) showed [8s 9s] and lost with Ace-High
Seat 5: bf2b04a7 showed [5h 5c] and won ($0.27) with Pair of Fives
Seat 6: f4e7eed2 folded before Flop (didn't bet)


Poker Hand #HD1170071675: Hold'em No Limit  ($0.02/$0.05) - 2023/03/21 19:50:43
Table 'NLHBlue33' 6-max Seat #6 is the button
Seat 1: 1414379f ($5.04 in chips)
Seat 2: d45e23a6 ($5 in chips)
Seat 3: Hero ($7.53 in chips)
Seat 4: 78c2451b ($4.7 in chips)
Seat 5: bf2b04a7 ($5 in chips)
Seat 6: f4e7eed2 ($5.57 in chips)
1414379f: posts small blind $0.02
d45e23a6: posts big blind $0.05
*** HOLE CARDS ***
Dealt to 1414379f 
Dealt to d45e23a6 
Dealt to Hero [As 5s]
Dealt to 78c2451b 
Dealt to bf2b04a7 
Dealt to f4e7eed2 
Hero: raises $0.07 to $0.12
78c2451b: folds
bf2b04a7: folds
f4e7eed2: folds
1414379f: folds
d45e23a6: folds
Uncalled bet ($0.07) returned to Hero
*** SHOWDOWN ***
Hero collected $0.12 from pot
*** SUMMARY ***
Total pot $0.12 | Rake $0 | Jackpot $0 | Bingo $0 | Fortune $0
Seat 1: 1414379f (small blind) folded before Flop
Seat 2: d45e23a6 (big blind) folded before Flop
Seat 3: Hero collected ($0.12)
Seat 4: 78c2451b folded before Flop (didn't bet)
Seat 5: bf2b04a7 folded before Flop (didn't bet)
Seat 6: f4e7eed2 (button) folded before Flop (didn't bet)


Poker Hand #HD1170071610: Hold'em No Limit  ($0.02/$0.05) - 2023/03/21 19:50:21
Table 'NLHBlue33' 6-max Seat #5 is the button
Seat 1: 1414379f ($5.02 in chips)
Seat 2: d45e23a6 ($5 in chips)
Seat 3: Hero ($7.53 in chips)
Seat 4: 78c2451b ($4.7 in chips)
Seat 5: bf2b04a7 ($5 in chips)
Seat 6: f4e7eed2 ($5.59 in chips)
f4e7eed2: posts small blind $0.02
1414379f: posts big blind $0.05
*** HOLE CARDS ***
Dealt to 1414379f 
Dealt to d45e23a6 
Dealt to Hero [9c 4d]
Dealt to 78c2451b 
Dealt to bf2b04a7 
Dealt to f4e7eed2 
d45e23a6: folds
Hero: folds
78c2451b: folds
bf2b04a7: folds
f4e7eed2: folds
Uncalled bet ($0.03) returned to 1414379f
*** SHOWDOWN ***
1414379f collected $0.04 from pot
*** SUMMARY ***
Total pot $0.04 | Rake $0 | Jackpot $0 | Bingo $0 | Fortune $0
Seat 1: 1414379f (big blind) collected ($0.04)
Seat 2: d45e23a6 folded before Flop (didn't bet)
Seat 3: Hero folded before Flop (didn't bet)
Seat 4: 78c2451b folded before Flop (didn't bet)
Seat 5: bf2b04a7 (button) folded before Flop (didn't bet)
Seat 6: f4e7eed2 (small blind) folded before Flop


Poker Hand #HD1170071507: Hold'em No Limit  ($0.02/$0.05) - 2023/03/21 19:49:46
Table 'NLHBlue33' 6-max Seat #4 is the button
Seat 1: 1414379f ($4.95 in chips)
Seat 2: d45e23a6 ($5 in chips)
Seat 3: Hero ($7.53 in chips)
Seat 4: 78c2451b ($4.7 in chips)
Seat 5: bf2b04a7 ($5 in chips)
Seat 6: f4e7eed2 ($5.64 in chips)
bf2b04a7: posts small blind $0.02
f4e7eed2: posts big blind $0.05
*** HOLE CARDS ***
Dealt to 1414379f 
Dealt to d45e23a6 
Dealt to Hero [Jc 9c]
Dealt to 78c2451b 
Dealt to bf2b04a7 
Dealt to f4e7eed2 
1414379f: raises $0.05 to $0.1
d45e23a6: folds
Hero: folds
78c2451b: folds
bf2b04a7: folds
f4e7eed2: folds
Uncalled bet ($0.05) returned to 1414379f
*** SHOWDOWN ***
1414379f collected $0.12 from pot
*** SUMMARY ***
Total pot $0.12 | Rake $0 | Jackpot $0 | Bingo $0 | Fortune $0
Seat 1: 1414379f collected ($0.12)
Seat 2: d45e23a6 folded before Flop (didn't bet)
Seat 3: Hero folded before Flop (didn't bet)
Seat 4: 78c2451b (button) folded before Flop (didn't bet)
Seat 5: bf2b04a7 (small blind) folded before Flop
Seat 6: f4e7eed2 (big blind) folded before Flop


Poker Hand #HD1170071452: Hold'em No Limit  ($0.02/$0.05) - 2023/03/21 19:49:30
Table 'NLHBlue33' 6-max Seat #3 is the button
Seat 1: 1414379f ($4.88 in chips)
Seat 2: d45e23a6 ($5 in chips)
Seat 3: Hero ($7.53 in chips)
Seat 4: 78c2451b ($4.72 in chips)
Seat 5: bf2b04a7 ($5 in chips)
Seat 6: f4e7eed2 ($5.64 in chips)
78c2451b: posts small blind $0.02
bf2b04a7: posts big blind $0.05
*** HOLE CARDS ***
Dealt to 1414379f 
Dealt to d45e23a6 
Dealt to Hero [Qc 2d]
Dealt to 78c2451b 
Dealt to bf2b04a7 
Dealt to f4e7eed2 
f4e7eed2: folds
1414379f: raises $0.05 to $0.1
d45e23a6: folds
Hero: folds
78c2451b: folds
bf2b04a7: folds
Uncalled bet ($0.05) returned to 1414379f
*** SHOWDOWN ***
1414379f collected $0.12 from pot
*** SUMMARY ***
Total pot $0.12 | Rake $0 | Jackpot $0 | Bingo $0 | Fortune $0
Seat 1: 1414379f collected ($0.12)
Seat 2: d45e23a6 folded before Flop (didn't bet)
Seat 3: Hero (button) folded before Flop (didn't bet)
Seat 4: 78c2451b (small blind) folded before Flop
Seat 5: bf2b04a7 (big blind) folded before Flop
Seat 6: f4e7eed2 folded before Flop (didn't bet)


Poker Hand #HD1170071399: Hold'em No Limit  ($0.02/$0.05) - 2023/03/21 19:49:13
Table 'NLHBlue33' 6-max Seat #2 is the button
Seat 1: 1414379f ($4.81 in chips)
Seat 2: d45e23a6 ($5 in chips)
Seat 3: Hero ($7.55 in chips)
Seat 4: 78c2451b ($4.77 in chips)
Seat 5: bf2b04a7 ($5 in chips)
Seat 6: f4e7eed2 ($5.64 in chips)
Hero: posts small blind $0.02
78c2451b: posts big blind $0.05
*** HOLE CARDS ***
Dealt to 1414379f 
Dealt to d45e23a6 
Dealt to Hero [8d 9c]
Dealt to 78c2451b 
Dealt to bf2b04a7 
Dealt to f4e7eed2 
bf2b04a7: folds
f4e7eed2: folds
1414379f: raises $0.05 to $0.1
d45e23a6: folds
Hero: folds
78c2451b: folds
Uncalled bet ($0.05) returned to 1414379f
*** SHOWDOWN ***
1414379f collected $0.12 from pot
*** SUMMARY ***
Total pot $0.12 | Rake $0 | Jackpot $0 | Bingo $0 | Fortune $0
Seat 1: 1414379f collected ($0.12)
Seat 2: d45e23a6 (button) folded before Flop (didn't bet)
Seat 3: Hero (small blind) folded before Flop
Seat 4: 78c2451b (big blind) folded before Flop
Seat 5: bf2b04a7 folded before Flop (didn't bet)
Seat 6: f4e7eed2 folded before Flop (didn't bet)


Poker Hand #HD1170071336: Hold'em No Limit  ($0.02/$0.05) - 2023/03/21 19:48:54
Table 'NLHBlue33' 6-max Seat #1 is the button
Seat 1: 1414379f ($4.74 in chips)
Seat 2: d45e23a6 ($5.02 in chips)
Seat 3: Hero ($7.6 in chips)
Seat 4: 78c2451b ($4.77 in chips)
Seat 5: bf2b04a7 ($5 in chips)
Seat 6: f4e7eed2 ($5.64 in chips)
d45e23a6: posts small blind $0.02
Hero: posts big blind $0.05
*** HOLE CARDS ***
Dealt to 1414379f 
Dealt to d45e23a6 
Dealt to Hero [Qc 2s]
Dealt to 78c2451b 
Dealt to bf2b04a7 
Dealt to f4e7eed2 
78c2451b: folds
bf2b04a7: folds
f4e7eed2: folds
1414379f: raises $0.05 to $0.1
d45e23a6: folds
Hero: folds
Uncalled bet ($0.05) returned to 1414379f
*** SHOWDOWN ***
1414379f collected $0.12 from pot
*** SUMMARY ***
Total pot $0.12 | Rake $0 | Jackpot $0 | Bingo $0 | Fortune $0
Seat 1: 1414379f (button) collected ($0.12)
Seat 2: d45e23a6 (small blind) folded before Flop
Seat 3: Hero (big blind) folded before Flop
Seat 4: 78c2451b folded before Flop (didn't bet)
Seat 5: bf2b04a7 folded before Flop (didn't bet)
Seat 6: f4e7eed2 folded before Flop (didn't bet)


Poker Hand #HD1170071208: Hold'em No Limit  ($0.02/$0.05) - 2023/03/21 19:48:13
Table 'NLHBlue33' 6-max Seat #6 is the button
Seat 1: 1414379f ($4.76 in chips)
Seat 2: d45e23a6 ($5.07 in chips)
Seat 3: Hero ($7.6 in chips)
Seat 4: 78c2451b ($4.77 in chips)
Seat 5: bf2b04a7 ($5 in chips)
Seat 6: f4e7eed2 ($5.57 in chips)
1414379f: posts small blind $0.02
d45e23a6: posts big blind $0.05
*** HOLE CARDS ***
Dealt to 1414379f 
Dealt to d45e23a6 
Dealt to Hero [2c Ah]
Dealt to 78c2451b 
Dealt to bf2b04a7 
Dealt to f4e7eed2 
Hero: folds
78c2451b: folds
bf2b04a7: folds
f4e7eed2: raises $0.08 to $0.13
1414379f: folds
d45e23a6: folds
Uncalled bet ($0.08) returned to f4e7eed2
*** SHOWDOWN ***
f4e7eed2 collected $0.12 from pot
*** SUMMARY ***
Total pot $0.12 | Rake $0 | Jackpot $0 | Bingo $0 | Fortune $0
Seat 1: 1414379f (small blind) folded before Flop
Seat 2: d45e23a6 (big blind) folded before Flop
Seat 3: Hero folded before Flop (didn't bet)
Seat 4: 78c2451b folded before Flop (didn't bet)
Seat 5: bf2b04a7 folded before Flop (didn't bet)
Seat 6: f4e7eed2 (button) collected ($0.12)


Poker Hand #HD1170071128: Hold'em No Limit  ($0.02/$0.05) - 2023/03/21 19:47:50
Table 'NLHBlue33' 6-max Seat #5 is the button
Seat 1: 1414379f ($4.74 in chips)
Seat 2: d45e23a6 ($5.07 in chips)
Seat 3: Hero ($7.6 in chips)
Seat 4: 78c2451b ($4.77 in chips)
Seat 5: bf2b04a7 ($5 in chips)
Seat 6: f4e7eed2 ($5.59 in chips)
f4e7eed2: posts small blind $0.02
1414379f: posts big blind $0.05
*** HOLE CARDS ***
Dealt to 1414379f 
Dealt to d45e23a6 
Dealt to Hero [2h Kh]
Dealt to 78c2451b 
Dealt to bf2b04a7 
Dealt to f4e7eed2 
d45e23a6: folds
Hero: folds
78c2451b: folds
bf2b04a7: folds
f4e7eed2: folds
Uncalled bet ($0.03) returned to 1414379f
*** SHOWDOWN ***
1414379f collected $0.04 from pot
*** SUMMARY ***
Total pot $0.04 | Rake $0 | Jackpot $0 | Bingo $0 | Fortune $0
Seat 1: 1414379f (big blind) collected ($0.04)
Seat 2: d45e23a6 folded before Flop (didn't bet)
Seat 3: Hero folded before Flop (didn't bet)
Seat 4: 78c2451b folded before Flop (didn't bet)
Seat 5: bf2b04a7 (button) folded before Flop (didn't bet)
Seat 6: f4e7eed2 (small blind) folded before Flop


Poker Hand #HD1170071066: Hold'em No Limit  ($0.02/$0.05) - 2023/03/21 19:47:27
Table 'NLHBlue33' 6-max Seat #4 is the button
Seat 1: 1414379f ($4.74 in chips)
Seat 2: d45e23a6 ($5.07 in chips)
Seat 3: Hero ($7.6 in chips)
Seat 4: 78c2451b ($4.77 in chips)
Seat 5: bf2b04a7 ($5.02 in chips)
Seat 6: f4e7eed2 ($5.57 in chips)
bf2b04a7: posts small blind $0.02
f4e7eed2: posts big blind $0.05
*** HOLE CARDS ***
Dealt to 1414379f 
Dealt to d45e23a6 
Dealt to Hero [9c Jd]
Dealt to 78c2451b 
Dealt to bf2b04a7 
Dealt to f4e7eed2 
1414379f: folds
d45e23a6: folds
Hero: folds
78c2451b: folds
bf2b04a7: folds
Uncalled bet ($0.03) returned to f4e7eed2
*** SHOWDOWN ***
f4e7eed2 collected $0.04 from pot
*** SUMMARY ***
Total pot $0.04 | Rake $0 | Jackpot $0 | Bingo $0 | Fortune $0
Seat 1: 1414379f folded before Flop (didn't bet)
Seat 2: d45e23a6 folded before Flop (didn't bet)
Seat 3: Hero folded before Flop (didn't bet)
Seat 4: 78c2451b (button) folded before Flop (didn't bet)
Seat 5: bf2b04a7 (small blind) folded before Flop
Seat 6: f4e7eed2 (big blind) collected ($0.04)


Poker Hand #HD1170070979: Hold'em No Limit  ($0.02/$0.05) - 2023/03/21 19:47:02
Table 'NLHBlue33' 6-max Seat #3 is the button
Seat 1: 1414379f ($4.74 in chips)
Seat 2: d45e23a6 ($5.07 in chips)
Seat 3: Hero ($7.6 in chips)
Seat 4: 78c2451b ($4.79 in chips)
Seat 5: bf2b04a7 ($5 in chips)
Seat 6: f4e7eed2 ($5.57 in chips)
78c2451b: posts small blind $0.02
bf2b04a7: posts big blind $0.05
*** HOLE CARDS ***
Dealt to 1414379f 
Dealt to d45e23a6 
Dealt to Hero [9d 7s]
Dealt to 78c2451b 
Dealt to bf2b04a7 
Dealt to f4e7eed2 
f4e7eed2: folds
1414379f: folds
d45e23a6: folds
Hero: folds
78c2451b: folds
Uncalled bet ($0.03) returned to bf2b04a7
*** SHOWDOWN ***
bf2b04a7 collected $0.04 from pot
*** SUMMARY ***
Total pot $0.04 | Rake $0 | Jackpot $0 | Bingo $0 | Fortune $0
Seat 1: 1414379f folded before Flop (didn't bet)
Seat 2: d45e23a6 folded before Flop (didn't bet)
Seat 3: Hero (button) folded before Flop (didn't bet)
Seat 4: 78c2451b (small blind) folded before Flop
Seat 5: bf2b04a7 (big blind) collected ($0.04)
Seat 6: f4e7eed2 folded before Flop (didn't bet)


Poker Hand #HD1170070747: Hold'em No Limit  ($0.02/$0.05) - 2023/03/21 19:45:44
Table 'NLHBlue33' 6-max Seat #2 is the button
Seat 1: 1414379f ($4.74 in chips)
Seat 2: d45e23a6 ($5.07 in chips)
Seat 3: Hero ($7.34 in chips)
Seat 4: 78c2451b ($5.07 in chips)
Seat 5: bf2b04a7 ($5 in chips)
Seat 6: f4e7eed2 ($5.57 in chips)
Hero: posts small blind $0.02
78c2451b: posts big blind $0.05
*** HOLE CARDS ***
Dealt to 1414379f 
Dealt to d45e23a6 
Dealt to Hero [As Kh]
Dealt to 78c2451b 
Dealt to bf2b04a7 
Dealt to f4e7eed2 
bf2b04a7: folds
f4e7eed2: folds
1414379f: folds
d45e23a6: folds
Hero: raises $0.09 to $0.14
78c2451b: calls $0.09
*** FLOP *** [Jc 6h Kc]
Hero: bets $0.14
78c2451b: calls $0.14
*** TURN *** [Jc 6h Kc] [Tc]
Hero: checks
78c2451b: checks
*** RIVER *** [Jc 6h Kc Tc] [3d]
Hero: checks
78c2451b: checks
Hero: shows [As Kh] (Pair of Kings)
78c2451b: shows [5c 5s] (Pair of Fives)
*** SHOWDOWN ***
Hero collected $0.54 from pot
*** SUMMARY ***
Total pot $0.56 | Rake $0.02 | Jackpot $0 | Bingo $0 | Fortune $0
Board [Jc 6h Kc Tc 3d]
Seat 1: 1414379f folded before Flop (didn't bet)
Seat 2: d45e23a6 (button) folded before Flop (didn't bet)
Seat 3: Hero (small blind) showed [As Kh] and won ($0.54) with Pair of Kings
Seat 4: 78c2451b (big blind) showed [5c 5s] and lost with Pair of Fives
Seat 5: bf2b04a7 folded before Flop (didn't bet)
Seat 6: f4e7eed2 folded before Flop (didn't bet)


Poker Hand #HD1170070625: Hold'em No Limit  ($0.02/$0.05) - 2023/03/21 19:45:07
Table 'NLHBlue33' 6-max Seat #1 is the button
Seat 1: 1414379f ($4.74 in chips)
Seat 2: d45e23a6 ($5.02 in chips)
Seat 3: Hero ($7.39 in chips)
Seat 4: 78c2451b ($5.07 in chips)
Seat 6: f4e7eed2 ($5.57 in chips)
d45e23a6: posts small blind $0.02
Hero: posts big blind $0.05
*** HOLE CARDS ***
Dealt to 1414379f 
Dealt to d45e23a6 
Dealt to Hero [Qd 8h]
Dealt to 78c2451b 
Dealt to f4e7eed2 
78c2451b: folds
f4e7eed2: folds
1414379f: folds
d45e23a6: raises $0.1 to $0.15
Hero: folds
Uncalled bet ($0.1) returned to d45e23a6
*** SHOWDOWN ***
d45e23a6 collected $0.1 from pot
*** SUMMARY ***
Total pot $0.1 | Rake $0 | Jackpot $0 | Bingo $0 | Fortune $0
Seat 1: 1414379f (button) folded before Flop (didn't bet)
Seat 2: d45e23a6 (small blind) collected ($0.1)
Seat 3: Hero (big blind) folded before Flop
Seat 4: 78c2451b folded before Flop (didn't bet)
Seat 6: f4e7eed2 folded before Flop (didn't bet)


Poker Hand #HD1170070552: Hold'em No Limit  ($0.02/$0.05) - 2023/03/21 19:44:40
Table 'NLHBlue33' 6-max Seat #6 is the button
Seat 1: 1414379f ($4.76 in chips)
Seat 2: d45e23a6 ($5.07 in chips)
Seat 3: Hero ($7.39 in chips)
Seat 4: 78c2451b ($5 in chips)
Seat 6: f4e7eed2 ($5.57 in chips)
1414379f: posts small blind $0.02
d45e23a6: posts big blind $0.05
*** HOLE CARDS ***
Dealt to 1414379f 
Dealt to d45e23a6 
Dealt to Hero [3h Jh]
Dealt to 78c2451b 
Dealt to f4e7eed2 
Hero: folds
78c2451b: raises $0.07 to $0.12
f4e7eed2: folds
1414379f: folds
d45e23a6: folds
Uncalled bet ($0.07) returned to 78c2451b
*** SHOWDOWN ***
78c2451b collected $0.12 from pot
*** SUMMARY ***
Total pot $0.12 | Rake $0 | Jackpot $0 | Bingo $0 | Fortune $0
Seat 1: 1414379f (small blind) folded before Flop
Seat 2: d45e23a6 (big blind) folded before Flop
Seat 3: Hero folded before Flop (didn't bet)
Seat 4: 78c2451b collected ($0.12)
Seat 6: f4e7eed2 (button) folded before Flop (didn't bet)


Poker Hand #HD1170070314: Hold'em No Limit  ($0.02/$0.05) - 2023/03/21 19:43:23
Table 'NLHBlue33' 6-max Seat #4 is the button
Seat 1: 1414379f ($4.76 in chips)
Seat 2: d45e23a6 ($5.07 in chips)
Seat 3: Hero ($7.39 in chips)
Seat 4: 78c2451b ($4.66 in chips)
Seat 5: bf2b04a7 ($5.02 in chips)
Seat 6: f4e7eed2 ($5.2 in chips)
bf2b04a7: posts small blind $0.02
f4e7eed2: posts big blind $0.05
*** HOLE CARDS ***
Dealt to 1414379f 
Dealt to d45e23a6 
Dealt to Hero [7c Kh]
Dealt to 78c2451b 
Dealt to bf2b04a7 
Dealt to f4e7eed2 
1414379f: folds
d45e23a6: folds
Hero: folds
78c2451b: raises $0.05 to $0.1
bf2b04a7: folds
f4e7eed2: calls $0.05
*** FLOP *** [5c Qc 4s]
f4e7eed2: checks
78c2451b: bets $0.08
f4e7eed2: calls $0.08
*** TURN *** [5c Qc 4s] [8s]
f4e7eed2: checks
78c2451b: bets $0.2
f4e7eed2: raises $0.61 to $0.81
78c2451b: folds
Uncalled bet ($0.61) returned to f4e7eed2
*** SHOWDOWN ***
f4e7eed2 collected $0.75 from pot
*** SUMMARY ***
Total pot $0.78 | Rake $0.03 | Jackpot $0 | Bingo $0 | Fortune $0
Board [5c Qc 4s 8s]
Seat 1: 1414379f folded before Flop (didn't bet)
Seat 2: d45e23a6 folded before Flop (didn't bet)
Seat 3: Hero folded before Flop (didn't bet)
Seat 4: 78c2451b (button) folded on the Turn
Seat 5: bf2b04a7 (small blind) folded before Flop
Seat 6: f4e7eed2 (big blind) won ($0.75)


Poker Hand #HD1170070200: Hold'em No Limit  ($0.02/$0.05) - 2023/03/21 19:42:49
Table 'NLHBlue33' 6-max Seat #3 is the button
Seat 1: 1414379f ($4.76 in chips)
Seat 2: d45e23a6 ($5.07 in chips)
Seat 3: Hero ($7.39 in chips)
Seat 4: 78c2451b ($4.61 in chips)
Seat 5: bf2b04a7 ($5.07 in chips)
Seat 6: f4e7eed2 ($5.2 in chips)
78c2451b: posts small blind $0.02
bf2b04a7: posts big blind $0.05
*** HOLE CARDS ***
Dealt to 1414379f 
Dealt to d45e23a6 
Dealt to Hero [6s Th]
Dealt to 78c2451b 
Dealt to bf2b04a7 
Dealt to f4e7eed2 
f4e7eed2: folds
1414379f: folds
d45e23a6: folds
Hero: folds
78c2451b: raises $0.09 to $0.14
bf2b04a7: folds
Uncalled bet ($0.09) returned to 78c2451b
*** SHOWDOWN ***
78c2451b collected $0.1 from pot
*** SUMMARY ***
Total pot $0.1 | Rake $0 | Jackpot $0 | Bingo $0 | Fortune $0
Seat 1: 1414379f folded before Flop (didn't bet)
Seat 2: d45e23a6 folded before Flop (didn't bet)
Seat 3: Hero (button) folded before Flop (didn't bet)
Seat 4: 78c2451b (small blind) collected ($0.1)
Seat 5: bf2b04a7 (big blind) folded before Flop
Seat 6: f4e7eed2 folded before Flop (didn't bet)


Poker Hand #HD1170070100: Hold'em No Limit  ($0.02/$0.05) - 2023/03/21 19:42:17
Table 'NLHBlue33' 6-max Seat #2 is the button
Seat 1: 1414379f ($4.76 in chips)
Seat 2: d45e23a6 ($5.07 in chips)
Seat 3: Hero ($7.41 in chips)
Seat 4: 78c2451b ($4.66 in chips)
Seat 5: bf2b04a7 ($5 in chips)
Seat 6: f4e7eed2 ($5.2 in chips)
Hero: posts small blind $0.02
78c2451b: posts big blind $0.05
*** HOLE CARDS ***
Dealt to 1414379f 
Dealt to d45e23a6 
Dealt to Hero [4s Kh]
Dealt to 78c2451b 
Dealt to bf2b04a7 
Dealt to f4e7eed2 
bf2b04a7: raises $0.08 to $0.13
f4e7eed2: folds
1414379f: folds
d45e23a6: folds
Hero: folds
78c2451b: folds
Uncalled bet ($0.08) returned to bf2b04a7
*** SHOWDOWN ***
bf2b04a7 collected $0.12 from pot
*** SUMMARY ***
Total pot $0.12 | Rake $0 | Jackpot $0 | Bingo $0 | Fortune $0
Seat 1: 1414379f folded before Flop (didn't bet)
Seat 2: d45e23a6 (button) folded before Flop (didn't bet)
Seat 3: Hero (small blind) folded before Flop
Seat 4: 78c2451b (big blind) folded before Flop
Seat 5: bf2b04a7 collected ($0.12)
Seat 6: f4e7eed2 folded before Flop (didn't bet)


Poker Hand #HD1170070042: Hold'em No Limit  ($0.02/$0.05) - 2023/03/21 19:42:02
Table 'NLHBlue33' 6-max Seat #1 is the button
Seat 1: 1414379f ($4.76 in chips)
Seat 2: d45e23a6 ($5.09 in chips)
Seat 3: Hero ($7.39 in chips)
Seat 4: 78c2451b ($4.66 in chips)
Seat 5: bf2b04a7 ($5 in chips)
Seat 6: f4e7eed2 ($5.2 in chips)
d45e23a6: posts small blind $0.02
Hero: posts big blind $0.05
*** HOLE CARDS ***
Dealt to 1414379f 
Dealt to d45e23a6 
Dealt to Hero [Tc 3c]
Dealt to 78c2451b 
Dealt to bf2b04a7 
Dealt to f4e7eed2 
78c2451b: folds
bf2b04a7: folds
f4e7eed2: folds
1414379f: folds
d45e23a6: folds
Uncalled bet ($0.03) returned to Hero
*** SHOWDOWN ***
Hero collected $0.04 from pot
*** SUMMARY ***
Total pot $0.04 | Rake $0 | Jackpot $0 | Bingo $0 | Fortune $0
Seat 1: 1414379f (button) folded before Flop (didn't bet)
Seat 2: d45e23a6 (small blind) folded before Flop
Seat 3: Hero (big blind) collected ($0.04)
Seat 4: 78c2451b folded before Flop (didn't bet)
Seat 5: bf2b04a7 folded before Flop (didn't bet)
Seat 6: f4e7eed2 folded before Flop (didn't bet)


Poker Hand #HD1170069981: Hold'em No Limit  ($0.02/$0.05) - 2023/03/21 19:41:44
Table 'NLHBlue33' 6-max Seat #6 is the button
Seat 1: 1414379f ($4.78 in chips)
Seat 2: d45e23a6 ($5.07 in chips)
Seat 3: Hero ($7.39 in chips)
Seat 4: 78c2451b ($4.66 in chips)
Seat 5: bf2b04a7 ($5 in chips)
Seat 6: f4e7eed2 ($5.2 in chips)
1414379f: posts small blind $0.02
d45e23a6: posts big blind $0.05
*** HOLE CARDS ***
Dealt to 1414379f 
Dealt to d45e23a6 
Dealt to Hero [As 8d]
Dealt to 78c2451b 
Dealt to bf2b04a7 
Dealt to f4e7eed2 
Hero: folds
78c2451b: folds
bf2b04a7: folds
f4e7eed2: folds
1414379f: folds
Uncalled bet ($0.03) returned to d45e23a6
*** SHOWDOWN ***
d45e23a6 collected $0.04 from pot
*** SUMMARY ***
Total pot $0.04 | Rake $0 | Jackpot $0 | Bingo $0 | Fortune $0
Seat 1: 1414379f (small blind) folded before Flop
Seat 2: d45e23a6 (big blind) collected ($0.04)
Seat 3: Hero folded before Flop (didn't bet)
Seat 4: 78c2451b folded before Flop (didn't bet)
Seat 5: bf2b04a7 folded before Flop (didn't bet)
Seat 6: f4e7eed2 (button) folded before Flop (didn't bet)


Poker Hand #HD1170069911: Hold'em No Limit  ($0.02/$0.05) - 2023/03/21 19:41:22
Table 'NLHBlue33' 6-max Seat #5 is the button
Seat 1: 1414379f ($4.76 in chips)
Seat 2: d45e23a6 ($5.07 in chips)
Seat 3: Hero ($7.39 in chips)
Seat 4: 78c2451b ($4.66 in chips)
Seat 5: bf2b04a7 ($5 in chips)
Seat 6: f4e7eed2 ($5.22 in chips)
f4e7eed2: posts small blind $0.02
1414379f: posts big blind $0.05
*** HOLE CARDS ***
Dealt to 1414379f 
Dealt to d45e23a6 
Dealt to Hero [5s Tc]
Dealt to 78c2451b 
Dealt to bf2b04a7 
Dealt to f4e7eed2 
d45e23a6: folds
Hero: folds
78c2451b: folds
bf2b04a7: folds
f4e7eed2: folds
Uncalled bet ($0.03) returned to 1414379f
*** SHOWDOWN ***
1414379f collected $0.04 from pot
*** SUMMARY ***
Total pot $0.04 | Rake $0 | Jackpot $0 | Bingo $0 | Fortune $0
Seat 1: 1414379f (big blind) collected ($0.04)
Seat 2: d45e23a6 folded before Flop (didn't bet)
Seat 3: Hero folded before Flop (didn't bet)
Seat 4: 78c2451b folded before Flop (didn't bet)
Seat 5: bf2b04a7 (button) folded before Flop (didn't bet)
Seat 6: f4e7eed2 (small blind) folded before Flop


Poker Hand #HD1170069824: Hold'em No Limit  ($0.02/$0.05) - 2023/03/21 19:40:50
Table 'NLHBlue33' 6-max Seat #4 is the button
Seat 1: 1414379f ($4.76 in chips)
Seat 2: d45e23a6 ($5.07 in chips)
Seat 3: Hero ($7.39 in chips)
Seat 4: 78c2451b ($4.59 in chips)
Seat 5: bf2b04a7 ($5 in chips)
Seat 6: f4e7eed2 ($5.27 in chips)
bf2b04a7: posts small blind $0.02
f4e7eed2: posts big blind $0.05
*** HOLE CARDS ***
Dealt to 1414379f 
Dealt to d45e23a6 
Dealt to Hero [Qd 2s]
Dealt to 78c2451b 
Dealt to bf2b04a7 
Dealt to f4e7eed2 
1414379f: folds
d45e23a6: folds
Hero: folds
78c2451b: raises $0.07 to $0.12
bf2b04a7: folds
f4e7eed2: folds
Uncalled bet ($0.07) returned to 78c2451b
*** SHOWDOWN ***
78c2451b collected $0.12 from pot
*** SUMMARY ***
Total pot $0.12 | Rake $0 | Jackpot $0 | Bingo $0 | Fortune $0
Seat 1: 1414379f folded before Flop (didn't bet)
Seat 2: d45e23a6 folded before Flop (didn't bet)
Seat 3: Hero folded before Flop (didn't bet)
Seat 4: 78c2451b (button) collected ($0.12)
Seat 5: bf2b04a7 (small blind) folded before Flop
Seat 6: f4e7eed2 (big blind) folded before Flop


Poker Hand #HD1170069720: Hold'em No Limit  ($0.02/$0.05) - 2023/03/21 19:40:17
Table 'NLHBlue33' 6-max Seat #3 is the button
Seat 1: 1414379f ($4.76 in chips)
Seat 2: d45e23a6 ($5 in chips)
Seat 3: Hero ($7.39 in chips)
Seat 4: 78c2451b ($4.61 in chips)
Seat 5: bf2b04a7 ($5 in chips)
Seat 6: f4e7eed2 ($5.27 in chips)
78c2451b: posts small blind $0.02
bf2b04a7: posts big blind $0.05
*** HOLE CARDS ***
Dealt to 1414379f 
Dealt to d45e23a6 
Dealt to Hero [6s Ts]
Dealt to 78c2451b 
Dealt to bf2b04a7 
Dealt to f4e7eed2 
f4e7eed2: folds
1414379f: folds
d45e23a6: raises $0.08 to $0.13
Hero: folds
78c2451b: folds
bf2b04a7: folds
Uncalled bet ($0.08) returned to d45e23a6
*** SHOWDOWN ***
d45e23a6 collected $0.12 from pot
*** SUMMARY ***
Total pot $0.12 | Rake $0 | Jackpot $0 | Bingo $0 | Fortune $0
Seat 1: 1414379f folded before Flop (didn't bet)
Seat 2: d45e23a6 collected ($0.12)
Seat 3: Hero (button) folded before Flop (didn't bet)
Seat 4: 78c2451b (small blind) folded before Flop
Seat 5: bf2b04a7 (big blind) folded before Flop
Seat 6: f4e7eed2 folded before Flop (didn't bet)


Poker Hand #HD1170069486: Hold'em No Limit  ($0.02/$0.05) - 2023/03/21 19:39:07
Table 'NLHBlue33' 6-max Seat #2 is the button
Seat 1: 1414379f ($5.32 in chips)
Seat 2: d45e23a6 ($5 in chips)
Seat 3: Hero ($7.41 in chips)
Seat 4: 78c2451b ($4.66 in chips)
Seat 5: bf2b04a7 ($5 in chips)
Seat 6: f4e7eed2 ($4.7 in chips)
Hero: posts small blind $0.02
78c2451b: posts big blind $0.05
*** HOLE CARDS ***
Dealt to 1414379f 
Dealt to d45e23a6 
Dealt to Hero [4h Qc]
Dealt to 78c2451b 
Dealt to bf2b04a7 
Dealt to f4e7eed2 
bf2b04a7: folds
f4e7eed2: raises $0.08 to $0.13
1414379f: calls $0.13
d45e23a6: folds
Hero: folds
78c2451b: folds
*** FLOP *** [9c 9h As]
f4e7eed2: checks
1414379f: bets $0.13
f4e7eed2: calls $0.13
*** TURN *** [9c 9h As] [3d]
f4e7eed2: checks
1414379f: checks
*** RIVER *** [9c 9h As 3d] [7d]
f4e7eed2: checks
1414379f: bets $0.3
f4e7eed2: calls $0.3
1414379f: shows [Qh Ks] (Pair of Nines)
f4e7eed2: shows [3c Ac] (Pair of Aces and Pair of Nines)
*** SHOWDOWN ***
f4e7eed2 collected $1.13 from pot
*** SUMMARY ***
Total pot $1.19 | Rake $0.06 | Jackpot $0 | Bingo $0 | Fortune $0
Board [9c 9h As 3d 7d]
Seat 1: 1414379f showed [Qh Ks] and lost with Pair of Nines
Seat 2: d45e23a6 (button) folded before Flop (didn't bet)
Seat 3: Hero (small blind) folded before Flop
Seat 4: 78c2451b (big blind) folded before Flop
Seat 5: bf2b04a7 folded before Flop (didn't bet)
Seat 6: f4e7eed2 showed [3c Ac] and won ($1.13) with Pair of Aces and Pair of Nines


Poker Hand #HD1170069249: Hold'em No Limit  ($0.02/$0.05) - 2023/03/21 19:37:51
Table 'NLHBlue33' 6-max Seat #1 is the button
Seat 1: 1414379f ($5.32 in chips)
Seat 2: d45e23a6 ($5 in chips)
Seat 3: Hero ($7.11 in chips)
Seat 4: 78c2451b ($4.97 in chips)
Seat 5: bf2b04a7 ($5 in chips)
Seat 6: f4e7eed2 ($4.7 in chips)
d45e23a6: posts small blind $0.02
Hero: posts big blind $0.05
*** HOLE CARDS ***
Dealt to 1414379f 
Dealt to d45e23a6 
Dealt to Hero [Jd Qs]
Dealt to 78c2451b 
Dealt to bf2b04a7 
Dealt to f4e7eed2 
78c2451b: raises $0.1 to $0.15
bf2b04a7: folds
f4e7eed2: folds
1414379f: folds
d45e23a6: folds
Hero: calls $0.1
*** FLOP *** [2d 8s 2c]
Hero: checks
78c2451b: checks
*** TURN *** [2d 8s 2c] [Jc]
Hero: bets $0.16
78c2451b: calls $0.16
*** RIVER *** [2d 8s 2c Jc] [Td]
Hero: bets $0.32
78c2451b: folds
Uncalled bet ($0.32) returned to Hero
*** SHOWDOWN ***
Hero collected $0.61 from pot
*** SUMMARY ***
Total pot $0.64 | Rake $0.03 | Jackpot $0 | Bingo $0 | Fortune $0
Board [2d 8s 2c Jc Td]
Seat 1: 1414379f (button) folded before Flop (didn't bet)
Seat 2: d45e23a6 (small blind) folded before Flop
Seat 3: Hero (big blind) won ($0.61)
Seat 4: 78c2451b folded on the River
Seat 5: bf2b04a7 folded before Flop (didn't bet)
Seat 6: f4e7eed2 folded before Flop (didn't bet)


Poker Hand #HD1170068991: Hold'em No Limit  ($0.02/$0.05) - 2023/03/21 19:36:25
Table 'NLHBlue33' 6-max Seat #6 is the button
Seat 1: 1414379f ($4.99 in chips)
Seat 2: d45e23a6 ($5.07 in chips)
Seat 3: Hero ($7.11 in chips)
Seat 4: 78c2451b ($4.97 in chips)
Seat 5: bf2b04a7 ($5 in chips)
Seat 6: f4e7eed2 ($4.93 in chips)
1414379f: posts small blind $0.02
d45e23a6: posts big blind $0.05
*** HOLE CARDS ***
Dealt to 1414379f 
Dealt to d45e23a6 
Dealt to Hero [8s Kd]
Dealt to 78c2451b 
Dealt to bf2b04a7 
Dealt to f4e7eed2 
Hero: folds
78c2451b: folds
bf2b04a7: folds
f4e7eed2: raises $0.08 to $0.13
1414379f: calls $0.11
d45e23a6: calls $0.08
*** FLOP *** [3h 7h Ac]
1414379f: checks
d45e23a6: checks
f4e7eed2: bets $0.1
1414379f: calls $0.1
d45e23a6: folds
*** TURN *** [3h 7h Ac] [9d]
1414379f: checks
f4e7eed2: checks
*** RIVER *** [3h 7h Ac 9d] [9c]
1414379f: bets $0.2
f4e7eed2: folds
Uncalled bet ($0.2) returned to 1414379f
*** SHOWDOWN ***
1414379f collected $0.56 from pot
*** SUMMARY ***
Total pot $0.59 | Rake $0.03 | Jackpot $0 | Bingo $0 | Fortune $0
Board [3h 7h Ac 9d 9c]
Seat 1: 1414379f (small blind) won ($0.56)
Seat 2: d45e23a6 (big blind) folded on the Flop
Seat 3: Hero folded before Flop (didn't bet)
Seat 4: 78c2451b folded before Flop (didn't bet)
Seat 5: bf2b04a7 folded before Flop (didn't bet)
Seat 6: f4e7eed2 (button) folded on the River


Poker Hand #HD1170068902: Hold'em No Limit  ($0.02/$0.05) - 2023/03/21 19:35:56
Table 'NLHBlue33' 6-max Seat #5 is the button
Seat 1: 1414379f ($5.04 in chips)
Seat 2: d45e23a6 ($5 in chips)
Seat 3: Hero ($7.11 in chips)
Seat 4: 78c2451b ($4.97 in chips)
Seat 5: bf2b04a7 ($5 in chips)
Seat 6: f4e7eed2 ($4.95 in chips)
f4e7eed2: posts small blind $0.02
1414379f: posts big blind $0.05
*** HOLE CARDS ***
Dealt to 1414379f 
Dealt to d45e23a6 
Dealt to Hero [Th 4d]
Dealt to 78c2451b 
Dealt to bf2b04a7 
Dealt to f4e7eed2 
d45e23a6: raises $0.05 to $0.1
Hero: folds
78c2451b: folds
bf2b04a7: folds
f4e7eed2: folds
1414379f: folds
Uncalled bet ($0.05) returned to d45e23a6
*** SHOWDOWN ***
d45e23a6 collected $0.12 from pot
*** SUMMARY ***
Total pot $0.12 | Rake $0 | Jackpot $0 | Bingo $0 | Fortune $0
Seat 1: 1414379f (big blind) folded before Flop
Seat 2: d45e23a6 collected ($0.12)
Seat 3: Hero folded before Flop (didn't bet)
Seat 4: 78c2451b folded before Flop (didn't bet)
Seat 5: bf2b04a7 (button) folded before Flop (didn't bet)
Seat 6: f4e7eed2 (small blind) folded before Flop


Poker Hand #HD1170068723: Hold'em No Limit  ($0.02/$0.05) - 2023/03/21 19:34:58
Table 'NLHBlue33' 6-max Seat #4 is the button
Seat 1: 1414379f ($5.04 in chips)
Seat 2: d45e23a6 ($5.07 in chips)
Seat 3: Hero ($7.11 in chips)
Seat 4: 78c2451b ($4.78 in chips)
Seat 5: bf2b04a7 ($5 in chips)
Seat 6: f4e7eed2 ($5 in chips)
bf2b04a7: posts small blind $0.02
f4e7eed2: posts big blind $0.05
*** HOLE CARDS ***
Dealt to 1414379f 
Dealt to d45e23a6 
Dealt to Hero [9c 7h]
Dealt to 78c2451b 
Dealt to bf2b04a7 
Dealt to f4e7eed2 
1414379f: folds
d45e23a6: raises $0.08 to $0.13
Hero: folds
78c2451b: raises $0.25 to $0.38
bf2b04a7: folds
f4e7eed2: folds
d45e23a6: folds
Uncalled bet ($0.25) returned to 78c2451b
*** SHOWDOWN ***
78c2451b collected $0.32 from pot
*** SUMMARY ***
Total pot $0.33 | Rake $0.01 | Jackpot $0 | Bingo $0 | Fortune $0
Seat 1: 1414379f folded before Flop (didn't bet)
Seat 2: d45e23a6 folded before Flop
Seat 3: Hero folded before Flop (didn't bet)
Seat 4: 78c2451b (button) collected ($0.32)
Seat 5: bf2b04a7 (small blind) folded before Flop
Seat 6: f4e7eed2 (big blind) folded before Flop


Poker Hand #HD1170068682: Hold'em No Limit  ($0.02/$0.05) - 2023/03/21 19:34:43
Table 'NLHBlue33' 6-max Seat #3 is the button
Seat 1: 1414379f ($5.04 in chips)
Seat 2: d45e23a6 ($5 in chips)
Seat 3: Hero ($7.11 in chips)
Seat 4: 78c2451b ($4.8 in chips)
Seat 5: bf2b04a7 ($5 in chips)
78c2451b: posts small blind $0.02
bf2b04a7: posts big blind $0.05
*** HOLE CARDS ***
Dealt to 1414379f 
Dealt to d45e23a6 
Dealt to Hero [5d 7d]
Dealt to 78c2451b 
Dealt to bf2b04a7 
1414379f: folds
d45e23a6: raises $0.08 to $0.13
Hero: folds
78c2451b: folds
bf2b04a7: folds
Uncalled bet ($0.08) returned to d45e23a6
*** SHOWDOWN ***
d45e23a6 collected $0.12 from pot
*** SUMMARY ***
Total pot $0.12 | Rake $0 | Jackpot $0 | Bingo $0 | Fortune $0
Seat 1: 1414379f folded before Flop (didn't bet)
Seat 2: d45e23a6 collected ($0.12)
Seat 3: Hero (button) folded before Flop (didn't bet)
Seat 4: 78c2451b (small blind) folded before Flop
Seat 5: bf2b04a7 (big blind) folded before Flop


Poker Hand #HD1170068635: Hold'em No Limit  ($0.02/$0.05) - 2023/03/21 19:34:27
Table 'NLHBlue33' 6-max Seat #2 is the button
Seat 1: 1414379f ($5.04 in chips)
Seat 2: d45e23a6 ($5 in chips)
Seat 3: Hero ($7.06 in chips)
Seat 4: 78c2451b ($4.85 in chips)
Seat 5: bf2b04a7 ($5 in chips)
Hero: posts small blind $0.02
78c2451b: posts big blind $0.05
*** HOLE CARDS ***
Dealt to 1414379f 
Dealt to d45e23a6 
Dealt to Hero [Ac Th]
Dealt to 78c2451b 
Dealt to bf2b04a7 
bf2b04a7: folds
1414379f: folds
d45e23a6: folds
Hero: raises $0.09 to $0.14
78c2451b: folds
Uncalled bet ($0.09) returned to Hero
*** SHOWDOWN ***
Hero collected $0.1 from pot
*** SUMMARY ***
Total pot $0.1 | Rake $0 | Jackpot $0 | Bingo $0 | Fortune $0
Seat 1: 1414379f folded before Flop (didn't bet)
Seat 2: d45e23a6 (button) folded before Flop (didn't bet)
Seat 3: Hero (small blind) collected ($0.1)
Seat 4: 78c2451b (big blind) folded before Flop
Seat 5: bf2b04a7 folded before Flop (didn't bet)


Poker Hand #HD1170068596: Hold'em No Limit  ($0.02/$0.05) - 2023/03/21 19:34:14
Table 'NLHBlue33' 6-max Seat #1 is the button
Seat 1: 1414379f ($5.04 in chips)
Seat 2: d45e23a6 ($5 in chips)
Seat 3: Hero ($7.11 in chips)
Seat 4: 78c2451b ($4.78 in chips)
Seat 5: bf2b04a7 ($5 in chips)
d45e23a6: posts small blind $0.02
Hero: posts big blind $0.05
*** HOLE CARDS ***
Dealt to 1414379f 
Dealt to d45e23a6 
Dealt to Hero [9d 7c]
Dealt to 78c2451b 
Dealt to bf2b04a7 
78c2451b: raises $0.1 to $0.15
bf2b04a7: folds
1414379f: folds
d45e23a6: folds
Hero: folds
Uncalled bet ($0.1) returned to 78c2451b
*** SHOWDOWN ***
78c2451b collected $0.12 from pot
*** SUMMARY ***
Total pot $0.12 | Rake $0 | Jackpot $0 | Bingo $0 | Fortune $0
Seat 1: 1414379f (button) folded before Flop (didn't bet)
Seat 2: d45e23a6 (small blind) folded before Flop
Seat 3: Hero (big blind) folded before Flop
Seat 4: 78c2451b collected ($0.12)
Seat 5: bf2b04a7 folded before Flop (didn't bet)


Poker Hand #HD1170068411: Hold'em No Limit  ($0.02/$0.05) - 2023/03/21 19:33:11
Table 'NLHBlue33' 6-max Seat #6 is the button
Seat 1: 1414379f ($4.88 in chips)
Seat 2: d45e23a6 ($5 in chips)
Seat 3: Hero ($7.23 in chips)
Seat 4: 78c2451b ($4.78 in chips)
Seat 5: bf2b04a7 ($5 in chips)
Seat 6: 6c23ccbd ($2.87 in chips)
1414379f: posts small blind $0.02
d45e23a6: posts big blind $0.05
*** HOLE CARDS ***
Dealt to 1414379f 
Dealt to d45e23a6 
Dealt to Hero [Kh Qd]
Dealt to 78c2451b 
Dealt to bf2b04a7 
Dealt to 6c23ccbd 
Hero: raises $0.07 to $0.12
78c2451b: folds
bf2b04a7: folds
6c23ccbd: folds
1414379f: calls $0.1
d45e23a6: folds
*** FLOP *** [8d 9c 9s]
1414379f: checks
Hero: checks
*** TURN *** [8d 9c 9s] [4s]
1414379f: bets $0.15
Hero: folds
Uncalled bet ($0.15) returned to 1414379f
*** SHOWDOWN ***
1414379f collected $0.28 from pot
*** SUMMARY ***
Total pot $0.29 | Rake $0.01 | Jackpot $0 | Bingo $0 | Fortune $0
Board [8d 9c 9s 4s]
Seat 1: 1414379f (small blind) won ($0.28)
Seat 2: d45e23a6 (big blind) folded before Flop
Seat 3: Hero folded on the Turn
Seat 4: 78c2451b folded before Flop (didn't bet)
Seat 5: bf2b04a7 folded before Flop (didn't bet)
Seat 6: 6c23ccbd (button) folded before Flop (didn't bet)


Poker Hand #HD1170068237: Hold'em No Limit  ($0.02/$0.05) - 2023/03/21 19:32:13
Table 'NLHBlue33' 6-max Seat #5 is the button
Seat 1: 1414379f ($5 in chips)
Seat 3: Hero ($7.1 in chips)
Seat 4: 78c2451b ($4.78 in chips)
Seat 5: bf2b04a7 ($5 in chips)
Seat 6: 6c23ccbd ($2.89 in chips)
6c23ccbd: posts small blind $0.02
1414379f: posts big blind $0.05
*** HOLE CARDS ***
Dealt to 1414379f 
Dealt to Hero [Jd Kd]
Dealt to 78c2451b 
Dealt to bf2b04a7 
Dealt to 6c23ccbd 
Hero: raises $0.07 to $0.12
78c2451b: folds
bf2b04a7: folds
6c23ccbd: folds
1414379f: calls $0.07
*** FLOP *** [Ks 4s 9d]
1414379f: checks
Hero: bets $0.2
1414379f: folds
Uncalled bet ($0.2) returned to Hero
*** SHOWDOWN ***
Hero collected $0.25 from pot
*** SUMMARY ***
Total pot $0.26 | Rake $0.01 | Jackpot $0 | Bingo $0 | Fortune $0
Board [Ks 4s 9d]
Seat 1: 1414379f (big blind) folded on the Flop
Seat 3: Hero won ($0.25)
Seat 4: 78c2451b folded before Flop (didn't bet)
Seat 5: bf2b04a7 (button) folded before Flop (didn't bet)
Seat 6: 6c23ccbd (small blind) folded before Flop


Poker Hand #HD1170068158: Hold'em No Limit  ($0.02/$0.05) - 2023/03/21 19:31:43
Table 'NLHBlue33' 6-max Seat #4 is the button
Seat 2: 95d714fa ($5.39 in chips)
Seat 3: Hero ($6.92 in chips)
Seat 4: 78c2451b ($4.78 in chips)
Seat 5: bf2b04a7 ($5 in chips)
Seat 6: 6c23ccbd ($2.94 in chips)
bf2b04a7: posts small blind $0.02
6c23ccbd: posts big blind $0.05
*** HOLE CARDS ***
Dealt to 95d714fa 
Dealt to Hero [7d 7s]
Dealt to 78c2451b 
Dealt to bf2b04a7 
Dealt to 6c23ccbd 
95d714fa: raises $0.07 to $0.12
Hero: raises $0.24 to $0.36
78c2451b: folds
bf2b04a7: folds
6c23ccbd: folds
95d714fa: folds
Uncalled bet ($0.24) returned to Hero
*** SHOWDOWN ***
Hero collected $0.3 from pot
*** SUMMARY ***
Total pot $0.31 | Rake $0.01 | Jackpot $0 | Bingo $0 | Fortune $0
Seat 2: 95d714fa folded before Flop
Seat 3: Hero collected ($0.3)
Seat 4: 78c2451b (button) folded before Flop (didn't bet)
Seat 5: bf2b04a7 (small blind) folded before Flop
Seat 6: 6c23ccbd (big blind) folded before Flop


Poker Hand #HD1170068031: Hold'em No Limit  ($0.02/$0.05) - 2023/03/21 19:31:04
Table 'NLHBlue33' 6-max Seat #3 is the button
Seat 2: 95d714fa ($5.14 in chips)
Seat 3: Hero ($6.92 in chips)
Seat 4: 78c2451b ($4.8 in chips)
Seat 5: bf2b04a7 ($5 in chips)
Seat 6: 6c23ccbd ($3.14 in chips)
78c2451b: posts small blind $0.02
bf2b04a7: posts big blind $0.05
*** HOLE CARDS ***
Dealt to 95d714fa 
Dealt to Hero [6h 9s]
Dealt to 78c2451b 
Dealt to bf2b04a7 
Dealt to 6c23ccbd 
6c23ccbd: calls $0.05
95d714fa: raises $0.15 to $0.2
Hero: folds
78c2451b: folds
bf2b04a7: folds
6c23ccbd: calls $0.15
*** FLOP *** [5d 3s Ah]
6c23ccbd: checks
95d714fa: bets $0.12
6c23ccbd: folds
Uncalled bet ($0.12) returned to 95d714fa
*** SHOWDOWN ***
95d714fa collected $0.45 from pot
*** SUMMARY ***
Total pot $0.47 | Rake $0.02 | Jackpot $0 | Bingo $0 | Fortune $0
Board [5d 3s Ah]
Seat 2: 95d714fa won ($0.45)
Seat 3: Hero (button) folded before Flop (didn't bet)
Seat 4: 78c2451b (small blind) folded before Flop
Seat 5: bf2b04a7 (big blind) folded before Flop
Seat 6: 6c23ccbd folded on the Flop


Poker Hand #HD1170068009: Hold'em No Limit  ($0.02/$0.05) - 2023/03/21 19:30:56
Table 'NLHBlue33' 6-max Seat #2 is the button
Seat 2: 95d714fa ($5.14 in chips)
Seat 3: Hero ($6.94 in chips)
Seat 4: 78c2451b ($4.78 in chips)
Seat 6: 6c23ccbd ($3.14 in chips)
Hero: posts small blind $0.02
78c2451b: posts big blind $0.05
*** HOLE CARDS ***
Dealt to 95d714fa 
Dealt to Hero [8h Jd]
Dealt to 78c2451b 
Dealt to 6c23ccbd 
6c23ccbd: folds
95d714fa: folds
Hero: folds
Uncalled bet ($0.03) returned to 78c2451b
*** SHOWDOWN ***
78c2451b collected $0.04 from pot
*** SUMMARY ***
Total pot $0.04 | Rake $0 | Jackpot $0 | Bingo $0 | Fortune $0
Seat 2: 95d714fa (button) folded before Flop (didn't bet)
Seat 3: Hero (small blind) folded before Flop
Seat 4: 78c2451b (big blind) collected ($0.04)
Seat 6: 6c23ccbd folded before Flop (didn't bet)


Poker Hand #HD1170067901: Hold'em No Limit  ($0.02/$0.05) - 2023/03/21 19:30:21
Table 'NLHBlue33' 6-max Seat #6 is the button
Seat 2: 95d714fa ($5 in chips)
Seat 3: Hero ($7.09 in chips)
Seat 4: 78c2451b ($4.78 in chips)
Seat 6: 6c23ccbd ($3.14 in chips)
95d714fa: posts small blind $0.02
Hero: posts big blind $0.05
*** HOLE CARDS ***
Dealt to 95d714fa 
Dealt to Hero [Ac Ts]
Dealt to 78c2451b 
Dealt to 6c23ccbd 
78c2451b: folds
6c23ccbd: folds
95d714fa: raises $0.1 to $0.15
Hero: calls $0.1
*** FLOP *** [4c Jh 5c]
95d714fa: bets $0.1
Hero: folds
Uncalled bet ($0.1) returned to 95d714fa
*** SHOWDOWN ***
95d714fa collected $0.29 from pot
*** SUMMARY ***
Total pot $0.3 | Rake $0.01 | Jackpot $0 | Bingo $0 | Fortune $0
Board [4c Jh 5c]
Seat 2: 95d714fa (small blind) won ($0.29)
Seat 3: Hero (big blind) folded on the Flop
Seat 4: 78c2451b folded before Flop (didn't bet)
Seat 6: 6c23ccbd (button) folded before Flop (didn't bet)


Poker Hand #HD1170067852: Hold'em No Limit  ($0.02/$0.05) - 2023/03/21 19:30:01
Table 'NLHBlue33' 6-max Seat #4 is the button
Seat 2: 95d714fa ($5 in chips)
Seat 3: Hero ($7.09 in chips)
Seat 4: 78c2451b ($4.78 in chips)
Seat 5: b3425c1e ($5.68 in chips)
Seat 6: 6c23ccbd ($3.12 in chips)
b3425c1e: posts small blind $0.02
6c23ccbd: posts big blind $0.05
*** HOLE CARDS ***
Dealt to 95d714fa 
Dealt to Hero [2s Ad]
Dealt to 78c2451b 
Dealt to b3425c1e 
Dealt to 6c23ccbd 
95d714fa: folds
Hero: folds
78c2451b: folds
b3425c1e: folds
Uncalled bet ($0.03) returned to 6c23ccbd
*** SHOWDOWN ***
6c23ccbd collected $0.04 from pot
*** SUMMARY ***
Total pot $0.04 | Rake $0 | Jackpot $0 | Bingo $0 | Fortune $0
Seat 2: 95d714fa folded before Flop (didn't bet)
Seat 3: Hero folded before Flop (didn't bet)
Seat 4: 78c2451b (button) folded before Flop (didn't bet)
Seat 5: b3425c1e (small blind) folded before Flop
Seat 6: 6c23ccbd (big blind) collected ($0.04)


Poker Hand #HD1170067766: Hold'em No Limit  ($0.02/$0.05) - 2023/03/21 19:29:28
Table 'NLHBlue33' 6-max Seat #3 is the button
Seat 1: 8647690e ($9.36 in chips)
Seat 2: 95d714fa ($5 in chips)
Seat 3: Hero ($7.09 in chips)
Seat 4: 78c2451b ($4.8 in chips)
Seat 5: b3425c1e ($5.61 in chips)
Seat 6: 6c23ccbd ($3.17 in chips)
78c2451b: posts small blind $0.02
b3425c1e: posts big blind $0.05
*** HOLE CARDS ***
Dealt to 8647690e 
Dealt to 95d714fa 
Dealt to Hero [Qc 2s]
Dealt to 78c2451b 
Dealt to b3425c1e 
Dealt to 6c23ccbd 
6c23ccbd: calls $0.05
8647690e: folds
95d714fa: folds
Hero: folds
78c2451b: folds
b3425c1e: checks
*** FLOP *** [7d 2h Jd]
b3425c1e: checks
6c23ccbd: checks
*** TURN *** [7d 2h Jd] [Ts]
b3425c1e: checks
6c23ccbd: checks
*** RIVER *** [7d 2h Jd Ts] [4c]
b3425c1e: checks
6c23ccbd: checks
b3425c1e: shows [9s 4d] (Pair of Fours)
6c23ccbd: shows [Ah 6s] (Ace-High)
*** SHOWDOWN ***
b3425c1e collected $0.12 from pot
*** SUMMARY ***
Total pot $0.12 | Rake $0 | Jackpot $0 | Bingo $0 | Fortune $0
Board [7d 2h Jd Ts 4c]
Seat 1: 8647690e folded before Flop (didn't bet)
Seat 2: 95d714fa folded before Flop (didn't bet)
Seat 3: Hero (button) folded before Flop (didn't bet)
Seat 4: 78c2451b (small blind) folded before Flop
Seat 5: b3425c1e (big blind) showed [9s 4d] and won ($0.12) with Pair of Fours
Seat 6: 6c23ccbd showed [Ah 6s] and lost with Ace-High


Poker Hand #HD1170067656: Hold'em No Limit  ($0.02/$0.05) - 2023/03/21 19:28:49
Table 'NLHBlue33' 6-max Seat #2 is the button
Seat 1: 8647690e ($9.29 in chips)
Seat 2: 95d714fa ($5 in chips)
Seat 3: Hero ($7.11 in chips)
Seat 4: 78c2451b ($4.85 in chips)
Seat 5: b3425c1e ($5.61 in chips)
Seat 6: 6c23ccbd ($3.17 in chips)
Hero: posts small blind $0.02
78c2451b: posts big blind $0.05
*** HOLE CARDS ***
Dealt to 8647690e 
Dealt to 95d714fa 
Dealt to Hero [Qc 3c]
Dealt to 78c2451b 
Dealt to b3425c1e 
Dealt to 6c23ccbd 
b3425c1e: folds
6c23ccbd: folds
8647690e: calls $0.05
95d714fa: folds
Hero: folds
78c2451b: checks
*** FLOP *** [Ac As 5s]
78c2451b: checks
8647690e: bets $0.09
78c2451b: folds
Uncalled bet ($0.09) returned to 8647690e
*** SHOWDOWN ***
8647690e collected $0.12 from pot
*** SUMMARY ***
Total pot $0.12 | Rake $0 | Jackpot $0 | Bingo $0 | Fortune $0
Board [Ac As 5s]
Seat 1: 8647690e won ($0.12)
Seat 2: 95d714fa (button) folded before Flop (didn't bet)
Seat 3: Hero (small blind) folded before Flop
Seat 4: 78c2451b (big blind) folded on the Flop
Seat 5: b3425c1e folded before Flop (didn't bet)
Seat 6: 6c23ccbd folded before Flop (didn't bet)


Poker Hand #HD1170067436: Hold'em No Limit  ($0.02/$0.05) - 2023/03/21 19:27:24
Table 'NLHBlue33' 6-max Seat #1 is the button
Seat 1: 8647690e ($4.86 in chips)
Seat 2: 95d714fa ($5 in chips)
Seat 3: Hero ($7.16 in chips)
Seat 4: 78c2451b ($4.85 in chips)
Seat 5: b3425c1e ($5.61 in chips)
Seat 6: 6c23ccbd ($3.22 in chips)
95d714fa: posts small blind $0.02
Hero: posts big blind $0.05
*** HOLE CARDS ***
Dealt to 8647690e 
Dealt to 95d714fa 
Dealt to Hero [Kd 2d]
Dealt to 78c2451b 
Dealt to b3425c1e 
Dealt to 6c23ccbd 
78c2451b: folds
b3425c1e: folds
6c23ccbd: calls $0.05
8647690e: raises $0.15 to $0.2
95d714fa: raises $0.48 to $0.68
Hero: folds
6c23ccbd: folds
8647690e: calls $0.48
*** FLOP *** [Th 9h Qh]
95d714fa: bets $0.47
8647690e: raises $1.2 to $1.67
95d714fa: raises $2.65 to $4.32 and is all-in
8647690e: calls $2.51 and is all-in
Uncalled bet ($0.14) returned to 95d714fa
95d714fa: shows [Jd Jh] (Pair of Jacks)
8647690e: shows [Qs Qc] (Three Queens)
*** TURN *** [Th 9h Qh] [3d]
*** RIVER *** [Th 9h Qh 3d] [3s]
*** SHOWDOWN ***
8647690e collected $9.29 from pot
*** SUMMARY ***
Total pot $9.82 | Rake $0.48 | Jackpot $0.05 | Bingo $0 | Fortune $0
Board [Th 9h Qh 3d 3s]
Seat 1: 8647690e (button) showed [Qs Qc] and won ($9.29) with Queens Full over Treys
Seat 2: 95d714fa (small blind) showed [Jd Jh] and lost with Pair of Jacks and Pair of Treys
Seat 3: Hero (big blind) folded before Flop
Seat 4: 78c2451b folded before Flop (didn't bet)
Seat 5: b3425c1e folded before Flop (didn't bet)
Seat 6: 6c23ccbd folded before Flop


Poker Hand #HD1170067294: Hold'em No Limit  ($0.02/$0.05) - 2023/03/21 19:26:34
Table 'NLHBlue33' 6-max Seat #6 is the button
Seat 1: 8647690e ($4.67 in chips)
Seat 2: 95d714fa ($5 in chips)
Seat 3: Hero ($7.16 in chips)
Seat 4: 78c2451b ($5 in chips)
Seat 5: b3425c1e ($5.61 in chips)
Seat 6: 6c23ccbd ($3.22 in chips)
8647690e: posts small blind $0.02
95d714fa: posts big blind $0.05
*** HOLE CARDS ***
Dealt to 8647690e 
Dealt to 95d714fa 
Dealt to Hero [Ks Th]
Dealt to 78c2451b 
Dealt to b3425c1e 
Dealt to 6c23ccbd 
Hero: folds
78c2451b: raises $0.1 to $0.15
b3425c1e: folds
6c23ccbd: folds
8647690e: calls $0.13
95d714fa: folds
*** FLOP *** [3d Js 2h]
8647690e: checks
78c2451b: checks
*** TURN *** [3d Js 2h] [3c]
8647690e: bets $0.27
78c2451b: folds
Uncalled bet ($0.27) returned to 8647690e
*** SHOWDOWN ***
8647690e collected $0.34 from pot
*** SUMMARY ***
Total pot $0.35 | Rake $0.01 | Jackpot $0 | Bingo $0 | Fortune $0
Board [3d Js 2h 3c]
Seat 1: 8647690e (small blind) won ($0.34)
Seat 2: 95d714fa (big blind) folded before Flop
Seat 3: Hero folded before Flop (didn't bet)
Seat 4: 78c2451b folded on the Turn
Seat 5: b3425c1e folded before Flop (didn't bet)
Seat 6: 6c23ccbd (button) folded before Flop (didn't bet)


Poker Hand #HD1170067127: Hold'em No Limit  ($0.02/$0.05) - 2023/03/21 19:25:32
Table 'NLHBlue33' 6-max Seat #5 is the button
Seat 1: 8647690e ($4.72 in chips)
Seat 2: 95d714fa ($5 in chips)
Seat 3: Hero ($7.16 in chips)
Seat 4: 78c2451b ($5 in chips)
Seat 5: b3425c1e ($5.35 in chips)
Seat 6: 6c23ccbd ($3.45 in chips)
6c23ccbd: posts small blind $0.02
8647690e: posts big blind $0.05
*** HOLE CARDS ***
Dealt to 8647690e 
Dealt to 95d714fa 
Dealt to Hero [3h 4d]
Dealt to 78c2451b 
Dealt to b3425c1e 
Dealt to 6c23ccbd 
95d714fa: folds
Hero: folds
78c2451b: folds
b3425c1e: raises $0.08 to $0.13
6c23ccbd: calls $0.11
8647690e: folds
*** FLOP *** [9s 9d Jh]
6c23ccbd: checks
b3425c1e: bets $0.1
6c23ccbd: calls $0.1
*** TURN *** [9s 9d Jh] [Ah]
6c23ccbd: checks
b3425c1e: bets $0.22
6c23ccbd: folds
Uncalled bet ($0.22) returned to b3425c1e
*** SHOWDOWN ***
b3425c1e collected $0.49 from pot
*** SUMMARY ***
Total pot $0.51 | Rake $0.02 | Jackpot $0 | Bingo $0 | Fortune $0
Board [9s 9d Jh Ah]
Seat 1: 8647690e (big blind) folded before Flop
Seat 2: 95d714fa folded before Flop (didn't bet)
Seat 3: Hero folded before Flop (didn't bet)
Seat 4: 78c2451b folded before Flop (didn't bet)
Seat 5: b3425c1e (button) won ($0.49)
Seat 6: 6c23ccbd (small blind) folded on the Turn


Poker Hand #HD1170066950: Hold'em No Limit  ($0.02/$0.05) - 2023/03/21 19:24:30
Table 'NLHBlue33' 6-max Seat #4 is the button
Seat 1: 8647690e ($4.65 in chips)
Seat 2: 95d714fa ($5 in chips)
Seat 3: Hero ($7.16 in chips)
Seat 4: 78c2451b ($5 in chips)
Seat 5: b3425c1e ($5.37 in chips)
Seat 6: 6c23ccbd ($3.5 in chips)
b3425c1e: posts small blind $0.02
6c23ccbd: posts big blind $0.05
*** HOLE CARDS ***
Dealt to 8647690e 
Dealt to 95d714fa 
Dealt to Hero [7d 9d]
Dealt to 78c2451b 
Dealt to b3425c1e 
Dealt to 6c23ccbd 
8647690e: calls $0.05
95d714fa: folds
Hero: folds
78c2451b: folds
b3425c1e: folds
6c23ccbd: checks
*** FLOP *** [2s Ah Qd]
6c23ccbd: checks
8647690e: checks
*** TURN *** [2s Ah Qd] [4d]
6c23ccbd: checks
8647690e: checks
*** RIVER *** [2s Ah Qd 4d] [Kh]
6c23ccbd: checks
8647690e: bets $0.09
6c23ccbd: folds
Uncalled bet ($0.09) returned to 8647690e
*** SHOWDOWN ***
8647690e collected $0.12 from pot
*** SUMMARY ***
Total pot $0.12 | Rake $0 | Jackpot $0 | Bingo $0 | Fortune $0
Board [2s Ah Qd 4d Kh]
Seat 1: 8647690e won ($0.12)
Seat 2: 95d714fa folded before Flop (didn't bet)
Seat 3: Hero folded before Flop (didn't bet)
Seat 4: 78c2451b (button) folded before Flop (didn't bet)
Seat 5: b3425c1e (small blind) folded before Flop
Seat 6: 6c23ccbd (big blind) folded on the River


Poker Hand #HD1170066674: Hold'em No Limit  ($0.02/$0.05) - 2023/03/21 19:22:47
Table 'NLHBlue33' 6-max Seat #3 is the button
Seat 1: 8647690e ($5.12 in chips)
Seat 2: 95d714fa ($5 in chips)
Seat 3: Hero ($7.16 in chips)
Seat 4: 78c2451b ($4.53 in chips)
Seat 5: b3425c1e ($5.42 in chips)
Seat 6: 6c23ccbd ($3.5 in chips)
78c2451b: posts small blind $0.02
b3425c1e: posts big blind $0.05
*** HOLE CARDS ***
Dealt to 8647690e 
Dealt to 95d714fa 
Dealt to Hero [7d 9c]
Dealt to 78c2451b 
Dealt to b3425c1e 
Dealt to 6c23ccbd 
6c23ccbd: folds
8647690e: calls $0.05
95d714fa: folds
Hero: folds
78c2451b: calls $0.03
b3425c1e: checks
*** FLOP *** [Th Ah 2d]
78c2451b: checks
b3425c1e: checks
8647690e: bets $0.12
78c2451b: calls $0.12
b3425c1e: folds
*** TURN *** [Th Ah 2d] [As]
78c2451b: checks
8647690e: bets $0.3
78c2451b: calls $0.3
*** RIVER *** [Th Ah 2d As] [Tc]
78c2451b: bets $1.08
8647690e: folds
Uncalled bet ($1.08) returned to 78c2451b
*** SHOWDOWN ***
78c2451b collected $0.94 from pot
*** SUMMARY ***
Total pot $0.99 | Rake $0.05 | Jackpot $0 | Bingo $0 | Fortune $0
Board [Th Ah 2d As Tc]
Seat 1: 8647690e folded on the River
Seat 2: 95d714fa folded before Flop (didn't bet)
Seat 3: Hero (button) folded before Flop (didn't bet)
Seat 4: 78c2451b (small blind) won ($0.94)
Seat 5: b3425c1e (big blind) folded on the Flop
Seat 6: 6c23ccbd folded before Flop (didn't bet)


Poker Hand #HD1170066613: Hold'em No Limit  ($0.02/$0.05) - 2023/03/21 19:22:20
Table 'NLHBlue33' 6-max Seat #2 is the button
Seat 1: 8647690e ($4.93 in chips)
Seat 2: 95d714fa ($5 in chips)
Seat 3: Hero ($7.18 in chips)
Seat 4: 78c2451b ($4.58 in chips)
Seat 5: b3425c1e ($5.55 in chips)
Seat 6: 6c23ccbd ($3.5 in chips)
Hero: posts small blind $0.02
78c2451b: posts big blind $0.05
*** HOLE CARDS ***
Dealt to 8647690e 
Dealt to 95d714fa 
Dealt to Hero [2d 5d]
Dealt to 78c2451b 
Dealt to b3425c1e 
Dealt to 6c23ccbd 
b3425c1e: raises $0.08 to $0.13
6c23ccbd: folds
8647690e: calls $0.13
95d714fa: folds
Hero: folds
78c2451b: folds
*** FLOP *** [5h 6d Qc]
b3425c1e: checks
8647690e: bets $0.25
b3425c1e: folds
Uncalled bet ($0.25) returned to 8647690e
*** SHOWDOWN ***
8647690e collected $0.32 from pot
*** SUMMARY ***
Total pot $0.33 | Rake $0.01 | Jackpot $0 | Bingo $0 | Fortune $0
Board [5h 6d Qc]
Seat 1: 8647690e won ($0.32)
Seat 2: 95d714fa (button) folded before Flop (didn't bet)
Seat 3: Hero (small blind) folded before Flop
Seat 4: 78c2451b (big blind) folded before Flop
Seat 5: b3425c1e folded on the Flop
Seat 6: 6c23ccbd folded before Flop (didn't bet)


Poker Hand #HD1170066483: Hold'em No Limit  ($0.02/$0.05) - 2023/03/21 19:21:34
Table 'NLHBlue33' 6-max Seat #1 is the button
Seat 1: 8647690e ($4.86 in chips)
Seat 2: 95d714fa ($5 in chips)
Seat 3: Hero ($7.23 in chips)
Seat 4: 78c2451b ($4.58 in chips)
Seat 5: b3425c1e ($5.55 in chips)
Seat 6: 6c23ccbd ($3.5 in chips)
95d714fa: posts small blind $0.02
Hero: posts big blind $0.05
*** HOLE CARDS ***
Dealt to 8647690e 
Dealt to 95d714fa 
Dealt to Hero [6s 5h]
Dealt to 78c2451b 
Dealt to b3425c1e 
Dealt to 6c23ccbd 
78c2451b: folds
b3425c1e: folds
6c23ccbd: folds
8647690e: calls $0.05
95d714fa: folds
Hero: checks
*** FLOP *** [Ad 5s Jh]
Hero: checks
8647690e: checks
*** TURN *** [Ad 5s Jh] [Ac]
Hero: checks
8647690e: bets $0.09
Hero: folds
Uncalled bet ($0.09) returned to 8647690e
*** SHOWDOWN ***
8647690e collected $0.12 from pot
*** SUMMARY ***
Total pot $0.12 | Rake $0 | Jackpot $0 | Bingo $0 | Fortune $0
Board [Ad 5s Jh Ac]
Seat 1: 8647690e (button) won ($0.12)
Seat 2: 95d714fa (small blind) folded before Flop
Seat 3: Hero (big blind) folded on the Turn
Seat 4: 78c2451b folded before Flop (didn't bet)
Seat 5: b3425c1e folded before Flop (didn't bet)
Seat 6: 6c23ccbd folded before Flop (didn't bet)


Poker Hand #HD1170066283: Hold'em No Limit  ($0.02/$0.05) - 2023/03/21 19:20:28
Table 'NLHBlue33' 6-max Seat #6 is the button
Seat 1: 8647690e ($4.99 in chips)
Seat 2: 95d714fa ($5.04 in chips)
Seat 3: Hero ($7.23 in chips)
Seat 4: 78c2451b ($4.58 in chips)
Seat 5: b3425c1e ($5.31 in chips)
Seat 6: 6c23ccbd ($3.5 in chips)
8647690e: posts small blind $0.02
95d714fa: posts big blind $0.05
*** HOLE CARDS ***
Dealt to 8647690e 
Dealt to 95d714fa 
Dealt to Hero [8s Kd]
Dealt to 78c2451b 
Dealt to b3425c1e 
Dealt to 6c23ccbd 
Hero: folds
78c2451b: folds
b3425c1e: raises $0.08 to $0.13
6c23ccbd: folds
8647690e: calls $0.11
95d714fa: calls $0.08
*** FLOP *** [Ts Qc Tc]
8647690e: checks
95d714fa: checks
b3425c1e: bets $0.1
8647690e: folds
95d714fa: folds
Uncalled bet ($0.1) returned to b3425c1e
*** SHOWDOWN ***
b3425c1e collected $0.37 from pot
*** SUMMARY ***
Total pot $0.39 | Rake $0.02 | Jackpot $0 | Bingo $0 | Fortune $0
Board [Ts Qc Tc]
Seat 1: 8647690e (small blind) folded on the Flop
Seat 2: 95d714fa (big blind) folded on the Flop
Seat 3: Hero folded before Flop (didn't bet)
Seat 4: 78c2451b folded before Flop (didn't bet)
Seat 5: b3425c1e won ($0.37)
Seat 6: 6c23ccbd (button) folded before Flop (didn't bet)


Poker Hand #HD1170066143: Hold'em No Limit  ($0.02/$0.05) - 2023/03/21 19:19:36
Table 'NLHBlue33' 6-max Seat #5 is the button
Seat 1: 8647690e ($4.36 in chips)
Seat 2: 95d714fa ($5.04 in chips)
Seat 3: Hero ($7.23 in chips)
Seat 4: 78c2451b ($4.58 in chips)
Seat 5: b3425c1e ($5.87 in chips)
Seat 6: 6c23ccbd ($3.63 in chips)
6c23ccbd: posts small blind $0.02
8647690e: posts big blind $0.05
*** HOLE CARDS ***
Dealt to 8647690e 
Dealt to 95d714fa 
Dealt to Hero [3c Ad]
Dealt to 78c2451b 
Dealt to b3425c1e 
Dealt to 6c23ccbd 
95d714fa: folds
Hero: folds
78c2451b: folds
b3425c1e: raises $0.08 to $0.13
6c23ccbd: calls $0.11
8647690e: calls $0.08
*** FLOP *** [Jc As Qc]
6c23ccbd: checks
8647690e: checks
b3425c1e: bets $0.15
6c23ccbd: folds
8647690e: calls $0.15
*** TURN *** [Jc As Qc] [6h]
8647690e: checks
b3425c1e: bets $0.28
8647690e: calls $0.28
*** RIVER *** [Jc As Qc 6h] [2c]
8647690e: bets $0.94
b3425c1e: folds
Uncalled bet ($0.94) returned to 8647690e
*** SHOWDOWN ***
8647690e collected $1.19 from pot
*** SUMMARY ***
Total pot $1.25 | Rake $0.06 | Jackpot $0 | Bingo $0 | Fortune $0
Board [Jc As Qc 6h 2c]
Seat 1: 8647690e (big blind) won ($1.19)
Seat 2: 95d714fa folded before Flop (didn't bet)
Seat 3: Hero folded before Flop (didn't bet)
Seat 4: 78c2451b folded before Flop (didn't bet)
Seat 5: b3425c1e (button) folded on the River
Seat 6: 6c23ccbd (small blind) folded on the Flop


Poker Hand #HD1170065983: Hold'em No Limit  ($0.02/$0.05) - 2023/03/21 19:18:41
Table 'NLHBlue33' 6-max Seat #4 is the button
Seat 1: 8647690e ($6.24 in chips)
Seat 2: 95d714fa ($5.04 in chips)
Seat 3: Hero ($5.51 in chips)
Seat 4: 78c2451b ($4.58 in chips)
Seat 5: b3425c1e ($5.89 in chips)
Seat 6: 6c23ccbd ($3.68 in chips)
b3425c1e: posts small blind $0.02
6c23ccbd: posts big blind $0.05
*** HOLE CARDS ***
Dealt to 8647690e 
Dealt to 95d714fa 
Dealt to Hero [Ah Ad]
Dealt to 78c2451b 
Dealt to b3425c1e 
Dealt to 6c23ccbd 
8647690e: raises $0.1 to $0.15
95d714fa: folds
Hero: raises $0.27 to $0.42
78c2451b: folds
b3425c1e: folds
6c23ccbd: folds
8647690e: calls $0.27
*** FLOP *** [Jd Jc Js]
8647690e: checks
Hero: bets $0.31
8647690e: calls $0.31
*** TURN *** [Jd Jc Js] [7d]
8647690e: checks
Hero: checks
*** RIVER *** [Jd Jc Js 7d] [Td]
8647690e: bets $1.15
Hero: raises $3.63 to $4.78 and is all-in
8647690e: folds
Uncalled bet ($3.63) returned to Hero
Hero: shows [Ah Ad] (Jacks Full over Aces)
*** SHOWDOWN ***
Hero collected $3.6 from pot
*** SUMMARY ***
Total pot $3.83 | Rake $0.18 | Jackpot $0.05 | Bingo $0 | Fortune $0
Board [Jd Jc Js 7d Td]
Seat 1: 8647690e folded on the River
Seat 2: 95d714fa folded before Flop (didn't bet)
Seat 3: Hero showed [Ah Ad] and won ($3.6) with Jacks Full over Aces
Seat 4: 78c2451b (button) folded before Flop (didn't bet)
Seat 5: b3425c1e (small blind) folded before Flop
Seat 6: 6c23ccbd (big blind) folded before Flop


Poker Hand #HD1170065811: Hold'em No Limit  ($0.02/$0.05) - 2023/03/21 19:17:42
Table 'NLHBlue33' 6-max Seat #3 is the button
Seat 1: 8647690e ($6.48 in chips)
Seat 2: 95d714fa ($5.04 in chips)
Seat 3: Hero ($5 in chips)
Seat 4: 78c2451b ($4.6 in chips)
Seat 5: b3425c1e ($5.94 in chips)
Seat 6: 6c23ccbd ($3.92 in chips)
78c2451b: posts small blind $0.02
b3425c1e: posts big blind $0.05
*** HOLE CARDS ***
Dealt to 8647690e 
Dealt to 95d714fa 
Dealt to Hero [Kc Tc]
Dealt to 78c2451b 
Dealt to b3425c1e 
Dealt to 6c23ccbd 
6c23ccbd: calls $0.05
8647690e: calls $0.05
95d714fa: folds
Hero: raises $0.19 to $0.24
78c2451b: folds
b3425c1e: folds
6c23ccbd: calls $0.19
8647690e: calls $0.19
*** FLOP *** [Qd Jh Jc]
6c23ccbd: checks
8647690e: checks
Hero: bets $0.4
6c23ccbd: folds
8647690e: folds
Uncalled bet ($0.4) returned to Hero
*** SHOWDOWN ***
Hero collected $0.75 from pot
*** SUMMARY ***
Total pot $0.79 | Rake $0.04 | Jackpot $0 | Bingo $0 | Fortune $0
Board [Qd Jh Jc]
Seat 1: 8647690e folded on the Flop
Seat 2: 95d714fa folded before Flop (didn't bet)
Seat 3: Hero (button) won ($0.75)
Seat 4: 78c2451b (small blind) folded before Flop
Seat 5: b3425c1e (big blind) folded before Flop
Seat 6: 6c23ccbd folded on the Flop


Poker Hand #HD1170065657: Hold'em No Limit  ($0.02/$0.05) - 2023/03/21 19:16:47
Table 'NLHBlue33' 6-max Seat #2 is the button
Seat 1: 8647690e ($6.48 in chips)
Seat 2: 95d714fa ($5.04 in chips)
Seat 3: Hero ($5 in chips)
Seat 4: 78c2451b ($4.61 in chips)
Seat 5: b3425c1e ($5.94 in chips)
Seat 6: 6c23ccbd ($3.93 in chips)
Hero: posts small blind $0.02
78c2451b: posts big blind $0.05
*** HOLE CARDS ***
Dealt to 8647690e 
Dealt to 95d714fa 
Dealt to Hero [7c 8d]
Dealt to 78c2451b 
Dealt to b3425c1e 
Dealt to 6c23ccbd 
b3425c1e: folds
6c23ccbd: calls $0.05
8647690e: folds
95d714fa: folds
Hero: folds
78c2451b: raises $0.15 to $0.2
6c23ccbd: calls $0.15
*** FLOP *** [6s Ah 5c]
78c2451b: bets $0.21
6c23ccbd: calls $0.21
*** TURN *** [6s Ah 5c] [4c]
78c2451b: checks
6c23ccbd: checks
*** RIVER *** [6s Ah 5c 4c] [Ad]
78c2451b: checks
6c23ccbd: checks
78c2451b: shows [Kd Jd] (Pair of Aces)
6c23ccbd: shows [Kh Jh] (Pair of Aces)
*** SHOWDOWN ***
78c2451b collected $0.4 from pot
6c23ccbd collected $0.4 from pot
*** SUMMARY ***
Total pot $0.84 | Rake $0.04 | Jackpot $0 | Bingo $0 | Fortune $0
Board [6s Ah 5c 4c Ad]
Seat 1: 8647690e folded before Flop (didn't bet)
Seat 2: 95d714fa (button) folded before Flop (didn't bet)
Seat 3: Hero (small blind) folded before Flop
Seat 4: 78c2451b (big blind) showed [Kd Jd] and won ($0.4) with Pair of Aces
Seat 5: b3425c1e folded before Flop (didn't bet)
Seat 6: 6c23ccbd showed [Kh Jh] and won ($0.4) with Pair of Aces


Poker Hand #HD1169995512: Hold'em No Limit  ($0.02/$0.05) - 2023/03/21 19:16:01
Table 'NLHBlue33' 6-max Seat #1 is the button
Seat 1: 8647690e ($6.27 in chips)
Seat 2: 95d714fa ($5.06 in chips)
Seat 3: Hero ($5 in chips)
Seat 4: 78c2451b ($4.76 in chips)
Seat 5: b3425c1e ($5.94 in chips)
Seat 6: 6c23ccbd ($3.93 in chips)
95d714fa: posts small blind $0.02
Hero: posts big blind $0.05
*** HOLE CARDS ***
Dealt to 8647690e 
Dealt to 95d714fa 
Dealt to Hero [2h 3s]
Dealt to 78c2451b 
Dealt to b3425c1e 
Dealt to 6c23ccbd 
78c2451b: raises $0.1 to $0.15
b3425c1e: folds
6c23ccbd: folds
8647690e: calls $0.15
95d714fa: folds
Hero: folds
*** FLOP *** [8d 6h 6c]
78c2451b: checks
8647690e: bets $0.28
78c2451b: folds
Uncalled bet ($0.28) returned to 8647690e
*** SHOWDOWN ***
8647690e collected $0.36 from pot
*** SUMMARY ***
Total pot $0.37 | Rake $0.01 | Jackpot $0 | Bingo $0 | Fortune $0
Board [8d 6h 6c]
Seat 1: 8647690e (button) won ($0.36)
Seat 2: 95d714fa (small blind) folded before Flop
Seat 3: Hero (big blind) folded before Flop
Seat 4: 78c2451b folded on the Flop
Seat 5: b3425c1e folded before Flop (didn't bet)
Seat 6: 6c23ccbd folded before Flop (didn't bet)


