Poker Hand #HD1173039542: Hold'em No Limit  ($0.02/$0.05) - 2023/03/23 20:51:49
Table 'NLHBlue8' 6-max Seat #4 is the button
Seat 2: db97c3fd ($5.19 in chips)
Seat 4: 565b300 ($10.43 in chips)
Seat 6: Hero ($6.02 in chips)
Hero: posts small blind $0.02
db97c3fd: posts big blind $0.05
*** HOLE CARDS ***
Dealt to db97c3fd 
Dealt to 565b300 
Dealt to Hero [Qh 3d]
565b300: raises $0.08 to $0.13
Hero: folds
db97c3fd: calls $0.08
*** FLOP *** [5s 7h 6h]
db97c3fd: bets $0.22
565b300: raises $0.49 to $0.71
db97c3fd: folds
Uncalled bet ($0.49) returned to 565b300
*** SHOWDOWN ***
565b300 collected $0.69 from pot
*** SUMMARY ***
Total pot $0.72 | Rake $0.03 | Jackpot $0 | Bingo $0 | Fortune $0
Board [5s 7h 6h]
Seat 2: db97c3fd (big blind) folded on the Flop
Seat 4: 565b300 (button) won ($0.69)
Seat 6: Hero (small blind) folded before Flop


Poker Hand #HD1173039514: Hold'em No Limit  ($0.02/$0.05) - 2023/03/23 20:51:38
Table 'NLHBlue8' 6-max Seat #3 is the button
Seat 2: db97c3fd ($5.19 in chips)
Seat 3: e6983b3f ($5.84 in chips)
Seat 4: 565b300 ($10.45 in chips)
Seat 6: Hero ($6 in chips)
565b300: posts small blind $0.02
Hero: posts big blind $0.05
*** HOLE CARDS ***
Dealt to db97c3fd 
Dealt to e6983b3f 
Dealt to 565b300 
Dealt to Hero [8d Qh]
db97c3fd: folds
e6983b3f: folds
565b300: folds
Uncalled bet ($0.03) returned to Hero
*** SHOWDOWN ***
Hero collected $0.04 from pot
*** SUMMARY ***
Total pot $0.04 | Rake $0 | Jackpot $0 | Bingo $0 | Fortune $0
Seat 2: db97c3fd folded before Flop (didn't bet)
Seat 3: e6983b3f (button) folded before Flop (didn't bet)
Seat 4: 565b300 (small blind) folded before Flop
Seat 6: Hero (big blind) collected ($0.04)


Poker Hand #HD1173039482: Hold'em No Limit  ($0.02/$0.05) - 2023/03/23 20:51:25
Table 'NLHBlue8' 6-max Seat #2 is the button
Seat 2: db97c3fd ($5.12 in chips)
Seat 3: e6983b3f ($5.86 in chips)
Seat 4: 565b300 ($10.5 in chips)
Seat 6: Hero ($6 in chips)
e6983b3f: posts small blind $0.02
565b300: posts big blind $0.05
*** HOLE CARDS ***
Dealt to db97c3fd 
Dealt to e6983b3f 
Dealt to 565b300 
Dealt to Hero [2s Td]
Hero: folds
db97c3fd: raises $0.05 to $0.1
e6983b3f: folds
565b300: folds
Uncalled bet ($0.05) returned to db97c3fd
*** SHOWDOWN ***
db97c3fd collected $0.12 from pot
*** SUMMARY ***
Total pot $0.12 | Rake $0 | Jackpot $0 | Bingo $0 | Fortune $0
Seat 2: db97c3fd (button) collected ($0.12)
Seat 3: e6983b3f (small blind) folded before Flop
Seat 4: 565b300 (big blind) folded before Flop
Seat 6: Hero folded before Flop (didn't bet)


Poker Hand #HD1173039470: Hold'em No Limit  ($0.02/$0.05) - 2023/03/23 20:51:18
Table 'NLHBlue8' 6-max Seat #6 is the button
Seat 2: db97c3fd ($5.14 in chips)
Seat 3: e6983b3f ($5.84 in chips)
Seat 4: 565b300 ($10.5 in chips)
Seat 6: Hero ($6 in chips)
db97c3fd: posts small blind $0.02
e6983b3f: posts big blind $0.05
*** HOLE CARDS ***
Dealt to db97c3fd 
Dealt to e6983b3f 
Dealt to 565b300 
Dealt to Hero [6c 3s]
565b300: folds
Hero: folds
db97c3fd: folds
Uncalled bet ($0.03) returned to e6983b3f
*** SHOWDOWN ***
e6983b3f collected $0.04 from pot
*** SUMMARY ***
Total pot $0.04 | Rake $0 | Jackpot $0 | Bingo $0 | Fortune $0
Seat 2: db97c3fd (small blind) folded before Flop
Seat 3: e6983b3f (big blind) collected ($0.04)
Seat 4: 565b300 folded before Flop (didn't bet)
Seat 6: Hero (button) folded before Flop (didn't bet)


Poker Hand #HD1173039375: Hold'em No Limit  ($0.02/$0.05) - 2023/03/23 20:50:42
Table 'NLHBlue8' 6-max Seat #4 is the button
Seat 2: db97c3fd ($5 in chips)
Seat 3: e6983b3f ($5.97 in chips)
Seat 4: 565b300 ($10.5 in chips)
Seat 6: Hero ($6.02 in chips)
Hero: posts small blind $0.02
db97c3fd: posts big blind $0.05
*** HOLE CARDS ***
Dealt to db97c3fd 
Dealt to e6983b3f 
Dealt to 565b300 
Dealt to Hero [9s Qh]
e6983b3f: raises $0.08 to $0.13
565b300: folds
Hero: folds
db97c3fd: calls $0.08
*** FLOP *** [Qs 2d 4h]
db97c3fd: checks
e6983b3f: checks
*** TURN *** [Qs 2d 4h] [8s]
db97c3fd: bets $0.22
e6983b3f: folds
Uncalled bet ($0.22) returned to db97c3fd
*** SHOWDOWN ***
db97c3fd collected $0.27 from pot
*** SUMMARY ***
Total pot $0.28 | Rake $0.01 | Jackpot $0 | Bingo $0 | Fortune $0
Board [Qs 2d 4h 8s]
Seat 2: db97c3fd (big blind) won ($0.27)
Seat 3: e6983b3f folded on the Turn
Seat 4: 565b300 (button) folded before Flop (didn't bet)
Seat 6: Hero (small blind) folded before Flop


Poker Hand #HD1173039312: Hold'em No Limit  ($0.02/$0.05) - 2023/03/23 20:50:12
Table 'NLHBlue8' 6-max Seat #3 is the button
Seat 2: db97c3fd ($5 in chips)
Seat 3: e6983b3f ($5.97 in chips)
Seat 4: 565b300 ($10.52 in chips)
Seat 6: Hero ($6 in chips)
565b300: posts small blind $0.02
Hero: posts big blind $0.05
*** HOLE CARDS ***
Dealt to db97c3fd 
Dealt to e6983b3f 
Dealt to 565b300 
Dealt to Hero [Jc 2h]
db97c3fd: folds
e6983b3f: folds
565b300: folds
Uncalled bet ($0.03) returned to Hero
*** SHOWDOWN ***
Hero collected $0.04 from pot
*** SUMMARY ***
Total pot $0.04 | Rake $0 | Jackpot $0 | Bingo $0 | Fortune $0
Seat 2: db97c3fd folded before Flop (didn't bet)
Seat 3: e6983b3f (button) folded before Flop (didn't bet)
Seat 4: 565b300 (small blind) folded before Flop
Seat 6: Hero (big blind) collected ($0.04)


Poker Hand #HD1173039221: Hold'em No Limit  ($0.02/$0.05) - 2023/03/23 20:49:34
Table 'NLHBlue8' 6-max Seat #2 is the button
Seat 1: 2e48e0c3 ($6.49 in chips)
Seat 2: db97c3fd ($5.05 in chips)
Seat 3: e6983b3f ($5.99 in chips)
Seat 4: 565b300 ($10.24 in chips)
Seat 6: Hero ($6 in chips)
e6983b3f: posts small blind $0.02
565b300: posts big blind $0.05
*** HOLE CARDS ***
Dealt to 2e48e0c3 
Dealt to db97c3fd 
Dealt to e6983b3f 
Dealt to 565b300 
Dealt to Hero [Js 8h]
Hero: folds
2e48e0c3: folds
db97c3fd: raises $0.05 to $0.1
e6983b3f: folds
565b300: calls $0.05
*** FLOP *** [2d 7d 6h]
565b300: checks
db97c3fd: bets $0.18
565b300: calls $0.18
*** TURN *** [2d 7d 6h] [6s]
565b300: checks
db97c3fd: checks
*** RIVER *** [2d 7d 6h 6s] [Qs]
565b300: checks
db97c3fd: checks
565b300: shows [7c Ac] (Pair of Sevens and Pair of Sixes)
db97c3fd: shows [8d Kh] (Pair of Sixes)
*** SHOWDOWN ***
565b300 collected $0.56 from pot
*** SUMMARY ***
Total pot $0.58 | Rake $0.02 | Jackpot $0 | Bingo $0 | Fortune $0
Board [2d 7d 6h 6s Qs]
Seat 1: 2e48e0c3 folded before Flop (didn't bet)
Seat 2: db97c3fd (button) showed [8d Kh] and lost with Pair of Sixes
Seat 3: e6983b3f (small blind) folded before Flop
Seat 4: 565b300 (big blind) showed [7c Ac] and won ($0.56) with Pair of Sevens and Pair of Sixes
Seat 6: Hero folded before Flop (didn't bet)


Poker Hand #HD1173039175: Hold'em No Limit  ($0.02/$0.05) - 2023/03/23 20:49:15
Table 'NLHBlue8' 6-max Seat #1 is the button
Seat 1: 2e48e0c3 ($6.31 in chips)
Seat 2: db97c3fd ($5.07 in chips)
Seat 3: e6983b3f ($6.04 in chips)
Seat 4: 565b300 ($10.24 in chips)
Seat 6: Hero ($6.12 in chips)
db97c3fd: posts small blind $0.02
e6983b3f: posts big blind $0.05
*** HOLE CARDS ***
Dealt to 2e48e0c3 
Dealt to db97c3fd 
Dealt to e6983b3f 
Dealt to 565b300 
Dealt to Hero [6d 9d]
565b300: folds
Hero: raises $0.07 to $0.12
2e48e0c3: raises $0.32 to $0.44
db97c3fd: folds
e6983b3f: folds
Hero: folds
Uncalled bet ($0.32) returned to 2e48e0c3
*** SHOWDOWN ***
2e48e0c3 collected $0.3 from pot
*** SUMMARY ***
Total pot $0.31 | Rake $0.01 | Jackpot $0 | Bingo $0 | Fortune $0
Seat 1: 2e48e0c3 (button) collected ($0.3)
Seat 2: db97c3fd (small blind) folded before Flop
Seat 3: e6983b3f (big blind) folded before Flop
Seat 4: 565b300 folded before Flop (didn't bet)
Seat 6: Hero folded before Flop


Poker Hand #HD1173039106: Hold'em No Limit  ($0.02/$0.05) - 2023/03/23 20:48:45
Table 'NLHBlue8' 6-max Seat #6 is the button
Seat 1: 2e48e0c3 ($6.15 in chips)
Seat 2: db97c3fd ($5.12 in chips)
Seat 3: e6983b3f ($6.04 in chips)
Seat 4: 565b300 ($10.24 in chips)
Seat 6: Hero ($6.24 in chips)
2e48e0c3: posts small blind $0.02
db97c3fd: posts big blind $0.05
*** HOLE CARDS ***
Dealt to 2e48e0c3 
Dealt to db97c3fd 
Dealt to e6983b3f 
Dealt to 565b300 
Dealt to Hero [Ac 9s]
e6983b3f: folds
565b300: folds
Hero: raises $0.07 to $0.12
2e48e0c3: raises $0.36 to $0.48
db97c3fd: folds
Hero: folds
Uncalled bet ($0.36) returned to 2e48e0c3
*** SHOWDOWN ***
2e48e0c3 collected $0.28 from pot
*** SUMMARY ***
Total pot $0.29 | Rake $0.01 | Jackpot $0 | Bingo $0 | Fortune $0
Seat 1: 2e48e0c3 (small blind) collected ($0.28)
Seat 2: db97c3fd (big blind) folded before Flop
Seat 3: e6983b3f folded before Flop (didn't bet)
Seat 4: 565b300 folded before Flop (didn't bet)
Seat 6: Hero (button) folded before Flop


Poker Hand #HD1173039067: Hold'em No Limit  ($0.02/$0.05) - 2023/03/23 20:48:27
Table 'NLHBlue8' 6-max Seat #4 is the button
Seat 1: 2e48e0c3 ($6.01 in chips)
Seat 2: db97c3fd ($5.12 in chips)
Seat 3: e6983b3f ($6.04 in chips)
Seat 4: 565b300 ($10.37 in chips)
Seat 6: Hero ($6.26 in chips)
Hero: posts small blind $0.02
2e48e0c3: posts big blind $0.05
*** HOLE CARDS ***
Dealt to 2e48e0c3 
Dealt to db97c3fd 
Dealt to e6983b3f 
Dealt to 565b300 
Dealt to Hero [4h Tc]
db97c3fd: folds
e6983b3f: folds
565b300: raises $0.08 to $0.13
Hero: folds
2e48e0c3: raises $0.39 to $0.52
565b300: folds
Uncalled bet ($0.39) returned to 2e48e0c3
*** SHOWDOWN ***
2e48e0c3 collected $0.27 from pot
*** SUMMARY ***
Total pot $0.28 | Rake $0.01 | Jackpot $0 | Bingo $0 | Fortune $0
Seat 1: 2e48e0c3 (big blind) collected ($0.27)
Seat 2: db97c3fd folded before Flop (didn't bet)
Seat 3: e6983b3f folded before Flop (didn't bet)
Seat 4: 565b300 (button) folded before Flop
Seat 6: Hero (small blind) folded before Flop


Poker Hand #HD1173038993: Hold'em No Limit  ($0.02/$0.05) - 2023/03/23 20:47:57
Table 'NLHBlue8' 6-max Seat #3 is the button
Seat 1: 2e48e0c3 ($6.01 in chips)
Seat 2: db97c3fd ($5.27 in chips)
Seat 3: e6983b3f ($6.04 in chips)
Seat 4: 565b300 ($10.39 in chips)
Seat 6: Hero ($6.1 in chips)
565b300: posts small blind $0.02
Hero: posts big blind $0.05
*** HOLE CARDS ***
Dealt to 2e48e0c3 
Dealt to db97c3fd 
Dealt to e6983b3f 
Dealt to 565b300 
Dealt to Hero [3c 4c]
2e48e0c3: folds
db97c3fd: raises $0.1 to $0.15
e6983b3f: folds
565b300: folds
Hero: calls $0.1
*** FLOP *** [2d 3s 6h]
Hero: checks
db97c3fd: checks
*** TURN *** [2d 3s 6h] [Qc]
Hero: checks
db97c3fd: checks
*** RIVER *** [2d 3s 6h Qc] [Tc]
Hero: checks
db97c3fd: checks
Hero: shows [3c 4c] (Pair of Treys)
db97c3fd: shows [9d Ac] (Ace-High)
*** SHOWDOWN ***
Hero collected $0.31 from pot
*** SUMMARY ***
Total pot $0.32 | Rake $0.01 | Jackpot $0 | Bingo $0 | Fortune $0
Board [2d 3s 6h Qc Tc]
Seat 1: 2e48e0c3 folded before Flop (didn't bet)
Seat 2: db97c3fd showed [9d Ac] and lost with Ace-High
Seat 3: e6983b3f (button) folded before Flop (didn't bet)
Seat 4: 565b300 (small blind) folded before Flop
Seat 6: Hero (big blind) showed [3c 4c] and won ($0.31) with Pair of Treys


Poker Hand #HD1173038875: Hold'em No Limit  ($0.02/$0.05) - 2023/03/23 20:47:10
Table 'NLHBlue8' 6-max Seat #2 is the button
Seat 1: 2e48e0c3 ($6.01 in chips)
Seat 2: db97c3fd ($5 in chips)
Seat 3: e6983b3f ($6.16 in chips)
Seat 4: 565b300 ($10.44 in chips)
Seat 5: ba37c494 ($0.22 in chips)
Seat 6: Hero ($6.22 in chips)
e6983b3f: posts small blind $0.02
565b300: posts big blind $0.05
*** HOLE CARDS ***
Dealt to 2e48e0c3 
Dealt to db97c3fd 
Dealt to e6983b3f 
Dealt to 565b300 
Dealt to ba37c494 
Dealt to Hero [Jh 9h]
ba37c494: folds
Hero: raises $0.07 to $0.12
2e48e0c3: folds
db97c3fd: calls $0.12
e6983b3f: calls $0.1
565b300: folds
*** FLOP *** [6c Qs 5h]
e6983b3f: checks
Hero: checks
db97c3fd: checks
*** TURN *** [6c Qs 5h] [5s]
e6983b3f: checks
Hero: checks
db97c3fd: bets $0.32
e6983b3f: folds
Hero: folds
Uncalled bet ($0.32) returned to db97c3fd
*** SHOWDOWN ***
db97c3fd collected $0.39 from pot
*** SUMMARY ***
Total pot $0.41 | Rake $0.02 | Jackpot $0 | Bingo $0 | Fortune $0
Board [6c Qs 5h 5s]
Seat 1: 2e48e0c3 folded before Flop (didn't bet)
Seat 2: db97c3fd (button) won ($0.39)
Seat 3: e6983b3f (small blind) folded on the Turn
Seat 4: 565b300 (big blind) folded before Flop
Seat 5: ba37c494 folded before Flop (didn't bet)
Seat 6: Hero folded on the Turn


Poker Hand #HD1173038650: Hold'em No Limit  ($0.02/$0.05) - 2023/03/23 20:45:35
Table 'NLHBlue8' 6-max Seat #1 is the button
Seat 1: 2e48e0c3 ($6.01 in chips)
Seat 2: db97c3fd ($5 in chips)
Seat 3: e6983b3f ($5.46 in chips)
Seat 4: 565b300 ($10.57 in chips)
Seat 5: ba37c494 ($0.84 in chips)
Seat 6: Hero ($6.22 in chips)
db97c3fd: posts small blind $0.02
e6983b3f: posts big blind $0.05
*** HOLE CARDS ***
Dealt to 2e48e0c3 
Dealt to db97c3fd 
Dealt to e6983b3f 
Dealt to 565b300 
Dealt to ba37c494 
Dealt to Hero [7c 6s]
565b300: raises $0.08 to $0.13
ba37c494: calls $0.13
Hero: folds
2e48e0c3: folds
db97c3fd: folds
e6983b3f: calls $0.08
*** FLOP *** [5c 8s 5s]
e6983b3f: checks
565b300: checks
ba37c494: bets $0.21
e6983b3f: calls $0.21
565b300: folds
*** TURN *** [5c 8s 5s] [4h]
e6983b3f: checks
ba37c494: bets $0.28
e6983b3f: calls $0.28
*** RIVER *** [5c 8s 5s 4h] [4c]
e6983b3f: checks
ba37c494: checks
e6983b3f: shows [Td 8d] (Pair of Eights and Pair of Fives)
ba37c494: shows [8c 9c] (Pair of Eights and Pair of Fives)
*** SHOWDOWN ***
e6983b3f collected $1.32 from pot
*** SUMMARY ***
Total pot $1.39 | Rake $0.07 | Jackpot $0 | Bingo $0 | Fortune $0
Board [5c 8s 5s 4h 4c]
Seat 1: 2e48e0c3 (button) folded before Flop (didn't bet)
Seat 2: db97c3fd (small blind) folded before Flop
Seat 3: e6983b3f (big blind) showed [Td 8d] and won ($1.32) with Pair of Eights and Pair of Fives
Seat 4: 565b300 folded on the Flop
Seat 5: ba37c494 showed [8c 9c] and lost with Pair of Eights and Pair of Fives
Seat 6: Hero folded before Flop (didn't bet)


Poker Hand #HD1173038478: Hold'em No Limit  ($0.02/$0.05) - 2023/03/23 20:44:21
Table 'NLHBlue8' 6-max Seat #6 is the button
Seat 1: 2e48e0c3 ($6.03 in chips)
Seat 2: db97c3fd ($5 in chips)
Seat 3: e6983b3f ($5.46 in chips)
Seat 4: 565b300 ($5.74 in chips)
Seat 5: ba37c494 ($0.97 in chips)
Seat 6: Hero ($5.18 in chips)
2e48e0c3: posts small blind $0.02
db97c3fd: posts big blind $0.05
*** HOLE CARDS ***
Dealt to 2e48e0c3 
Dealt to db97c3fd 
Dealt to e6983b3f 
Dealt to 565b300 
Dealt to ba37c494 
Dealt to Hero [As Ac]
e6983b3f: folds
565b300: raises $0.08 to $0.13
ba37c494: calls $0.13
Hero: raises $0.31 to $0.44
2e48e0c3: folds
db97c3fd: folds
565b300: calls $0.31
ba37c494: folds
*** FLOP *** [2h 3h 4d]
565b300: bets $0.36
Hero: raises $0.9 to $1.26
565b300: raises $4.04 to $5.3 and is all-in
Hero: calls $3.48 and is all-in
Uncalled bet ($0.56) returned to 565b300
565b300: shows [Kh Jh] (King-High)
Hero: shows [As Ac] (Pair of Aces)
*** TURN *** [2h 3h 4d] [6c]
*** RIVER *** [2h 3h 4d 6c] [9h]
Hero: Receives Cashout ($6.22)
*** SHOWDOWN ***
565b300 collected $10.01 from pot
*** SUMMARY ***
Total pot $10.56 | Rake $0.5 | Jackpot $0.05 | Bingo $0 | Fortune $0
Board [2h 3h 4d 6c 9h]
Seat 1: 2e48e0c3 (small blind) folded before Flop
Seat 2: db97c3fd (big blind) folded before Flop
Seat 3: e6983b3f folded before Flop (didn't bet)
Seat 4: 565b300 showed [Kh Jh] and won ($10.01) with King High Flush
Seat 5: ba37c494 folded before Flop
Seat 6: Hero (button) showed [As Ac] and lost with Pair of Aces, EV Cashout ($6.22)


Poker Hand #HD1173038418: Hold'em No Limit  ($0.02/$0.05) - 2023/03/23 20:43:56
Table 'NLHBlue8' 6-max Seat #5 is the button
Seat 1: 2e48e0c3 ($5.73 in chips)
Seat 2: db97c3fd ($5 in chips)
Seat 3: e6983b3f ($5.61 in chips)
Seat 4: 565b300 ($5.74 in chips)
Seat 5: ba37c494 ($0.97 in chips)
Seat 6: Hero ($5.2 in chips)
Hero: posts small blind $0.02
2e48e0c3: posts big blind $0.05
*** HOLE CARDS ***
Dealt to 2e48e0c3 
Dealt to db97c3fd 
Dealt to e6983b3f 
Dealt to 565b300 
Dealt to ba37c494 
Dealt to Hero [7d 2s]
db97c3fd: raises $0.1 to $0.15
e6983b3f: calls $0.15
565b300: folds
ba37c494: folds
Hero: folds
2e48e0c3: raises $0.47 to $0.62
db97c3fd: folds
e6983b3f: folds
Uncalled bet ($0.47) returned to 2e48e0c3
*** SHOWDOWN ***
2e48e0c3 collected $0.45 from pot
*** SUMMARY ***
Total pot $0.47 | Rake $0.02 | Jackpot $0 | Bingo $0 | Fortune $0
Seat 1: 2e48e0c3 (big blind) collected ($0.45)
Seat 2: db97c3fd folded before Flop
Seat 3: e6983b3f folded before Flop
Seat 4: 565b300 folded before Flop (didn't bet)
Seat 5: ba37c494 (button) folded before Flop (didn't bet)
Seat 6: Hero (small blind) folded before Flop


Poker Hand #HD1173038351: Hold'em No Limit  ($0.02/$0.05) - 2023/03/23 20:43:30
Table 'NLHBlue8' 6-max Seat #4 is the button
Seat 1: 2e48e0c3 ($5.73 in chips)
Seat 2: db97c3fd ($5.13 in chips)
Seat 3: e6983b3f ($5.61 in chips)
Seat 4: 565b300 ($5.53 in chips)
Seat 5: ba37c494 ($0.99 in chips)
Seat 6: Hero ($5.25 in chips)
ba37c494: posts small blind $0.02
Hero: posts big blind $0.05
*** HOLE CARDS ***
Dealt to 2e48e0c3 
Dealt to db97c3fd 
Dealt to e6983b3f 
Dealt to 565b300 
Dealt to ba37c494 
Dealt to Hero [Ad 5s]
2e48e0c3: folds
db97c3fd: raises $0.1 to $0.15
e6983b3f: folds
565b300: raises $0.4 to $0.55
ba37c494: folds
Hero: folds
db97c3fd: folds
Uncalled bet ($0.4) returned to 565b300
*** SHOWDOWN ***
565b300 collected $0.36 from pot
*** SUMMARY ***
Total pot $0.37 | Rake $0.01 | Jackpot $0 | Bingo $0 | Fortune $0
Seat 1: 2e48e0c3 folded before Flop (didn't bet)
Seat 2: db97c3fd folded before Flop
Seat 3: e6983b3f folded before Flop (didn't bet)
Seat 4: 565b300 (button) collected ($0.36)
Seat 5: ba37c494 (small blind) folded before Flop
Seat 6: Hero (big blind) folded before Flop


Poker Hand #HD1173038238: Hold'em No Limit  ($0.02/$0.05) - 2023/03/23 20:42:37
Table 'NLHBlue8' 6-max Seat #3 is the button
Seat 1: 2e48e0c3 ($5.73 in chips)
Seat 2: db97c3fd ($5.14 in chips)
Seat 3: e6983b3f ($5.61 in chips)
Seat 4: 565b300 ($5.55 in chips)
Seat 5: ba37c494 ($1 in chips)
Seat 6: Hero ($5.25 in chips)
565b300: posts small blind $0.02
ba37c494: posts big blind $0.05
*** HOLE CARDS ***
Dealt to 2e48e0c3 
Dealt to db97c3fd 
Dealt to e6983b3f 
Dealt to 565b300 
Dealt to ba37c494 
Dealt to Hero [2d 8s]
Hero: folds
2e48e0c3: folds
db97c3fd: raises $0.1 to $0.15
e6983b3f: folds
565b300: folds
ba37c494: calls $0.1
*** FLOP *** [Ac 2s 2h]
ba37c494: bets $0.11
db97c3fd: calls $0.11
*** TURN *** [Ac 2s 2h] [7h]
ba37c494: checks
db97c3fd: checks
*** RIVER *** [Ac 2s 2h 7h] [Qd]
ba37c494: bets $0.27
db97c3fd: calls $0.27
ba37c494: shows [Ah 8d] (Pair of Aces and Pair of Twos)
db97c3fd: shows [Ad Th] (Pair of Aces and Pair of Twos)
*** SHOWDOWN ***
ba37c494 collected $0.52 from pot
db97c3fd collected $0.52 from pot
*** SUMMARY ***
Total pot $1.08 | Rake $0.04 | Jackpot $0 | Bingo $0 | Fortune $0
Board [Ac 2s 2h 7h Qd]
Seat 1: 2e48e0c3 folded before Flop (didn't bet)
Seat 2: db97c3fd showed [Ad Th] and won ($0.52) with Pair of Aces and Pair of Twos
Seat 3: e6983b3f (button) folded before Flop (didn't bet)
Seat 4: 565b300 (small blind) folded before Flop
Seat 5: ba37c494 (big blind) showed [Ah 8d] and won ($0.52) with Pair of Aces and Pair of Twos
Seat 6: Hero folded before Flop (didn't bet)


Poker Hand #HD1173038185: Hold'em No Limit  ($0.02/$0.05) - 2023/03/23 20:42:13
Table 'NLHBlue8' 6-max Seat #2 is the button
Seat 1: 2e48e0c3 ($5.85 in chips)
Seat 2: db97c3fd ($5.14 in chips)
Seat 3: e6983b3f ($5.63 in chips)
Seat 4: 565b300 ($5.6 in chips)
Seat 6: Hero ($5.07 in chips)
e6983b3f: posts small blind $0.02
565b300: posts big blind $0.05
*** HOLE CARDS ***
Dealt to 2e48e0c3 
Dealt to db97c3fd 
Dealt to e6983b3f 
Dealt to 565b300 
Dealt to Hero [As Kc]
Hero: raises $0.07 to $0.12
2e48e0c3: calls $0.12
db97c3fd: folds
e6983b3f: folds
565b300: folds
*** FLOP *** [Jc 5d 3d]
Hero: bets $0.16
2e48e0c3: folds
Uncalled bet ($0.16) returned to Hero
*** SHOWDOWN ***
Hero collected $0.3 from pot
*** SUMMARY ***
Total pot $0.31 | Rake $0.01 | Jackpot $0 | Bingo $0 | Fortune $0
Board [Jc 5d 3d]
Seat 1: 2e48e0c3 folded on the Flop
Seat 2: db97c3fd (button) folded before Flop (didn't bet)
Seat 3: e6983b3f (small blind) folded before Flop
Seat 4: 565b300 (big blind) folded before Flop
Seat 6: Hero won ($0.3)


Poker Hand #HD1173038122: Hold'em No Limit  ($0.02/$0.05) - 2023/03/23 20:41:47
Table 'NLHBlue8' 6-max Seat #1 is the button
Seat 1: 2e48e0c3 ($5.85 in chips)
Seat 2: db97c3fd ($5.16 in chips)
Seat 3: e6983b3f ($5.68 in chips)
Seat 4: 565b300 ($5.6 in chips)
Seat 6: Hero ($5 in chips)
db97c3fd: posts small blind $0.02
e6983b3f: posts big blind $0.05
*** HOLE CARDS ***
Dealt to 2e48e0c3 
Dealt to db97c3fd 
Dealt to e6983b3f 
Dealt to 565b300 
Dealt to Hero [As Th]
565b300: folds
Hero: raises $0.07 to $0.12
2e48e0c3: folds
db97c3fd: folds
e6983b3f: folds
Uncalled bet ($0.07) returned to Hero
*** SHOWDOWN ***
Hero collected $0.12 from pot
*** SUMMARY ***
Total pot $0.12 | Rake $0 | Jackpot $0 | Bingo $0 | Fortune $0
Seat 1: 2e48e0c3 (button) folded before Flop (didn't bet)
Seat 2: db97c3fd (small blind) folded before Flop
Seat 3: e6983b3f (big blind) folded before Flop
Seat 4: 565b300 folded before Flop (didn't bet)
Seat 6: Hero collected ($0.12)


Poker Hand #HD1173037991: Hold'em No Limit  ($0.02/$0.05) - 2023/03/23 20:40:51
Table 'NLHBlue8' 6-max Seat #6 is the button
Seat 1: 2e48e0c3 ($5.87 in chips)
Seat 2: db97c3fd ($5.21 in chips)
Seat 3: e6983b3f ($5.08 in chips)
Seat 4: 565b300 ($5.6 in chips)
Seat 6: Hero ($5.01 in chips)
2e48e0c3: posts small blind $0.02
db97c3fd: posts big blind $0.05
*** HOLE CARDS ***
Dealt to 2e48e0c3 
Dealt to db97c3fd 
Dealt to e6983b3f 
Dealt to 565b300 
Dealt to Hero [Qd Td]
e6983b3f: raises $0.08 to $0.13
565b300: folds
Hero: raises $0.21 to $0.34
2e48e0c3: folds
db97c3fd: folds
e6983b3f: calls $0.21
*** FLOP *** [2s 5c Jh]
e6983b3f: checks
Hero: bets $0.25
e6983b3f: calls $0.25
*** TURN *** [2s 5c Jh] [7s]
e6983b3f: checks
Hero: checks
*** RIVER *** [2s 5c Jh 7s] [2d]
e6983b3f: bets $0.42
Hero: folds
Uncalled bet ($0.42) returned to e6983b3f
*** SHOWDOWN ***
e6983b3f collected $1.19 from pot
*** SUMMARY ***
Total pot $1.25 | Rake $0.06 | Jackpot $0 | Bingo $0 | Fortune $0
Board [2s 5c Jh 7s 2d]
Seat 1: 2e48e0c3 (small blind) folded before Flop
Seat 2: db97c3fd (big blind) folded before Flop
Seat 3: e6983b3f won ($1.19)
Seat 4: 565b300 folded before Flop (didn't bet)
Seat 6: Hero (button) folded on the River


Poker Hand #HD1173037944: Hold'em No Limit  ($0.02/$0.05) - 2023/03/23 20:40:33
Table 'NLHBlue8' 6-max Seat #4 is the button
Seat 1: 2e48e0c3 ($5.85 in chips)
Seat 2: db97c3fd ($5.21 in chips)
Seat 3: e6983b3f ($5.08 in chips)
Seat 4: 565b300 ($5.6 in chips)
Seat 6: Hero ($5.03 in chips)
Hero: posts small blind $0.02
2e48e0c3: posts big blind $0.05
*** HOLE CARDS ***
Dealt to 2e48e0c3 
Dealt to db97c3fd 
Dealt to e6983b3f 
Dealt to 565b300 
Dealt to Hero [Jh 4s]
db97c3fd: folds
e6983b3f: folds
565b300: folds
Hero: folds
Uncalled bet ($0.03) returned to 2e48e0c3
*** SHOWDOWN ***
2e48e0c3 collected $0.04 from pot
*** SUMMARY ***
Total pot $0.04 | Rake $0 | Jackpot $0 | Bingo $0 | Fortune $0
Seat 1: 2e48e0c3 (big blind) collected ($0.04)
Seat 2: db97c3fd folded before Flop (didn't bet)
Seat 3: e6983b3f folded before Flop (didn't bet)
Seat 4: 565b300 (button) folded before Flop (didn't bet)
Seat 6: Hero (small blind) folded before Flop


Poker Hand #HD1173037887: Hold'em No Limit  ($0.02/$0.05) - 2023/03/23 20:40:05
Table 'NLHBlue8' 6-max Seat #3 is the button
Seat 1: 2e48e0c3 ($5.85 in chips)
Seat 2: db97c3fd ($5.21 in chips)
Seat 3: e6983b3f ($5.01 in chips)
Seat 4: 565b300 ($5.62 in chips)
Seat 6: Hero ($5.02 in chips)
565b300: posts small blind $0.02
Hero: posts big blind $0.05
*** HOLE CARDS ***
Dealt to 2e48e0c3 
Dealt to db97c3fd 
Dealt to e6983b3f 
Dealt to 565b300 
Dealt to Hero [Qd 5s]
2e48e0c3: folds
db97c3fd: folds
e6983b3f: raises $0.08 to $0.13
565b300: folds
Hero: folds
Uncalled bet ($0.08) returned to e6983b3f
*** SHOWDOWN ***
e6983b3f collected $0.12 from pot
*** SUMMARY ***
Total pot $0.12 | Rake $0 | Jackpot $0 | Bingo $0 | Fortune $0
Seat 1: 2e48e0c3 folded before Flop (didn't bet)
Seat 2: db97c3fd folded before Flop (didn't bet)
Seat 3: e6983b3f (button) collected ($0.12)
Seat 4: 565b300 (small blind) folded before Flop
Seat 6: Hero (big blind) folded before Flop


Poker Hand #HD1173037835: Hold'em No Limit  ($0.02/$0.05) - 2023/03/23 20:39:45
Table 'NLHBlue8' 6-max Seat #2 is the button
Seat 1: 2e48e0c3 ($5.85 in chips)
Seat 2: db97c3fd ($5.14 in chips)
Seat 3: e6983b3f ($5.03 in chips)
Seat 4: 565b300 ($5.67 in chips)
Seat 5: f3b2895a ($5 in chips)
Seat 6: Hero ($5.02 in chips)
e6983b3f: posts small blind $0.02
565b300: posts big blind $0.05
*** HOLE CARDS ***
Dealt to 2e48e0c3 
Dealt to db97c3fd 
Dealt to e6983b3f 
Dealt to 565b300 
Dealt to f3b2895a 
Dealt to Hero [8c 6s]
f3b2895a: folds
Hero: folds
2e48e0c3: folds
db97c3fd: raises $0.05 to $0.1
e6983b3f: folds
565b300: folds
Uncalled bet ($0.05) returned to db97c3fd
*** SHOWDOWN ***
db97c3fd collected $0.12 from pot
*** SUMMARY ***
Total pot $0.12 | Rake $0 | Jackpot $0 | Bingo $0 | Fortune $0
Seat 1: 2e48e0c3 folded before Flop (didn't bet)
Seat 2: db97c3fd (button) collected ($0.12)
Seat 3: e6983b3f (small blind) folded before Flop
Seat 4: 565b300 (big blind) folded before Flop
Seat 5: f3b2895a folded before Flop (didn't bet)
Seat 6: Hero folded before Flop (didn't bet)


Poker Hand #HD1173037701: Hold'em No Limit  ($0.02/$0.05) - 2023/03/23 20:38:49
Table 'NLHBlue8' 6-max Seat #1 is the button
Seat 1: 2e48e0c3 ($5.69 in chips)
Seat 2: db97c3fd ($5.16 in chips)
Seat 3: e6983b3f ($5.18 in chips)
Seat 4: 565b300 ($5.67 in chips)
Seat 5: f3b2895a ($5 in chips)
Seat 6: Hero ($5.02 in chips)
db97c3fd: posts small blind $0.02
e6983b3f: posts big blind $0.05
*** HOLE CARDS ***
Dealt to 2e48e0c3 
Dealt to db97c3fd 
Dealt to e6983b3f 
Dealt to 565b300 
Dealt to f3b2895a 
Dealt to Hero [Kd 2c]
565b300: folds
f3b2895a: folds
Hero: folds
2e48e0c3: raises $0.1 to $0.15
db97c3fd: folds
e6983b3f: calls $0.1
*** FLOP *** [9h Td Qd]
e6983b3f: checks
2e48e0c3: checks
*** TURN *** [9h Td Qd] [9c]
e6983b3f: checks
2e48e0c3: checks
*** RIVER *** [9h Td Qd 9c] [5c]
e6983b3f: checks
2e48e0c3: checks
e6983b3f: shows [8c 7c] (Pair of Nines)
2e48e0c3: shows [7s 7d] (Pair of Nines and Pair of Sevens)
*** SHOWDOWN ***
2e48e0c3 collected $0.31 from pot
*** SUMMARY ***
Total pot $0.32 | Rake $0.01 | Jackpot $0 | Bingo $0 | Fortune $0
Board [9h Td Qd 9c 5c]
Seat 1: 2e48e0c3 (button) showed [7s 7d] and won ($0.31) with Pair of Nines and Pair of Sevens
Seat 2: db97c3fd (small blind) folded before Flop
Seat 3: e6983b3f (big blind) showed [8c 7c] and lost with Pair of Nines
Seat 4: 565b300 folded before Flop (didn't bet)
Seat 5: f3b2895a folded before Flop (didn't bet)
Seat 6: Hero folded before Flop (didn't bet)


Poker Hand #HD1173037645: Hold'em No Limit  ($0.02/$0.05) - 2023/03/23 20:38:23
Table 'NLHBlue8' 6-max Seat #6 is the button
Seat 1: 2e48e0c3 ($5.53 in chips)
Seat 2: db97c3fd ($5.21 in chips)
Seat 3: e6983b3f ($5.18 in chips)
Seat 4: 565b300 ($5.67 in chips)
Seat 5: f3b2895a ($5 in chips)
Seat 6: Hero ($5.14 in chips)
2e48e0c3: posts small blind $0.02
db97c3fd: posts big blind $0.05
*** HOLE CARDS ***
Dealt to 2e48e0c3 
Dealt to db97c3fd 
Dealt to e6983b3f 
Dealt to 565b300 
Dealt to f3b2895a 
Dealt to Hero [Ad 7h]
e6983b3f: folds
565b300: folds
f3b2895a: folds
Hero: raises $0.07 to $0.12
2e48e0c3: raises $0.38 to $0.5
db97c3fd: folds
Hero: folds
Uncalled bet ($0.38) returned to 2e48e0c3
*** SHOWDOWN ***
2e48e0c3 collected $0.28 from pot
*** SUMMARY ***
Total pot $0.29 | Rake $0.01 | Jackpot $0 | Bingo $0 | Fortune $0
Seat 1: 2e48e0c3 (small blind) collected ($0.28)
Seat 2: db97c3fd (big blind) folded before Flop
Seat 3: e6983b3f folded before Flop (didn't bet)
Seat 4: 565b300 folded before Flop (didn't bet)
Seat 5: f3b2895a folded before Flop (didn't bet)
Seat 6: Hero (button) folded before Flop


Poker Hand #HD1173037606: Hold'em No Limit  ($0.02/$0.05) - 2023/03/23 20:38:11
Table 'NLHBlue8' 6-max Seat #5 is the button
Seat 1: 2e48e0c3 ($5.51 in chips)
Seat 2: db97c3fd ($5.21 in chips)
Seat 3: e6983b3f ($5.18 in chips)
Seat 4: 565b300 ($5.67 in chips)
Seat 5: f3b2895a ($5 in chips)
Seat 6: Hero ($5.16 in chips)
Hero: posts small blind $0.02
2e48e0c3: posts big blind $0.05
*** HOLE CARDS ***
Dealt to 2e48e0c3 
Dealt to db97c3fd 
Dealt to e6983b3f 
Dealt to 565b300 
Dealt to f3b2895a 
Dealt to Hero [2h 7s]
db97c3fd: folds
e6983b3f: folds
565b300: folds
f3b2895a: folds
Hero: folds
Uncalled bet ($0.03) returned to 2e48e0c3
*** SHOWDOWN ***
2e48e0c3 collected $0.04 from pot
*** SUMMARY ***
Total pot $0.04 | Rake $0 | Jackpot $0 | Bingo $0 | Fortune $0
Seat 1: 2e48e0c3 (big blind) collected ($0.04)
Seat 2: db97c3fd folded before Flop (didn't bet)
Seat 3: e6983b3f folded before Flop (didn't bet)
Seat 4: 565b300 folded before Flop (didn't bet)
Seat 5: f3b2895a (button) folded before Flop (didn't bet)
Seat 6: Hero (small blind) folded before Flop


Poker Hand #HD1173037552: Hold'em No Limit  ($0.02/$0.05) - 2023/03/23 20:37:47
Table 'NLHBlue8' 6-max Seat #4 is the button
Seat 1: 2e48e0c3 ($5.51 in chips)
Seat 2: db97c3fd ($5.21 in chips)
Seat 3: e6983b3f ($5.18 in chips)
Seat 4: 565b300 ($5.67 in chips)
Seat 5: f3b2895a ($5 in chips)
Seat 6: Hero ($5.07 in chips)
f3b2895a: posts small blind $0.02
Hero: posts big blind $0.05
*** HOLE CARDS ***
Dealt to 2e48e0c3 
Dealt to db97c3fd 
Dealt to e6983b3f 
Dealt to 565b300 
Dealt to f3b2895a 
Dealt to Hero [5c 5h]
2e48e0c3: folds
db97c3fd: folds
e6983b3f: folds
565b300: folds
f3b2895a: raises $0.05 to $0.1
Hero: raises $0.24 to $0.34
f3b2895a: folds
Uncalled bet ($0.24) returned to Hero
*** SHOWDOWN ***
Hero collected $0.19 from pot
*** SUMMARY ***
Total pot $0.2 | Rake $0.01 | Jackpot $0 | Bingo $0 | Fortune $0
Seat 1: 2e48e0c3 folded before Flop (didn't bet)
Seat 2: db97c3fd folded before Flop (didn't bet)
Seat 3: e6983b3f folded before Flop (didn't bet)
Seat 4: 565b300 (button) folded before Flop (didn't bet)
Seat 5: f3b2895a (small blind) folded before Flop
Seat 6: Hero (big blind) collected ($0.19)


Poker Hand #HD1173037512: Hold'em No Limit  ($0.02/$0.05) - 2023/03/23 20:37:32
Table 'NLHBlue8' 6-max Seat #3 is the button
Seat 1: 2e48e0c3 ($5.51 in chips)
Seat 2: db97c3fd ($5.14 in chips)
Seat 3: e6983b3f ($5.18 in chips)
Seat 4: 565b300 ($5.69 in chips)
Seat 5: f3b2895a ($5 in chips)
Seat 6: Hero ($5.07 in chips)
565b300: posts small blind $0.02
f3b2895a: posts big blind $0.05
*** HOLE CARDS ***
Dealt to 2e48e0c3 
Dealt to db97c3fd 
Dealt to e6983b3f 
Dealt to 565b300 
Dealt to f3b2895a 
Dealt to Hero [Ks 4c]
Hero: folds
2e48e0c3: folds
db97c3fd: raises $0.1 to $0.15
e6983b3f: folds
565b300: folds
f3b2895a: folds
Uncalled bet ($0.1) returned to db97c3fd
*** SHOWDOWN ***
db97c3fd collected $0.12 from pot
*** SUMMARY ***
Total pot $0.12 | Rake $0 | Jackpot $0 | Bingo $0 | Fortune $0
Seat 1: 2e48e0c3 folded before Flop (didn't bet)
Seat 2: db97c3fd collected ($0.12)
Seat 3: e6983b3f (button) folded before Flop (didn't bet)
Seat 4: 565b300 (small blind) folded before Flop
Seat 5: f3b2895a (big blind) folded before Flop
Seat 6: Hero folded before Flop (didn't bet)


Poker Hand #HD1173037494: Hold'em No Limit  ($0.02/$0.05) - 2023/03/23 20:37:21
Table 'NLHBlue8' 6-max Seat #2 is the button
Seat 1: 2e48e0c3 ($5.51 in chips)
Seat 2: db97c3fd ($5.14 in chips)
Seat 3: e6983b3f ($5.2 in chips)
Seat 4: 565b300 ($5.67 in chips)
Seat 5: f3b2895a ($5 in chips)
Seat 6: Hero ($5.07 in chips)
e6983b3f: posts small blind $0.02
565b300: posts big blind $0.05
*** HOLE CARDS ***
Dealt to 2e48e0c3 
Dealt to db97c3fd 
Dealt to e6983b3f 
Dealt to 565b300 
Dealt to f3b2895a 
Dealt to Hero [2d 6c]
f3b2895a: folds
Hero: folds
2e48e0c3: folds
db97c3fd: folds
e6983b3f: folds
Uncalled bet ($0.03) returned to 565b300
*** SHOWDOWN ***
565b300 collected $0.04 from pot
*** SUMMARY ***
Total pot $0.04 | Rake $0 | Jackpot $0 | Bingo $0 | Fortune $0
Seat 1: 2e48e0c3 folded before Flop (didn't bet)
Seat 2: db97c3fd (button) folded before Flop (didn't bet)
Seat 3: e6983b3f (small blind) folded before Flop
Seat 4: 565b300 (big blind) collected ($0.04)
Seat 5: f3b2895a folded before Flop (didn't bet)
Seat 6: Hero folded before Flop (didn't bet)


Poker Hand #HD1173037453: Hold'em No Limit  ($0.02/$0.05) - 2023/03/23 20:37:04
Table 'NLHBlue8' 6-max Seat #1 is the button
Seat 1: 2e48e0c3 ($5.44 in chips)
Seat 2: db97c3fd ($5.16 in chips)
Seat 3: e6983b3f ($5.25 in chips)
Seat 4: 565b300 ($5.67 in chips)
Seat 5: f3b2895a ($5 in chips)
Seat 6: Hero ($5.07 in chips)
db97c3fd: posts small blind $0.02
e6983b3f: posts big blind $0.05
*** HOLE CARDS ***
Dealt to 2e48e0c3 
Dealt to db97c3fd 
Dealt to e6983b3f 
Dealt to 565b300 
Dealt to f3b2895a 
Dealt to Hero [6h 3s]
565b300: folds
f3b2895a: folds
Hero: folds
2e48e0c3: raises $0.1 to $0.15
db97c3fd: folds
e6983b3f: folds
Uncalled bet ($0.1) returned to 2e48e0c3
*** SHOWDOWN ***
2e48e0c3 collected $0.12 from pot
*** SUMMARY ***
Total pot $0.12 | Rake $0 | Jackpot $0 | Bingo $0 | Fortune $0
Seat 1: 2e48e0c3 (button) collected ($0.12)
Seat 2: db97c3fd (small blind) folded before Flop
Seat 3: e6983b3f (big blind) folded before Flop
Seat 4: 565b300 folded before Flop (didn't bet)
Seat 5: f3b2895a folded before Flop (didn't bet)
Seat 6: Hero folded before Flop (didn't bet)


Poker Hand #HD1173037422: Hold'em No Limit  ($0.02/$0.05) - 2023/03/23 20:36:50
Table 'NLHBlue8' 6-max Seat #6 is the button
Seat 1: 2e48e0c3 ($5.46 in chips)
Seat 2: db97c3fd ($5.21 in chips)
Seat 3: e6983b3f ($5.25 in chips)
Seat 4: 565b300 ($5.67 in chips)
Seat 5: f3b2895a ($5 in chips)
Seat 6: Hero ($5 in chips)
2e48e0c3: posts small blind $0.02
db97c3fd: posts big blind $0.05
*** HOLE CARDS ***
Dealt to 2e48e0c3 
Dealt to db97c3fd 
Dealt to e6983b3f 
Dealt to 565b300 
Dealt to f3b2895a 
Dealt to Hero [Jd Qs]
e6983b3f: folds
565b300: folds
f3b2895a: folds
Hero: raises $0.07 to $0.12
2e48e0c3: folds
db97c3fd: folds
Uncalled bet ($0.07) returned to Hero
*** SHOWDOWN ***
Hero collected $0.12 from pot
*** SUMMARY ***
Total pot $0.12 | Rake $0 | Jackpot $0 | Bingo $0 | Fortune $0
Seat 1: 2e48e0c3 (small blind) folded before Flop
Seat 2: db97c3fd (big blind) folded before Flop
Seat 3: e6983b3f folded before Flop (didn't bet)
Seat 4: 565b300 folded before Flop (didn't bet)
Seat 5: f3b2895a folded before Flop (didn't bet)
Seat 6: Hero (button) collected ($0.12)


Poker Hand #HD1173037390: Hold'em No Limit  ($0.02/$0.05) - 2023/03/23 20:36:37
Table 'NLHBlue8' 6-max Seat #5 is the button
Seat 1: 2e48e0c3 ($5.44 in chips)
Seat 2: db97c3fd ($5.21 in chips)
Seat 3: e6983b3f ($5.25 in chips)
Seat 4: 565b300 ($5.67 in chips)
Seat 5: f3b2895a ($5 in chips)
Seat 6: Hero ($5 in chips)
Hero: posts small blind $0.02
2e48e0c3: posts big blind $0.05
*** HOLE CARDS ***
Dealt to 2e48e0c3 
Dealt to db97c3fd 
Dealt to e6983b3f 
Dealt to 565b300 
Dealt to f3b2895a 
Dealt to Hero [Kd 4c]
db97c3fd: folds
e6983b3f: folds
565b300: folds
f3b2895a: folds
Hero: folds
Uncalled bet ($0.03) returned to 2e48e0c3
*** SHOWDOWN ***
2e48e0c3 collected $0.04 from pot
*** SUMMARY ***
Total pot $0.04 | Rake $0 | Jackpot $0 | Bingo $0 | Fortune $0
Seat 1: 2e48e0c3 (big blind) collected ($0.04)
Seat 2: db97c3fd folded before Flop (didn't bet)
Seat 3: e6983b3f folded before Flop (didn't bet)
Seat 4: 565b300 folded before Flop (didn't bet)
Seat 5: f3b2895a (button) folded before Flop (didn't bet)
Seat 6: Hero (small blind) folded before Flop


Poker Hand #HD1173037313: Hold'em No Limit  ($0.02/$0.05) - 2023/03/23 20:36:04
Table 'NLHBlue8' 6-max Seat #4 is the button
Seat 1: 2e48e0c3 ($5.44 in chips)
Seat 2: db97c3fd ($5 in chips)
Seat 3: e6983b3f ($5.4 in chips)
Seat 4: 565b300 ($5.67 in chips)
Seat 5: f3b2895a ($5 in chips)
Seat 6: Hero ($5 in chips)
f3b2895a: posts small blind $0.02
Hero: posts big blind $0.05
*** HOLE CARDS ***
Dealt to 2e48e0c3 
Dealt to db97c3fd 
Dealt to e6983b3f 
Dealt to 565b300 
Dealt to f3b2895a 
Dealt to Hero [Ac 6d]
2e48e0c3: folds
db97c3fd: raises $0.1 to $0.15
e6983b3f: calls $0.15
565b300: folds
f3b2895a: folds
Hero: folds
*** FLOP *** [Kh 3d Kd]
db97c3fd: checks
e6983b3f: checks
*** TURN *** [Kh 3d Kd] [Ad]
db97c3fd: checks
e6983b3f: checks
*** RIVER *** [Kh 3d Kd Ad] [Js]
db97c3fd: checks
e6983b3f: checks
db97c3fd: shows [Ah 8h] (Pair of Aces and Pair of Kings)
e6983b3f: shows [7c 7s] (Pair of Kings and Pair of Sevens)
*** SHOWDOWN ***
db97c3fd collected $0.36 from pot
*** SUMMARY ***
Total pot $0.37 | Rake $0.01 | Jackpot $0 | Bingo $0 | Fortune $0
Board [Kh 3d Kd Ad Js]
Seat 1: 2e48e0c3 folded before Flop (didn't bet)
Seat 2: db97c3fd showed [Ah 8h] and won ($0.36) with Pair of Aces and Pair of Kings
Seat 3: e6983b3f showed [7c 7s] and lost with Pair of Kings and Pair of Sevens
Seat 4: 565b300 (button) folded before Flop (didn't bet)
Seat 5: f3b2895a (small blind) folded before Flop
Seat 6: Hero (big blind) folded before Flop


