Poker Hand #HD1596316635: Hold'em No Limit ($0.02/$0.05) - 2024/01/19 21:02:39
Table 'NLHBlue84' 6-max Seat #6 is the button
Seat 1: 2a707408 ($5.43 in chips)
Seat 2: 70faa091 ($1.6 in chips)
Seat 3: Hero ($6.26 in chips)
Seat 4: 81020244 ($5.02 in chips)
Seat 5: 6e0098c3 ($8.54 in chips)
Seat 6: 35a9d656 ($5.49 in chips)
2a707408: posts small blind $0.02
70faa091: posts big blind $0.05
*** HOLE CARDS ***
Dealt to 2a707408 
Dealt to 70faa091 
Dealt to Hero [8c As]
Dealt to 81020244 
Dealt to 6e0098c3 
Dealt to 35a9d656 
Hero: folds
81020244: folds
6e0098c3: folds
35a9d656: folds
2a707408: folds
Uncalled bet ($0.03) returned to 70faa091
*** SHOWDOWN ***
70faa091 collected $0.04 from pot
*** SUMMARY ***
Total pot $0.04 | Rake $0 | Jackpot $0 | Bingo $0 | Fortune $0 | Tax $0
Seat 1: 2a707408 (small blind) folded before Flop
Seat 2: 70faa091 (big blind) collected ($0.04)
Seat 3: Hero folded before Flop (didn't bet)
Seat 4: 81020244 folded before Flop (didn't bet)
Seat 5: 6e0098c3 folded before Flop (didn't bet)
Seat 6: 35a9d656 (button) folded before Flop (didn't bet)


Poker Hand #HD1596316574: Hold'em No Limit ($0.02/$0.05) - 2024/01/19 21:02:07
Table 'NLHBlue84' 6-max Seat #5 is the button
Seat 1: 2a707408 ($5.48 in chips)
Seat 2: 70faa091 ($1.8 in chips)
Seat 3: Hero ($6.01 in chips)
Seat 4: 81020244 ($5.02 in chips)
Seat 5: 6e0098c3 ($8.54 in chips)
Seat 6: 35a9d656 ($5.51 in chips)
35a9d656: posts small blind $0.02
2a707408: posts big blind $0.05
*** HOLE CARDS ***
Dealt to 2a707408 
Dealt to 70faa091 
Dealt to Hero [Qs Ks]
Dealt to 81020244 
Dealt to 6e0098c3 
Dealt to 35a9d656 
70faa091: calls $0.05
Hero: raises $0.15 to $0.2
81020244: folds
6e0098c3: folds
35a9d656: folds
2a707408: folds
70faa091: calls $0.15
*** FLOP *** [7h Kh 4d]
70faa091: checks
Hero: bets $0.36
70faa091: folds
Uncalled bet ($0.36) returned to Hero
*** SHOWDOWN ***
Hero collected $0.45 from pot
*** SUMMARY ***
Total pot $0.47 | Rake $0.02 | Jackpot $0 | Bingo $0 | Fortune $0 | Tax $0
Board [7h Kh 4d]
Seat 1: 2a707408 (big blind) folded before Flop
Seat 2: 70faa091 folded on the Flop
Seat 3: Hero won ($0.45)
Seat 4: 81020244 folded before Flop (didn't bet)
Seat 5: 6e0098c3 (button) folded before Flop (didn't bet)
Seat 6: 35a9d656 (small blind) folded before Flop


Poker Hand #HD1596316509: Hold'em No Limit ($0.02/$0.05) - 2024/01/19 21:01:35
Table 'NLHBlue84' 6-max Seat #4 is the button
Seat 1: 2a707408 ($5.48 in chips)
Seat 2: 70faa091 ($1.95 in chips)
Seat 3: Hero ($6.01 in chips)
Seat 4: 81020244 ($4.81 in chips)
Seat 5: 6e0098c3 ($8.56 in chips)
Seat 6: 35a9d656 ($5.56 in chips)
6e0098c3: posts small blind $0.02
35a9d656: posts big blind $0.05
*** HOLE CARDS ***
Dealt to 2a707408 
Dealt to 70faa091 
Dealt to Hero [Jd 4h]
Dealt to 81020244 
Dealt to 6e0098c3 
Dealt to 35a9d656 
2a707408: folds
70faa091: calls $0.05
Hero: folds
81020244: raises $0.1 to $0.15
6e0098c3: folds
35a9d656: folds
70faa091: calls $0.1
*** FLOP *** [Jh 7c 7s]
70faa091: checks
81020244: bets $0.2
70faa091: folds
Uncalled bet ($0.2) returned to 81020244
*** SHOWDOWN ***
81020244 collected $0.36 from pot
*** SUMMARY ***
Total pot $0.37 | Rake $0.01 | Jackpot $0 | Bingo $0 | Fortune $0 | Tax $0
Board [Jh 7c 7s]
Seat 1: 2a707408 folded before Flop (didn't bet)
Seat 2: 70faa091 folded on the Flop
Seat 3: Hero folded before Flop (didn't bet)
Seat 4: 81020244 (button) won ($0.36)
Seat 5: 6e0098c3 (small blind) folded before Flop
Seat 6: 35a9d656 (big blind) folded before Flop


Poker Hand #HD1596316429: Hold'em No Limit ($0.02/$0.05) - 2024/01/19 21:00:47
Table 'NLHBlue84' 6-max Seat #3 is the button
Seat 1: 2a707408 ($5.25 in chips)
Seat 2: 70faa091 ($2 in chips)
Seat 3: Hero ($6.01 in chips)
Seat 4: 81020244 ($4.95 in chips)
Seat 5: 6e0098c3 ($8.61 in chips)
Seat 6: 35a9d656 ($5.56 in chips)
81020244: posts small blind $0.02
6e0098c3: posts big blind $0.05
70faa091: posts big blind $0.05
*** HOLE CARDS ***
Dealt to 2a707408 
Dealt to 70faa091 
Dealt to Hero [7c 8h]
Dealt to 81020244 
Dealt to 6e0098c3 
Dealt to 35a9d656 
35a9d656: folds
2a707408: raises $0.09 to $0.14
70faa091: folds
Hero: folds
81020244: calls $0.12
6e0098c3: folds
*** FLOP *** [8d 9h Js]
81020244: checks
2a707408: bets $0.19
81020244: folds
Uncalled bet ($0.19) returned to 2a707408
*** SHOWDOWN ***
2a707408 collected $0.37 from pot
*** SUMMARY ***
Total pot $0.38 | Rake $0.01 | Jackpot $0 | Bingo $0 | Fortune $0 | Tax $0
Board [8d 9h Js]
Seat 1: 2a707408 won ($0.37)
Seat 2: 70faa091 folded before Flop
Seat 3: Hero (button) folded before Flop (didn't bet)
Seat 4: 81020244 (small blind) folded on the Flop
Seat 5: 6e0098c3 (big blind) folded before Flop
Seat 6: 35a9d656 folded before Flop (didn't bet)


Poker Hand #HD1596316328: Hold'em No Limit ($0.02/$0.05) - 2024/01/19 21:00:05
Table 'NLHBlue84' 6-max Seat #1 is the button
Seat 1: 2a707408 ($5.63 in chips)
Seat 3: Hero ($6.03 in chips)
Seat 4: 81020244 ($5 in chips)
Seat 5: 6e0098c3 ($8.61 in chips)
Seat 6: 35a9d656 ($5.16 in chips)
Hero: posts small blind $0.02
81020244: posts big blind $0.05
*** HOLE CARDS ***
Dealt to 2a707408 
Dealt to Hero [Js 3h]
Dealt to 81020244 
Dealt to 6e0098c3 
Dealt to 35a9d656 
6e0098c3: folds
35a9d656: raises $0.08 to $0.13
2a707408: raises $0.25 to $0.38
Hero: folds
81020244: folds
35a9d656: raises $0.82 to $1.2
2a707408: folds
Uncalled bet ($0.82) returned to 35a9d656
35a9d656: shows [4c Ac]
*** SHOWDOWN ***
35a9d656 collected $0.78 from pot
*** SUMMARY ***
Total pot $0.83 | Rake $0.05 | Jackpot $0 | Bingo $0 | Fortune $0 | Tax $0
Seat 1: 2a707408 (button) folded before Flop
Seat 3: Hero (small blind) folded before Flop
Seat 4: 81020244 (big blind) folded before Flop
Seat 5: 6e0098c3 folded before Flop (didn't bet)
Seat 6: 35a9d656 showed [4c Ac] and collected ($0.78)


Poker Hand #HD1596316259: Hold'em No Limit ($0.02/$0.05) - 2024/01/19 20:59:35
Table 'NLHBlue84' 6-max Seat #6 is the button
Seat 1: 2a707408 ($5.51 in chips)
Seat 3: Hero ($6.16 in chips)
Seat 5: 6e0098c3 ($8.61 in chips)
Seat 6: 35a9d656 ($5.16 in chips)
2a707408: posts small blind $0.02
Hero: posts big blind $0.05
*** HOLE CARDS ***
Dealt to 2a707408 
Dealt to Hero [5h Ac]
Dealt to 6e0098c3 
Dealt to 35a9d656 
6e0098c3: folds
35a9d656: folds
2a707408: raises $0.08 to $0.13
Hero: calls $0.08
*** FLOP *** [Td 4h 8s]
2a707408: bets $0.13
Hero: folds
Uncalled bet ($0.13) returned to 2a707408
*** SHOWDOWN ***
2a707408 collected $0.25 from pot
*** SUMMARY ***
Total pot $0.26 | Rake $0.01 | Jackpot $0 | Bingo $0 | Fortune $0 | Tax $0
Board [Td 4h 8s]
Seat 1: 2a707408 (small blind) won ($0.25)
Seat 3: Hero (big blind) folded on the Flop
Seat 5: 6e0098c3 folded before Flop (didn't bet)
Seat 6: 35a9d656 (button) folded before Flop (didn't bet)


Poker Hand #HD1596316194: Hold'em No Limit ($0.02/$0.05) - 2024/01/19 20:59:04
Table 'NLHBlue84' 6-max Seat #5 is the button
Seat 1: 2a707408 ($5.56 in chips)
Seat 2: 1b41160c ($3.39 in chips)
Seat 3: Hero ($6.28 in chips)
Seat 5: 6e0098c3 ($8.61 in chips)
Seat 6: 35a9d656 ($5 in chips)
35a9d656: posts small blind $0.02
2a707408: posts big blind $0.05
*** HOLE CARDS ***
Dealt to 2a707408 
Dealt to 1b41160c 
Dealt to Hero [Qd 8d]
Dealt to 6e0098c3 
Dealt to 35a9d656 
1b41160c: folds
Hero: raises $0.07 to $0.12
6e0098c3: folds
35a9d656: raises $0.38 to $0.5
2a707408: folds
Hero: folds
Uncalled bet ($0.38) returned to 35a9d656
*** SHOWDOWN ***
35a9d656 collected $0.28 from pot
*** SUMMARY ***
Total pot $0.29 | Rake $0.01 | Jackpot $0 | Bingo $0 | Fortune $0 | Tax $0
Seat 1: 2a707408 (big blind) folded before Flop
Seat 2: 1b41160c folded before Flop (didn't bet)
Seat 3: Hero folded before Flop
Seat 5: 6e0098c3 (button) folded before Flop (didn't bet)
Seat 6: 35a9d656 (small blind) collected ($0.28)


Poker Hand #HD1596316059: Hold'em No Limit ($0.02/$0.05) - 2024/01/19 20:58:01
Table 'NLHBlue84' 6-max Seat #3 is the button
Seat 1: 2a707408 ($5.56 in chips)
Seat 2: 1b41160c ($3.25 in chips)
Seat 3: Hero ($6.28 in chips)
Seat 4: ec544661 ($2.19 in chips)
Seat 5: 6e0098c3 ($8.74 in chips)
Seat 6: 35a9d656 ($5 in chips)
ec544661: posts small blind $0.02
6e0098c3: posts big blind $0.05
*** HOLE CARDS ***
Dealt to 2a707408 
Dealt to 1b41160c 
Dealt to Hero [Kh 6s]
Dealt to ec544661 
Dealt to 6e0098c3 
Dealt to 35a9d656 
35a9d656: folds
2a707408: folds
1b41160c: raises $0.08 to $0.13
Hero: folds
ec544661: folds
6e0098c3: calls $0.08
*** FLOP *** [3s 7h Qh]
6e0098c3: checks
1b41160c: checks
*** TURN *** [3s 7h Qh] [7d]
6e0098c3: checks
1b41160c: checks
*** RIVER *** [3s 7h Qh 7d] [9d]
6e0098c3: checks
1b41160c: checks
1b41160c: shows [Js Ac] (Pair of Sevens)
6e0098c3: shows [Jh Ks] (Pair of Sevens)
*** SHOWDOWN ***
1b41160c collected $0.27 from pot
*** SUMMARY ***
Total pot $0.28 | Rake $0.01 | Jackpot $0 | Bingo $0 | Fortune $0 | Tax $0
Board [3s 7h Qh 7d 9d]
Seat 1: 2a707408 folded before Flop (didn't bet)
Seat 2: 1b41160c showed [Js Ac] and won ($0.27) with Pair of Sevens
Seat 3: Hero (button) folded before Flop (didn't bet)
Seat 4: ec544661 (small blind) folded before Flop
Seat 5: 6e0098c3 (big blind) showed [Jh Ks] and lost with Pair of Sevens
Seat 6: 35a9d656 folded before Flop (didn't bet)


Poker Hand #HD1596315923: Hold'em No Limit ($0.02/$0.05) - 2024/01/19 20:56:51
Table 'NLHBlue84' 6-max Seat #2 is the button
Seat 1: 2a707408 ($5.56 in chips)
Seat 2: 1b41160c ($3.4 in chips)
Seat 3: Hero ($6.3 in chips)
Seat 4: ec544661 ($3.45 in chips)
Seat 5: 6e0098c3 ($7.49 in chips)
Seat 6: 35a9d656 ($5 in chips)
Hero: posts small blind $0.02
ec544661: posts big blind $0.05
*** HOLE CARDS ***
Dealt to 2a707408 
Dealt to 1b41160c 
Dealt to Hero [4d 2d]
Dealt to ec544661 
Dealt to 6e0098c3 
Dealt to 35a9d656 
6e0098c3: raises $0.1 to $0.15
35a9d656: folds
2a707408: folds
1b41160c: calls $0.15
Hero: folds
ec544661: calls $0.1
*** FLOP *** [Kd Js 8h]
ec544661: checks
6e0098c3: checks
1b41160c: checks
*** TURN *** [Kd Js 8h] [Th]
ec544661: bets $0.15
6e0098c3: calls $0.15
1b41160c: folds
*** RIVER *** [Kd Js 8h Th] [2c]
ec544661: bets $0.15
6e0098c3: raises $0.81 to $0.96
ec544661: calls $0.81
6e0098c3: shows [Ad Qs] (Aces-High Straight)
ec544661: shows [Jd Jc] (Three Jacks)
*** SHOWDOWN ***
6e0098c3 collected $2.51 from pot
*** SUMMARY ***
Total pot $2.69 | Rake $0.13 | Jackpot $0.05 | Bingo $0 | Fortune $0 | Tax $0
Board [Kd Js 8h Th 2c]
Seat 1: 2a707408 folded before Flop (didn't bet)
Seat 2: 1b41160c (button) folded on the Turn
Seat 3: Hero (small blind) folded before Flop
Seat 4: ec544661 (big blind) showed [Jd Jc] and lost with Three Jacks
Seat 5: 6e0098c3 showed [Ad Qs] and won ($2.51) with Aces-High Straight
Seat 6: 35a9d656 folded before Flop (didn't bet)


Poker Hand #HD1596315801: Hold'em No Limit ($0.02/$0.05) - 2024/01/19 20:55:48
Table 'NLHBlue84' 6-max Seat #1 is the button
Seat 1: 2a707408 ($5.15 in chips)
Seat 2: 1b41160c ($3.42 in chips)
Seat 3: Hero ($6.35 in chips)
Seat 4: ec544661 ($3.45 in chips)
Seat 5: 6e0098c3 ($7.49 in chips)
Seat 6: 35a9d656 ($5 in chips)
1b41160c: posts small blind $0.02
Hero: posts big blind $0.05
*** HOLE CARDS ***
Dealt to 2a707408 
Dealt to 1b41160c 
Dealt to Hero [Td 8h]
Dealt to ec544661 
Dealt to 6e0098c3 
Dealt to 35a9d656 
ec544661: folds
6e0098c3: folds
35a9d656: raises $0.08 to $0.13
2a707408: raises $0.25 to $0.38
1b41160c: folds
Hero: folds
35a9d656: calls $0.25
*** FLOP *** [Ts 7d 6d]
35a9d656: checks
2a707408: bets $0.42
35a9d656: folds
Uncalled bet ($0.42) returned to 2a707408
*** SHOWDOWN ***
2a707408 collected $0.79 from pot
*** SUMMARY ***
Total pot $0.83 | Rake $0.04 | Jackpot $0 | Bingo $0 | Fortune $0 | Tax $0
Board [Ts 7d 6d]
Seat 1: 2a707408 (button) won ($0.79)
Seat 2: 1b41160c (small blind) folded before Flop
Seat 3: Hero (big blind) folded before Flop
Seat 4: ec544661 folded before Flop (didn't bet)
Seat 5: 6e0098c3 folded before Flop (didn't bet)
Seat 6: 35a9d656 folded on the Flop


Poker Hand #HD1596315731: Hold'em No Limit ($0.02/$0.05) - 2024/01/19 20:55:15
Table 'NLHBlue84' 6-max Seat #6 is the button
Seat 1: 2a707408 ($5.3 in chips)
Seat 2: 1b41160c ($3.28 in chips)
Seat 3: Hero ($6.35 in chips)
Seat 4: ec544661 ($3.45 in chips)
Seat 5: 6e0098c3 ($7.49 in chips)
Seat 6: 35a9d656 ($5 in chips)
2a707408: posts small blind $0.02
1b41160c: posts big blind $0.05
*** HOLE CARDS ***
Dealt to 2a707408 
Dealt to 1b41160c 
Dealt to Hero [8d 6d]
Dealt to ec544661 
Dealt to 6e0098c3 
Dealt to 35a9d656 
Hero: folds
ec544661: folds
6e0098c3: folds
35a9d656: folds
2a707408: raises $0.1 to $0.15
1b41160c: raises $0.23 to $0.38
2a707408: folds
Uncalled bet ($0.23) returned to 1b41160c
*** SHOWDOWN ***
1b41160c collected $0.29 from pot
*** SUMMARY ***
Total pot $0.3 | Rake $0.01 | Jackpot $0 | Bingo $0 | Fortune $0 | Tax $0
Seat 1: 2a707408 (small blind) folded before Flop
Seat 2: 1b41160c (big blind) collected ($0.29)
Seat 3: Hero folded before Flop (didn't bet)
Seat 4: ec544661 folded before Flop (didn't bet)
Seat 5: 6e0098c3 folded before Flop (didn't bet)
Seat 6: 35a9d656 (button) folded before Flop (didn't bet)


Poker Hand #HD1596315688: Hold'em No Limit ($0.02/$0.05) - 2024/01/19 20:54:55
Table 'NLHBlue84' 6-max Seat #5 is the button
Seat 1: 2a707408 ($5.28 in chips)
Seat 2: 1b41160c ($3.28 in chips)
Seat 3: Hero ($6.35 in chips)
Seat 4: ec544661 ($3.45 in chips)
Seat 5: 6e0098c3 ($7.49 in chips)
Seat 6: 35a9d656 ($5 in chips)
35a9d656: posts small blind $0.02
2a707408: posts big blind $0.05
*** HOLE CARDS ***
Dealt to 2a707408 
Dealt to 1b41160c 
Dealt to Hero [Kc 6c]
Dealt to ec544661 
Dealt to 6e0098c3 
Dealt to 35a9d656 
1b41160c: folds
Hero: folds
ec544661: folds
6e0098c3: folds
35a9d656: folds
Uncalled bet ($0.03) returned to 2a707408
*** SHOWDOWN ***
2a707408 collected $0.04 from pot
*** SUMMARY ***
Total pot $0.04 | Rake $0 | Jackpot $0 | Bingo $0 | Fortune $0 | Tax $0
Seat 1: 2a707408 (big blind) collected ($0.04)
Seat 2: 1b41160c folded before Flop (didn't bet)
Seat 3: Hero folded before Flop (didn't bet)
Seat 4: ec544661 folded before Flop (didn't bet)
Seat 5: 6e0098c3 (button) folded before Flop (didn't bet)
Seat 6: 35a9d656 (small blind) folded before Flop


Poker Hand #HD1596215564: Hold'em No Limit ($0.02/$0.05) - 2024/01/19 20:53:57
Table 'NLHBlue84' 6-max Seat #4 is the button
Seat 1: 2a707408 ($5.28 in chips)
Seat 2: 1b41160c ($3.28 in chips)
Seat 3: Hero ($6.35 in chips)
Seat 4: ec544661 ($3.45 in chips)
Seat 5: 6e0098c3 ($7.26 in chips)
Seat 6: 35a9d656 ($5 in chips)
6e0098c3: posts small blind $0.02
35a9d656: posts big blind $0.05
*** HOLE CARDS ***
Dealt to 2a707408 
Dealt to 1b41160c 
Dealt to Hero [Ks 2c]
Dealt to ec544661 
Dealt to 6e0098c3 
Dealt to 35a9d656 
2a707408: folds
1b41160c: folds
Hero: folds
ec544661: folds
6e0098c3: calls $0.03
35a9d656: checks
*** FLOP *** [Jd 9s Kc]
6e0098c3: checks
35a9d656: bets $0.05
6e0098c3: calls $0.05
*** TURN *** [Jd 9s Kc] [Qd]
6e0098c3: checks
35a9d656: checks
*** RIVER *** [Jd 9s Kc Qd] [6h]
6e0098c3: bets $0.15
35a9d656: calls $0.15
6e0098c3: shows [Ah Tc] (Aces-High Straight)
35a9d656: shows [9d Jh] (Pair of Jacks and Pair of Nines)
*** SHOWDOWN ***
6e0098c3 collected $0.48 from pot
*** SUMMARY ***
Total pot $0.5 | Rake $0.02 | Jackpot $0 | Bingo $0 | Fortune $0 | Tax $0
Board [Jd 9s Kc Qd 6h]
Seat 1: 2a707408 folded before Flop (didn't bet)
Seat 2: 1b41160c folded before Flop (didn't bet)
Seat 3: Hero folded before Flop (didn't bet)
Seat 4: ec544661 (button) folded before Flop (didn't bet)
Seat 5: 6e0098c3 (small blind) showed [Ah Tc] and won ($0.48) with Aces-High Straight
Seat 6: 35a9d656 (big blind) showed [9d Jh] and lost with Pair of Jacks and Pair of Nines


Poker Hand #HD1596215527: Hold'em No Limit ($0.02/$0.05) - 2024/01/19 20:53:38
Table 'NLHBlue84' 6-max Seat #3 is the button
Seat 1: 2a707408 ($5.28 in chips)
Seat 2: 1b41160c ($3.21 in chips)
Seat 3: Hero ($6.35 in chips)
Seat 4: ec544661 ($3.47 in chips)
Seat 5: 6e0098c3 ($7.31 in chips)
Seat 6: 35a9d656 ($5 in chips)
ec544661: posts small blind $0.02
6e0098c3: posts big blind $0.05
*** HOLE CARDS ***
Dealt to 2a707408 
Dealt to 1b41160c 
Dealt to Hero [6d 8d]
Dealt to ec544661 
Dealt to 6e0098c3 
Dealt to 35a9d656 
35a9d656: folds
2a707408: folds
1b41160c: raises $0.05 to $0.1
Hero: folds
ec544661: folds
6e0098c3: folds
Uncalled bet ($0.05) returned to 1b41160c
*** SHOWDOWN ***
1b41160c collected $0.12 from pot
*** SUMMARY ***
Total pot $0.12 | Rake $0 | Jackpot $0 | Bingo $0 | Fortune $0 | Tax $0
Seat 1: 2a707408 folded before Flop (didn't bet)
Seat 2: 1b41160c collected ($0.12)
Seat 3: Hero (button) folded before Flop (didn't bet)
Seat 4: ec544661 (small blind) folded before Flop
Seat 5: 6e0098c3 (big blind) folded before Flop
Seat 6: 35a9d656 folded before Flop (didn't bet)


Poker Hand #HD1596215490: Hold'em No Limit ($0.02/$0.05) - 2024/01/19 20:53:20
Table 'NLHBlue84' 6-max Seat #2 is the button
Seat 1: 2a707408 ($5.21 in chips)
Seat 2: 1b41160c ($3.21 in chips)
Seat 3: Hero ($6.37 in chips)
Seat 4: ec544661 ($3.52 in chips)
Seat 5: 6e0098c3 ($7.31 in chips)
Seat 6: 35a9d656 ($5 in chips)
Hero: posts small blind $0.02
ec544661: posts big blind $0.05
*** HOLE CARDS ***
Dealt to 2a707408 
Dealt to 1b41160c 
Dealt to Hero [Jc 4h]
Dealt to ec544661 
Dealt to 6e0098c3 
Dealt to 35a9d656 
6e0098c3: folds
35a9d656: folds
2a707408: raises $0.1 to $0.15
1b41160c: folds
Hero: folds
ec544661: folds
Uncalled bet ($0.1) returned to 2a707408
*** SHOWDOWN ***
2a707408 collected $0.12 from pot
*** SUMMARY ***
Total pot $0.12 | Rake $0 | Jackpot $0 | Bingo $0 | Fortune $0 | Tax $0
Seat 1: 2a707408 collected ($0.12)
Seat 2: 1b41160c (button) folded before Flop (didn't bet)
Seat 3: Hero (small blind) folded before Flop
Seat 4: ec544661 (big blind) folded before Flop
Seat 5: 6e0098c3 folded before Flop (didn't bet)
Seat 6: 35a9d656 folded before Flop (didn't bet)


Poker Hand #HD1596215382: Hold'em No Limit ($0.02/$0.05) - 2024/01/19 20:52:26
Table 'NLHBlue84' 6-max Seat #1 is the button
Seat 1: 2a707408 ($5.21 in chips)
Seat 2: 1b41160c ($3.26 in chips)
Seat 3: Hero ($6.27 in chips)
Seat 4: ec544661 ($3.57 in chips)
Seat 5: 6e0098c3 ($7.31 in chips)
Seat 6: 35a9d656 ($5 in chips)
1b41160c: posts small blind $0.02
Hero: posts big blind $0.05
*** HOLE CARDS ***
Dealt to 2a707408 
Dealt to 1b41160c 
Dealt to Hero [5d 7s]
Dealt to ec544661 
Dealt to 6e0098c3 
Dealt to 35a9d656 
ec544661: calls $0.05
6e0098c3: folds
35a9d656: folds
2a707408: folds
1b41160c: calls $0.03
Hero: checks
*** FLOP *** [7c 8c Qd]
1b41160c: checks
Hero: checks
ec544661: checks
*** TURN *** [7c 8c Qd] [2d]
1b41160c: checks
Hero: checks
ec544661: checks
*** RIVER *** [7c 8c Qd 2d] [Jh]
1b41160c: checks
Hero: checks
ec544661: checks
1b41160c: shows [4d As] (Ace-High)
Hero: shows [5d 7s] (Pair of Sevens)
ec544661: shows [Td Ad] (Ace-High)
*** SHOWDOWN ***
Hero collected $0.15 from pot
*** SUMMARY ***
Total pot $0.15 | Rake $0 | Jackpot $0 | Bingo $0 | Fortune $0 | Tax $0
Board [7c 8c Qd 2d Jh]
Seat 1: 2a707408 (button) folded before Flop (didn't bet)
Seat 2: 1b41160c (small blind) showed [4d As] and lost with Ace-High
Seat 3: Hero (big blind) showed [5d 7s] and won ($0.15) with Pair of Sevens
Seat 4: ec544661 showed [Td Ad] and lost with Ace-High
Seat 5: 6e0098c3 folded before Flop (didn't bet)
Seat 6: 35a9d656 folded before Flop (didn't bet)


Poker Hand #HD1596215301: Hold'em No Limit ($0.02/$0.05) - 2024/01/19 20:51:53
Table 'NLHBlue84' 6-max Seat #6 is the button
Seat 1: 2a707408 ($5.02 in chips)
Seat 2: 1b41160c ($3.31 in chips)
Seat 3: Hero ($6.27 in chips)
Seat 4: ec544661 ($3.57 in chips)
Seat 5: 6e0098c3 ($7.46 in chips)
Seat 6: 35a9d656 ($5 in chips)
2a707408: posts small blind $0.02
1b41160c: posts big blind $0.05
*** HOLE CARDS ***
Dealt to 2a707408 
Dealt to 1b41160c 
Dealt to Hero [7c 8d]
Dealt to ec544661 
Dealt to 6e0098c3 
Dealt to 35a9d656 
Hero: folds
ec544661: folds
6e0098c3: raises $0.1 to $0.15
35a9d656: folds
2a707408: calls $0.13
1b41160c: folds
*** FLOP *** [8c 8s 2d]
2a707408: checks
6e0098c3: checks
*** TURN *** [8c 8s 2d] [5h]
2a707408: bets $0.27
6e0098c3: folds
Uncalled bet ($0.27) returned to 2a707408
*** SHOWDOWN ***
2a707408 collected $0.34 from pot
*** SUMMARY ***
Total pot $0.35 | Rake $0.01 | Jackpot $0 | Bingo $0 | Fortune $0 | Tax $0
Board [8c 8s 2d 5h]
Seat 1: 2a707408 (small blind) won ($0.34)
Seat 2: 1b41160c (big blind) folded before Flop
Seat 3: Hero folded before Flop (didn't bet)
Seat 4: ec544661 folded before Flop (didn't bet)
Seat 5: 6e0098c3 folded on the Turn
Seat 6: 35a9d656 (button) folded before Flop (didn't bet)


Poker Hand #HD1596215281: Hold'em No Limit ($0.02/$0.05) - 2024/01/19 20:51:43
Table 'NLHBlue84' 6-max Seat #5 is the button
Seat 1: 2a707408 ($5 in chips)
Seat 2: 1b41160c ($3.31 in chips)
Seat 3: Hero ($6.27 in chips)
Seat 4: ec544661 ($3.57 in chips)
Seat 5: 6e0098c3 ($7.46 in chips)
Seat 6: 35a9d656 ($5.02 in chips)
35a9d656: posts small blind $0.02
2a707408: posts big blind $0.05
*** HOLE CARDS ***
Dealt to 2a707408 
Dealt to 1b41160c 
Dealt to Hero [5d Qc]
Dealt to ec544661 
Dealt to 6e0098c3 
Dealt to 35a9d656 
1b41160c: folds
Hero: folds
ec544661: folds
6e0098c3: folds
35a9d656: folds
Uncalled bet ($0.03) returned to 2a707408
*** SHOWDOWN ***
2a707408 collected $0.04 from pot
*** SUMMARY ***
Total pot $0.04 | Rake $0 | Jackpot $0 | Bingo $0 | Fortune $0 | Tax $0
Seat 1: 2a707408 (big blind) collected ($0.04)
Seat 2: 1b41160c folded before Flop (didn't bet)
Seat 3: Hero folded before Flop (didn't bet)
Seat 4: ec544661 folded before Flop (didn't bet)
Seat 5: 6e0098c3 (button) folded before Flop (didn't bet)
Seat 6: 35a9d656 (small blind) folded before Flop


Poker Hand #HD1596215244: Hold'em No Limit ($0.02/$0.05) - 2024/01/19 20:51:26
Table 'NLHBlue84' 6-max Seat #4 is the button
Seat 1: 2a707408 ($5 in chips)
Seat 2: 1b41160c ($3.31 in chips)
Seat 3: Hero ($6.27 in chips)
Seat 4: ec544661 ($3.57 in chips)
Seat 5: 6e0098c3 ($7.48 in chips)
Seat 6: 35a9d656 ($5 in chips)
6e0098c3: posts small blind $0.02
35a9d656: posts big blind $0.05
*** HOLE CARDS ***
Dealt to 2a707408 
Dealt to 1b41160c 
Dealt to Hero [Ad 5c]
Dealt to ec544661 
Dealt to 6e0098c3 
Dealt to 35a9d656 
2a707408: folds
1b41160c: folds
Hero: folds
ec544661: folds
6e0098c3: folds
Uncalled bet ($0.03) returned to 35a9d656
*** SHOWDOWN ***
35a9d656 collected $0.04 from pot
*** SUMMARY ***
Total pot $0.04 | Rake $0 | Jackpot $0 | Bingo $0 | Fortune $0 | Tax $0
Seat 1: 2a707408 folded before Flop (didn't bet)
Seat 2: 1b41160c folded before Flop (didn't bet)
Seat 3: Hero folded before Flop (didn't bet)
Seat 4: ec544661 (button) folded before Flop (didn't bet)
Seat 5: 6e0098c3 (small blind) folded before Flop
Seat 6: 35a9d656 (big blind) collected ($0.04)


Poker Hand #HD1596215231: Hold'em No Limit ($0.02/$0.05) - 2024/01/19 20:51:18
Table 'NLHBlue84' 6-max Seat #3 is the button
Seat 1: 2a707408 ($5 in chips)
Seat 2: 1b41160c ($3.31 in chips)
Seat 3: Hero ($6.27 in chips)
Seat 4: ec544661 ($3.59 in chips)
Seat 5: 6e0098c3 ($7.46 in chips)
ec544661: posts small blind $0.02
6e0098c3: posts big blind $0.05
*** HOLE CARDS ***
Dealt to 2a707408 
Dealt to 1b41160c 
Dealt to Hero [4d 2s]
Dealt to ec544661 
Dealt to 6e0098c3 
2a707408: folds
1b41160c: folds
Hero: folds
ec544661: folds
Uncalled bet ($0.03) returned to 6e0098c3
*** SHOWDOWN ***
6e0098c3 collected $0.04 from pot
*** SUMMARY ***
Total pot $0.04 | Rake $0 | Jackpot $0 | Bingo $0 | Fortune $0 | Tax $0
Seat 1: 2a707408 folded before Flop (didn't bet)
Seat 2: 1b41160c folded before Flop (didn't bet)
Seat 3: Hero (button) folded before Flop (didn't bet)
Seat 4: ec544661 (small blind) folded before Flop
Seat 5: 6e0098c3 (big blind) collected ($0.04)


Poker Hand #HD1596215125: Hold'em No Limit ($0.02/$0.05) - 2024/01/19 20:50:26
Table 'NLHBlue84' 6-max Seat #2 is the button
Seat 1: 2a707408 ($5 in chips)
Seat 2: 1b41160c ($3.66 in chips)
Seat 3: Hero ($5.83 in chips)
Seat 4: ec544661 ($3.72 in chips)
Seat 5: 6e0098c3 ($7.46 in chips)
Hero: posts small blind $0.02
ec544661: posts big blind $0.05
*** HOLE CARDS ***
Dealt to 2a707408 
Dealt to 1b41160c 
Dealt to Hero [5s 5h]
Dealt to ec544661 
Dealt to 6e0098c3 
6e0098c3: folds
2a707408: folds
1b41160c: raises $0.08 to $0.13
Hero: calls $0.11
ec544661: calls $0.08
*** FLOP *** [7d 2d 7c]
Hero: checks
ec544661: checks
1b41160c: checks
*** TURN *** [7d 2d 7c] [6d]
Hero: bets $0.22
ec544661: folds
1b41160c: calls $0.22
*** RIVER *** [7d 2d 7c 6d] [4c]
Hero: checks
1b41160c: checks
Hero: shows [5s 5h] (Pair of Sevens and Pair of Fives)
1b41160c: shows [Ad 9s] (Pair of Sevens)
*** SHOWDOWN ***
Hero collected $0.79 from pot
*** SUMMARY ***
Total pot $0.83 | Rake $0.04 | Jackpot $0 | Bingo $0 | Fortune $0 | Tax $0
Board [7d 2d 7c 6d 4c]
Seat 1: 2a707408 folded before Flop (didn't bet)
Seat 2: 1b41160c (button) showed [Ad 9s] and lost with Pair of Sevens
Seat 3: Hero (small blind) showed [5s 5h] and won ($0.79) with Pair of Sevens and Pair of Fives
Seat 4: ec544661 (big blind) folded on the Turn
Seat 5: 6e0098c3 folded before Flop (didn't bet)


Poker Hand #HD1596214977: Hold'em No Limit ($0.02/$0.05) - 2024/01/19 20:49:21
Table 'NLHBlue84' 6-max Seat #1 is the button
Seat 1: 2a707408 ($5 in chips)
Seat 2: 1b41160c ($4.55 in chips)
Seat 3: Hero ($5.88 in chips)
Seat 4: ec544661 ($3.72 in chips)
Seat 5: 6e0098c3 ($6.65 in chips)
1b41160c: posts small blind $0.02
Hero: posts big blind $0.05
*** HOLE CARDS ***
Dealt to 2a707408 
Dealt to 1b41160c 
Dealt to Hero [9s Qd]
Dealt to ec544661 
Dealt to 6e0098c3 
ec544661: folds
6e0098c3: raises $0.15 to $0.2
2a707408: folds
1b41160c: calls $0.18
Hero: folds
*** FLOP *** [As Kh 9d]
1b41160c: checks
6e0098c3: checks
*** TURN *** [As Kh 9d] [5s]
1b41160c: bets $0.23
6e0098c3: calls $0.23
*** RIVER *** [As Kh 9d 5s] [Jc]
1b41160c: checks
6e0098c3: bets $0.46
1b41160c: calls $0.46
6e0098c3: shows [Kc Kd] (Three Kings)
1b41160c: shows [5h Ah] (Pair of Aces and Pair of Fives)
*** SHOWDOWN ***
6e0098c3 collected $1.7 from pot
*** SUMMARY ***
Total pot $1.83 | Rake $0.08 | Jackpot $0.05 | Bingo $0 | Fortune $0 | Tax $0
Board [As Kh 9d 5s Jc]
Seat 1: 2a707408 (button) folded before Flop (didn't bet)
Seat 2: 1b41160c (small blind) showed [5h Ah] and lost with Pair of Aces and Pair of Fives
Seat 3: Hero (big blind) folded before Flop
Seat 4: ec544661 folded before Flop (didn't bet)
Seat 5: 6e0098c3 showed [Kc Kd] and won ($1.7) with Three Kings


Poker Hand #HD1596214884: Hold'em No Limit ($0.02/$0.05) - 2024/01/19 20:48:36
Table 'NLHBlue84' 6-max Seat #5 is the button
Seat 1: 2a707408 ($5 in chips)
Seat 2: 1b41160c ($4.78 in chips)
Seat 3: Hero ($5.88 in chips)
Seat 4: ec544661 ($3.72 in chips)
Seat 5: 6e0098c3 ($6.42 in chips)
2a707408: posts small blind $0.02
1b41160c: posts big blind $0.05
*** HOLE CARDS ***
Dealt to 2a707408 
Dealt to 1b41160c 
Dealt to Hero [6s 8c]
Dealt to ec544661 
Dealt to 6e0098c3 
Hero: folds
ec544661: folds
6e0098c3: calls $0.05
2a707408: folds
1b41160c: checks
*** FLOP *** [9h 4c As]
1b41160c: checks
6e0098c3: bets $0.06
1b41160c: calls $0.06
*** TURN *** [9h 4c As] [2c]
1b41160c: checks
6e0098c3: bets $0.12
1b41160c: calls $0.12
*** RIVER *** [9h 4c As 2c] [Jh]
1b41160c: checks
6e0098c3: bets $0.24
1b41160c: folds
Uncalled bet ($0.24) returned to 6e0098c3
*** SHOWDOWN ***
6e0098c3 collected $0.46 from pot
*** SUMMARY ***
Total pot $0.48 | Rake $0.02 | Jackpot $0 | Bingo $0 | Fortune $0 | Tax $0
Board [9h 4c As 2c Jh]
Seat 1: 2a707408 (small blind) folded before Flop
Seat 2: 1b41160c (big blind) folded on the River
Seat 3: Hero folded before Flop (didn't bet)
Seat 4: ec544661 folded before Flop (didn't bet)
Seat 5: 6e0098c3 (button) won ($0.46)


Poker Hand #HD1596214820: Hold'em No Limit ($0.02/$0.05) - 2024/01/19 20:48:04
Table 'NLHBlue84' 6-max Seat #4 is the button
Seat 1: 2a707408 ($5 in chips)
Seat 2: 1b41160c ($4.88 in chips)
Seat 3: Hero ($7 in chips)
Seat 4: ec544661 ($3.72 in chips)
Seat 5: 6e0098c3 ($5.31 in chips)
6e0098c3: posts small blind $0.02
2a707408: posts big blind $0.05
*** HOLE CARDS ***
Dealt to 2a707408 
Dealt to 1b41160c 
Dealt to Hero [As Js]
Dealt to ec544661 
Dealt to 6e0098c3 
1b41160c: raises $0.05 to $0.1
Hero: raises $0.3 to $0.4
ec544661: folds
6e0098c3: calls $0.38
2a707408: folds
1b41160c: folds
*** FLOP *** [Ac 3d 6c]
6e0098c3: bets $0.72
Hero: calls $0.72
*** TURN *** [Ac 3d 6c] [Tc]
6e0098c3: bets $1.2
Hero: folds
Uncalled bet ($1.2) returned to 6e0098c3
*** SHOWDOWN ***
6e0098c3 collected $2.23 from pot
*** SUMMARY ***
Total pot $2.39 | Rake $0.11 | Jackpot $0.05 | Bingo $0 | Fortune $0 | Tax $0
Board [Ac 3d 6c Tc]
Seat 1: 2a707408 (big blind) folded before Flop
Seat 2: 1b41160c folded before Flop
Seat 3: Hero folded on the Turn
Seat 4: ec544661 (button) folded before Flop (didn't bet)
Seat 5: 6e0098c3 (small blind) won ($2.23)


Poker Hand #HD1596214717: Hold'em No Limit ($0.02/$0.05) - 2024/01/19 20:47:17
Table 'NLHBlue84' 6-max Seat #3 is the button
Seat 1: 2a707408 ($5 in chips)
Seat 2: 1b41160c ($4.88 in chips)
Seat 3: Hero ($7 in chips)
Seat 4: ec544661 ($3.74 in chips)
Seat 5: 6e0098c3 ($5 in chips)
Seat 6: e91b50e4 ($9.81 in chips)
ec544661: posts small blind $0.02
6e0098c3: posts big blind $0.05
*** HOLE CARDS ***
Dealt to 2a707408 
Dealt to 1b41160c 
Dealt to Hero [5s 4c]
Dealt to ec544661 
Dealt to 6e0098c3 
Dealt to e91b50e4 
e91b50e4: folds
2a707408: raises $0.08 to $0.13
1b41160c: folds
Hero: folds
ec544661: folds
6e0098c3: calls $0.08
*** FLOP *** [Jh 4d 9h]
6e0098c3: checks
2a707408: bets $0.19
6e0098c3: calls $0.19
*** TURN *** [Jh 4d 9h] [Th]
6e0098c3: checks
2a707408: checks
*** RIVER *** [Jh 4d 9h Th] [Qh]
6e0098c3: bets $0.33
2a707408: folds
Uncalled bet ($0.33) returned to 6e0098c3
*** SHOWDOWN ***
6e0098c3 collected $0.63 from pot
*** SUMMARY ***
Total pot $0.66 | Rake $0.03 | Jackpot $0 | Bingo $0 | Fortune $0 | Tax $0
Board [Jh 4d 9h Th Qh]
Seat 1: 2a707408 folded on the River
Seat 2: 1b41160c folded before Flop (didn't bet)
Seat 3: Hero (button) folded before Flop (didn't bet)
Seat 4: ec544661 (small blind) folded before Flop
Seat 5: 6e0098c3 (big blind) won ($0.63)
Seat 6: e91b50e4 folded before Flop (didn't bet)


Poker Hand #HD1596214684: Hold'em No Limit ($0.02/$0.05) - 2024/01/19 20:47:01
Table 'NLHBlue84' 6-max Seat #2 is the button
Seat 1: 2a707408 ($5 in chips)
Seat 2: 1b41160c ($4.88 in chips)
Seat 3: Hero ($7.02 in chips)
Seat 4: ec544661 ($3.72 in chips)
Seat 5: 6e0098c3 ($4.42 in chips)
Seat 6: e91b50e4 ($9.81 in chips)
Hero: posts small blind $0.02
ec544661: posts big blind $0.05
*** HOLE CARDS ***
Dealt to 2a707408 
Dealt to 1b41160c 
Dealt to Hero [8c Jh]
Dealt to ec544661 
Dealt to 6e0098c3 
Dealt to e91b50e4 
6e0098c3: folds
e91b50e4: folds
2a707408: folds
1b41160c: folds
Hero: folds
Uncalled bet ($0.03) returned to ec544661
*** SHOWDOWN ***
ec544661 collected $0.04 from pot
*** SUMMARY ***
Total pot $0.04 | Rake $0 | Jackpot $0 | Bingo $0 | Fortune $0 | Tax $0
Seat 1: 2a707408 folded before Flop (didn't bet)
Seat 2: 1b41160c (button) folded before Flop (didn't bet)
Seat 3: Hero (small blind) folded before Flop
Seat 4: ec544661 (big blind) collected ($0.04)
Seat 5: 6e0098c3 folded before Flop (didn't bet)
Seat 6: e91b50e4 folded before Flop (didn't bet)


Poker Hand #HD1596214570: Hold'em No Limit ($0.02/$0.05) - 2024/01/19 20:46:01
Table 'NLHBlue84' 6-max Seat #1 is the button
Seat 1: 2a707408 ($5 in chips)
Seat 2: 1b41160c ($4.9 in chips)
Seat 3: Hero ($6.58 in chips)
Seat 5: 6e0098c3 ($4.88 in chips)
Seat 6: e91b50e4 ($9.81 in chips)
1b41160c: posts small blind $0.02
Hero: posts big blind $0.05
*** HOLE CARDS ***
Dealt to 2a707408 
Dealt to 1b41160c 
Dealt to Hero [Ah 5h]
Dealt to 6e0098c3 
Dealt to e91b50e4 
6e0098c3: calls $0.05
e91b50e4: folds
2a707408: folds
1b41160c: folds
Hero: raises $0.16 to $0.21
6e0098c3: calls $0.16
*** FLOP *** [9d 9h 7d]
Hero: checks
6e0098c3: checks
*** TURN *** [9d 9h 7d] [6h]
Hero: bets $0.25
6e0098c3: calls $0.25
*** RIVER *** [9d 9h 7d 6h] [9s]
Hero: checks
6e0098c3: checks
Hero: shows [Ah 5h] (Three Nines)
6e0098c3: shows [Jd Qd] (Three Nines)
*** SHOWDOWN ***
Hero collected $0.9 from pot
*** SUMMARY ***
Total pot $0.94 | Rake $0.04 | Jackpot $0 | Bingo $0 | Fortune $0 | Tax $0
Board [9d 9h 7d 6h 9s]
Seat 1: 2a707408 (button) folded before Flop (didn't bet)
Seat 2: 1b41160c (small blind) folded before Flop
Seat 3: Hero (big blind) showed [Ah 5h] and won ($0.9) with Three Nines
Seat 5: 6e0098c3 showed [Jd Qd] and lost with Three Nines
Seat 6: e91b50e4 folded before Flop (didn't bet)


Poker Hand #HD1596214546: Hold'em No Limit ($0.02/$0.05) - 2024/01/19 20:45:50
Table 'NLHBlue84' 6-max Seat #6 is the button
Seat 1: 2a707408 ($5 in chips)
Seat 2: 1b41160c ($4.88 in chips)
Seat 3: Hero ($6.58 in chips)
Seat 5: 6e0098c3 ($4.88 in chips)
Seat 6: e91b50e4 ($9.81 in chips)
2a707408: posts small blind $0.02
1b41160c: posts big blind $0.05
*** HOLE CARDS ***
Dealt to 2a707408 
Dealt to 1b41160c 
Dealt to Hero [Ah 9s]
Dealt to 6e0098c3 
Dealt to e91b50e4 
Hero: folds
6e0098c3: folds
e91b50e4: folds
2a707408: folds
Uncalled bet ($0.03) returned to 1b41160c
*** SHOWDOWN ***
1b41160c collected $0.04 from pot
*** SUMMARY ***
Total pot $0.04 | Rake $0 | Jackpot $0 | Bingo $0 | Fortune $0 | Tax $0
Seat 1: 2a707408 (small blind) folded before Flop
Seat 2: 1b41160c (big blind) collected ($0.04)
Seat 3: Hero folded before Flop (didn't bet)
Seat 5: 6e0098c3 folded before Flop (didn't bet)
Seat 6: e91b50e4 (button) folded before Flop (didn't bet)


Poker Hand #HD1596214452: Hold'em No Limit ($0.02/$0.05) - 2024/01/19 20:45:08
Table 'NLHBlue84' 6-max Seat #5 is the button
Seat 1: 2a707408 ($5 in chips)
Seat 2: 1b41160c ($4.88 in chips)
Seat 3: Hero ($6.45 in chips)
Seat 5: 6e0098c3 ($4.88 in chips)
Seat 6: e91b50e4 ($9.83 in chips)
e91b50e4: posts small blind $0.02
2a707408: posts big blind $0.05
*** HOLE CARDS ***
Dealt to 2a707408 
Dealt to 1b41160c 
Dealt to Hero [4h 4d]
Dealt to 6e0098c3 
Dealt to e91b50e4 
1b41160c: folds
Hero: raises $0.07 to $0.12
6e0098c3: folds
e91b50e4: folds
2a707408: calls $0.07
*** FLOP *** [Qh 6s Ks]
2a707408: checks
Hero: checks
*** TURN *** [Qh 6s Ks] [9d]
2a707408: checks
Hero: checks
*** RIVER *** [Qh 6s Ks 9d] [As]
2a707408: checks
Hero: checks
2a707408: shows [2d 2h] (Pair of Twos)
Hero: shows [4h 4d] (Pair of Fours)
*** SHOWDOWN ***
Hero collected $0.25 from pot
*** SUMMARY ***
Total pot $0.26 | Rake $0.01 | Jackpot $0 | Bingo $0 | Fortune $0 | Tax $0
Board [Qh 6s Ks 9d As]
Seat 1: 2a707408 (big blind) showed [2d 2h] and lost with Pair of Twos
Seat 2: 1b41160c folded before Flop (didn't bet)
Seat 3: Hero showed [4h 4d] and won ($0.25) with Pair of Fours
Seat 5: 6e0098c3 (button) folded before Flop (didn't bet)
Seat 6: e91b50e4 (small blind) folded before Flop


Poker Hand #HD1596214410: Hold'em No Limit ($0.02/$0.05) - 2024/01/19 20:44:48
Table 'NLHBlue84' 6-max Seat #3 is the button
Seat 1: 2a707408 ($5 in chips)
Seat 2: 1b41160c ($4.88 in chips)
Seat 3: Hero ($6.24 in chips)
Seat 4: ec544661 ($3.74 in chips)
Seat 5: 6e0098c3 ($4.93 in chips)
Seat 6: e91b50e4 ($9.83 in chips)
ec544661: posts small blind $0.02
6e0098c3: posts big blind $0.05
*** HOLE CARDS ***
Dealt to 2a707408 
Dealt to 1b41160c 
Dealt to Hero [Qc Qs]
Dealt to ec544661 
Dealt to 6e0098c3 
Dealt to e91b50e4 
e91b50e4: folds
2a707408: raises $0.1 to $0.15
1b41160c: folds
Hero: raises $0.45 to $0.6
ec544661: folds
6e0098c3: folds
2a707408: folds
Uncalled bet ($0.45) returned to Hero
*** SHOWDOWN ***
Hero collected $0.36 from pot
*** SUMMARY ***
Total pot $0.37 | Rake $0.01 | Jackpot $0 | Bingo $0 | Fortune $0 | Tax $0
Seat 1: 2a707408 folded before Flop
Seat 2: 1b41160c folded before Flop (didn't bet)
Seat 3: Hero (button) collected ($0.36)
Seat 4: ec544661 (small blind) folded before Flop
Seat 5: 6e0098c3 (big blind) folded before Flop
Seat 6: e91b50e4 folded before Flop (didn't bet)


Poker Hand #HD1596214353: Hold'em No Limit ($0.02/$0.05) - 2024/01/19 20:44:16
Table 'NLHBlue84' 6-max Seat #2 is the button
Seat 1: 2a707408 ($5.12 in chips)
Seat 2: 1b41160c ($4.88 in chips)
Seat 3: Hero ($5.91 in chips)
Seat 4: ec544661 ($3.79 in chips)
Seat 5: 6e0098c3 ($4.93 in chips)
Seat 6: e91b50e4 ($9.98 in chips)
Hero: posts small blind $0.02
ec544661: posts big blind $0.05
*** HOLE CARDS ***
Dealt to 2a707408 
Dealt to 1b41160c 
Dealt to Hero [Kh Ad]
Dealt to ec544661 
Dealt to 6e0098c3 
Dealt to e91b50e4 
6e0098c3: folds
e91b50e4: raises $0.1 to $0.15
2a707408: calls $0.15
1b41160c: folds
Hero: raises $0.65 to $0.8
ec544661: folds
e91b50e4: folds
2a707408: folds
Uncalled bet ($0.65) returned to Hero
*** SHOWDOWN ***
Hero collected $0.48 from pot
*** SUMMARY ***
Total pot $0.5 | Rake $0.02 | Jackpot $0 | Bingo $0 | Fortune $0 | Tax $0
Seat 1: 2a707408 folded before Flop
Seat 2: 1b41160c (button) folded before Flop (didn't bet)
Seat 3: Hero (small blind) collected ($0.48)
Seat 4: ec544661 (big blind) folded before Flop
Seat 5: 6e0098c3 folded before Flop (didn't bet)
Seat 6: e91b50e4 folded before Flop


Poker Hand #HD1596214288: Hold'em No Limit ($0.02/$0.05) - 2024/01/19 20:43:45
Table 'NLHBlue84' 6-max Seat #1 is the button
Seat 1: 2a707408 ($5 in chips)
Seat 2: 1b41160c ($4.9 in chips)
Seat 3: Hero ($5.96 in chips)
Seat 4: ec544661 ($3.84 in chips)
Seat 5: 6e0098c3 ($4.93 in chips)
Seat 6: e91b50e4 ($9.98 in chips)
1b41160c: posts small blind $0.02
Hero: posts big blind $0.05
*** HOLE CARDS ***
Dealt to 2a707408 
Dealt to 1b41160c 
Dealt to Hero [Ah 8d]
Dealt to ec544661 
Dealt to 6e0098c3 
Dealt to e91b50e4 
ec544661: calls $0.05
6e0098c3: folds
e91b50e4: folds
2a707408: raises $0.13 to $0.18
1b41160c: folds
Hero: folds
ec544661: folds
Uncalled bet ($0.13) returned to 2a707408
*** SHOWDOWN ***
2a707408 collected $0.17 from pot
*** SUMMARY ***
Total pot $0.17 | Rake $0 | Jackpot $0 | Bingo $0 | Fortune $0 | Tax $0
Seat 1: 2a707408 (button) collected ($0.17)
Seat 2: 1b41160c (small blind) folded before Flop
Seat 3: Hero (big blind) folded before Flop
Seat 4: ec544661 folded before Flop
Seat 5: 6e0098c3 folded before Flop (didn't bet)
Seat 6: e91b50e4 folded before Flop (didn't bet)


Poker Hand #HD1596214259: Hold'em No Limit ($0.02/$0.05) - 2024/01/19 20:43:31
Table 'NLHBlue84' 6-max Seat #6 is the button
Seat 1: 2a707408 ($5 in chips)
Seat 2: 1b41160c ($4.86 in chips)
Seat 3: Hero ($5.96 in chips)
Seat 4: ec544661 ($3.84 in chips)
Seat 5: 6e0098c3 ($4.95 in chips)
Seat 6: e91b50e4 ($9.98 in chips)
2a707408: posts small blind $0.02
1b41160c: posts big blind $0.05
6e0098c3: posts missed blind $0.02
*** HOLE CARDS ***
Dealt to 2a707408 
Dealt to 1b41160c 
Dealt to Hero [3d Qs]
Dealt to ec544661 
Dealt to 6e0098c3 
Dealt to e91b50e4 
Hero: folds
ec544661: folds
6e0098c3: folds
e91b50e4: folds
2a707408: folds
Uncalled bet ($0.03) returned to 1b41160c
*** SHOWDOWN ***
1b41160c collected $0.06 from pot
*** SUMMARY ***
Total pot $0.06 | Rake $0 | Jackpot $0 | Bingo $0 | Fortune $0 | Tax $0
Seat 1: 2a707408 (small blind) folded before Flop
Seat 2: 1b41160c (big blind) collected ($0.06)
Seat 3: Hero folded before Flop (didn't bet)
Seat 4: ec544661 folded before Flop (didn't bet)
Seat 5: 6e0098c3 folded before Flop
Seat 6: e91b50e4 (button) folded before Flop (didn't bet)


Poker Hand #HD1596214233: Hold'em No Limit ($0.02/$0.05) - 2024/01/19 20:43:19
Table 'NLHBlue84' 6-max Seat #4 is the button
Seat 1: 2a707408 ($5 in chips)
Seat 2: 1b41160c ($4.86 in chips)
Seat 3: Hero ($5.96 in chips)
Seat 4: ec544661 ($3.84 in chips)
Seat 6: e91b50e4 ($9.93 in chips)
e91b50e4: posts small blind $0.02
2a707408: posts big blind $0.05
*** HOLE CARDS ***
Dealt to 2a707408 
Dealt to 1b41160c 
Dealt to Hero [2c 7d]
Dealt to ec544661 
Dealt to e91b50e4 
1b41160c: folds
Hero: folds
ec544661: folds
e91b50e4: raises $0.1 to $0.15
2a707408: folds
Uncalled bet ($0.1) returned to e91b50e4
*** SHOWDOWN ***
e91b50e4 collected $0.1 from pot
*** SUMMARY ***
Total pot $0.1 | Rake $0 | Jackpot $0 | Bingo $0 | Fortune $0 | Tax $0
Seat 1: 2a707408 (big blind) folded before Flop
Seat 2: 1b41160c folded before Flop (didn't bet)
Seat 3: Hero folded before Flop (didn't bet)
Seat 4: ec544661 (button) folded before Flop (didn't bet)
Seat 6: e91b50e4 (small blind) collected ($0.1)


Poker Hand #HD1596214168: Hold'em No Limit ($0.02/$0.05) - 2024/01/19 20:42:44
Table 'NLHBlue84' 6-max Seat #3 is the button
Seat 1: 2a707408 ($5 in chips)
Seat 2: 1b41160c ($4.86 in chips)
Seat 3: Hero ($5.96 in chips)
Seat 4: ec544661 ($3.79 in chips)
Seat 5: 6e0098c3 ($5 in chips)
Seat 6: e91b50e4 ($9.93 in chips)
ec544661: posts small blind $0.02
6e0098c3: posts big blind $0.05
*** HOLE CARDS ***
Dealt to 2a707408 
Dealt to 1b41160c 
Dealt to Hero [6c 9h]
Dealt to ec544661 
Dealt to 6e0098c3 
Dealt to e91b50e4 
e91b50e4: folds
2a707408: folds
1b41160c: folds
Hero: folds
ec544661: calls $0.03
6e0098c3: checks
*** FLOP *** [8h 5h 4h]
ec544661: bets $0.05
6e0098c3: folds
Uncalled bet ($0.05) returned to ec544661
*** SHOWDOWN ***
ec544661 collected $0.1 from pot
*** SUMMARY ***
Total pot $0.1 | Rake $0 | Jackpot $0 | Bingo $0 | Fortune $0 | Tax $0
Board [8h 5h 4h]
Seat 1: 2a707408 folded before Flop (didn't bet)
Seat 2: 1b41160c folded before Flop (didn't bet)
Seat 3: Hero (button) folded before Flop (didn't bet)
Seat 4: ec544661 (small blind) won ($0.1)
Seat 5: 6e0098c3 (big blind) folded on the Flop
Seat 6: e91b50e4 folded before Flop (didn't bet)


Poker Hand #HD1596214144: Hold'em No Limit ($0.02/$0.05) - 2024/01/19 20:42:32
Table 'NLHBlue84' 6-max Seat #2 is the button
Seat 1: 2a707408 ($5 in chips)
Seat 2: 1b41160c ($4.86 in chips)
Seat 3: Hero ($5.91 in chips)
Seat 4: ec544661 ($3.84 in chips)
Seat 6: e91b50e4 ($9.93 in chips)
Hero: posts small blind $0.02
ec544661: posts big blind $0.05
*** HOLE CARDS ***
Dealt to 2a707408 
Dealt to 1b41160c 
Dealt to Hero [Qd 5d]
Dealt to ec544661 
Dealt to e91b50e4 
e91b50e4: folds
2a707408: folds
1b41160c: folds
Hero: raises $0.09 to $0.14
ec544661: folds
Uncalled bet ($0.09) returned to Hero
*** SHOWDOWN ***
Hero collected $0.1 from pot
*** SUMMARY ***
Total pot $0.1 | Rake $0 | Jackpot $0 | Bingo $0 | Fortune $0 | Tax $0
Seat 1: 2a707408 folded before Flop (didn't bet)
Seat 2: 1b41160c (button) folded before Flop (didn't bet)
Seat 3: Hero (small blind) collected ($0.1)
Seat 4: ec544661 (big blind) folded before Flop
Seat 6: e91b50e4 folded before Flop (didn't bet)


Poker Hand #HD1596214121: Hold'em No Limit ($0.02/$0.05) - 2024/01/19 20:42:22
Table 'NLHBlue84' 6-max Seat #1 is the button
Seat 1: 2a707408 ($5 in chips)
Seat 2: 1b41160c ($4.88 in chips)
Seat 3: Hero ($5.89 in chips)
Seat 4: ec544661 ($3.84 in chips)
Seat 6: e91b50e4 ($9.93 in chips)
1b41160c: posts small blind $0.02
Hero: posts big blind $0.05
*** HOLE CARDS ***
Dealt to 2a707408 
Dealt to 1b41160c 
Dealt to Hero [5h Jh]
Dealt to ec544661 
Dealt to e91b50e4 
ec544661: folds
e91b50e4: folds
2a707408: folds
1b41160c: folds
Uncalled bet ($0.03) returned to Hero
*** SHOWDOWN ***
Hero collected $0.04 from pot
*** SUMMARY ***
Total pot $0.04 | Rake $0 | Jackpot $0 | Bingo $0 | Fortune $0 | Tax $0
Seat 1: 2a707408 (button) folded before Flop (didn't bet)
Seat 2: 1b41160c (small blind) folded before Flop
Seat 3: Hero (big blind) collected ($0.04)
Seat 4: ec544661 folded before Flop (didn't bet)
Seat 6: e91b50e4 folded before Flop (didn't bet)


Poker Hand #HD1596214075: Hold'em No Limit ($0.02/$0.05) - 2024/01/19 20:41:57
Table 'NLHBlue84' 6-max Seat #6 is the button
Seat 1: 2a707408 ($5.25 in chips)
Seat 2: 1b41160c ($4.93 in chips)
Seat 3: Hero ($5.53 in chips)
Seat 4: ec544661 ($3.84 in chips)
Seat 6: e91b50e4 ($9.93 in chips)
2a707408: posts small blind $0.02
1b41160c: posts big blind $0.05
*** HOLE CARDS ***
Dealt to 2a707408 
Dealt to 1b41160c 
Dealt to Hero [Ks Kd]
Dealt to ec544661 
Dealt to e91b50e4 
Hero: raises $0.07 to $0.12
ec544661: folds
e91b50e4: folds
2a707408: raises $0.22 to $0.34
1b41160c: folds
Hero: raises $0.58 to $0.92
2a707408: folds
Uncalled bet ($0.58) returned to Hero
*** SHOWDOWN ***
Hero collected $0.7 from pot
*** SUMMARY ***
Total pot $0.73 | Rake $0.03 | Jackpot $0 | Bingo $0 | Fortune $0 | Tax $0
Seat 1: 2a707408 (small blind) folded before Flop
Seat 2: 1b41160c (big blind) folded before Flop
Seat 3: Hero collected ($0.7)
Seat 4: ec544661 folded before Flop (didn't bet)
Seat 6: e91b50e4 (button) folded before Flop (didn't bet)


Poker Hand #HD1596214005: Hold'em No Limit ($0.02/$0.05) - 2024/01/19 20:41:19
Table 'NLHBlue84' 6-max Seat #4 is the button
Seat 1: 2a707408 ($5.25 in chips)
Seat 2: 1b41160c ($4.93 in chips)
Seat 3: Hero ($5.53 in chips)
Seat 4: ec544661 ($3.84 in chips)
Seat 5: 9e889a9 ($0.42 in chips)
Seat 6: e91b50e4 ($9.55 in chips)
9e889a9: posts small blind $0.02
e91b50e4: posts big blind $0.05
*** HOLE CARDS ***
Dealt to 2a707408 
Dealt to 1b41160c 
Dealt to Hero [9d 2h]
Dealt to ec544661 
Dealt to 9e889a9 
Dealt to e91b50e4 
2a707408: folds
1b41160c: folds
Hero: folds
ec544661: folds
9e889a9: calls $0.03
e91b50e4: raises $3.7 to $3.75
9e889a9: calls $0.37 and is all-in
Uncalled bet ($3.33) returned to e91b50e4
e91b50e4: shows [Js Ad]
9e889a9: shows [4c 8c]
*** FLOP *** [Qd 3d Tc]
*** TURN *** [Qd 3d Tc] [2c]
*** RIVER *** [Qd 3d Tc 2c] [9h]
*** SHOWDOWN ***
e91b50e4 collected $0.8 from pot
*** SUMMARY ***
Total pot $0.84 | Rake $0.04 | Jackpot $0 | Bingo $0 | Fortune $0 | Tax $0
Board [Qd 3d Tc 2c 9h]
Seat 1: 2a707408 folded before Flop (didn't bet)
Seat 2: 1b41160c folded before Flop (didn't bet)
Seat 3: Hero folded before Flop (didn't bet)
Seat 4: ec544661 (button) folded before Flop (didn't bet)
Seat 5: 9e889a9 (small blind) showed [4c 8c] and lost with Queen-High
Seat 6: e91b50e4 (big blind) showed [Js Ad] and won ($0.8) with Ace-High


Poker Hand #HD1596213982: Hold'em No Limit ($0.02/$0.05) - 2024/01/19 20:41:09
Table 'NLHBlue84' 6-max Seat #3 is the button
Seat 1: 2a707408 ($5.25 in chips)
Seat 2: 1b41160c ($4.93 in chips)
Seat 3: Hero ($5.53 in chips)
Seat 4: ec544661 ($3.86 in chips)
Seat 5: 9e889a9 ($0.4 in chips)
Seat 6: e91b50e4 ($9.55 in chips)
ec544661: posts small blind $0.02
9e889a9: posts big blind $0.05
*** HOLE CARDS ***
Dealt to 2a707408 
Dealt to 1b41160c 
Dealt to Hero [2h Jh]
Dealt to ec544661 
Dealt to 9e889a9 
Dealt to e91b50e4 
e91b50e4: folds
2a707408: folds
1b41160c: folds
Hero: folds
ec544661: folds
Uncalled bet ($0.03) returned to 9e889a9
*** SHOWDOWN ***
9e889a9 collected $0.04 from pot
*** SUMMARY ***
Total pot $0.04 | Rake $0 | Jackpot $0 | Bingo $0 | Fortune $0 | Tax $0
Seat 1: 2a707408 folded before Flop (didn't bet)
Seat 2: 1b41160c folded before Flop (didn't bet)
Seat 3: Hero (button) folded before Flop (didn't bet)
Seat 4: ec544661 (small blind) folded before Flop
Seat 5: 9e889a9 (big blind) collected ($0.04)
Seat 6: e91b50e4 folded before Flop (didn't bet)


Poker Hand #HD1596213898: Hold'em No Limit ($0.02/$0.05) - 2024/01/19 20:40:23
Table 'NLHBlue84' 6-max Seat #2 is the button
Seat 1: 2a707408 ($5.25 in chips)
Seat 2: 1b41160c ($4.93 in chips)
Seat 3: Hero ($5.55 in chips)
Seat 4: ec544661 ($3.75 in chips)
Seat 5: 9e889a9 ($0.5 in chips)
Seat 6: e91b50e4 ($9.55 in chips)
Hero: posts small blind $0.02
ec544661: posts big blind $0.05
*** HOLE CARDS ***
Dealt to 2a707408 
Dealt to 1b41160c 
Dealt to Hero [3c Ts]
Dealt to ec544661 
Dealt to 9e889a9 
Dealt to e91b50e4 
9e889a9: calls $0.05
e91b50e4: folds
2a707408: folds
1b41160c: folds
Hero: folds
ec544661: checks
*** FLOP *** [9c 4d 3h]
ec544661: checks
9e889a9: checks
*** TURN *** [9c 4d 3h] [Kc]
ec544661: bets $0.05
9e889a9: calls $0.05
*** RIVER *** [9c 4d 3h Kc] [As]
ec544661: bets $0.1
9e889a9: folds
Uncalled bet ($0.1) returned to ec544661
*** SHOWDOWN ***
ec544661 collected $0.21 from pot
*** SUMMARY ***
Total pot $0.22 | Rake $0.01 | Jackpot $0 | Bingo $0 | Fortune $0 | Tax $0
Board [9c 4d 3h Kc As]
Seat 1: 2a707408 folded before Flop (didn't bet)
Seat 2: 1b41160c (button) folded before Flop (didn't bet)
Seat 3: Hero (small blind) folded before Flop
Seat 4: ec544661 (big blind) won ($0.21)
Seat 5: 9e889a9 folded on the River
Seat 6: e91b50e4 folded before Flop (didn't bet)


Poker Hand #HD1596213825: Hold'em No Limit ($0.02/$0.05) - 2024/01/19 20:39:42
Table 'NLHBlue84' 6-max Seat #1 is the button
Seat 1: 2a707408 ($5.05 in chips)
Seat 2: 1b41160c ($4.95 in chips)
Seat 3: Hero ($5.6 in chips)
Seat 5: 9e889a9 ($0.64 in chips)
Seat 6: e91b50e4 ($9.55 in chips)
1b41160c: posts small blind $0.02
Hero: posts big blind $0.05
*** HOLE CARDS ***
Dealt to 2a707408 
Dealt to 1b41160c 
Dealt to Hero [6h Kd]
Dealt to 9e889a9 
Dealt to e91b50e4 
9e889a9: calls $0.05
e91b50e4: folds
2a707408: raises $0.09 to $0.14
1b41160c: folds
Hero: folds
9e889a9: calls $0.09
*** FLOP *** [2h 3c 6s]
9e889a9: checks
2a707408: bets $0.23
9e889a9: folds
Uncalled bet ($0.23) returned to 2a707408
*** SHOWDOWN ***
2a707408 collected $0.34 from pot
*** SUMMARY ***
Total pot $0.35 | Rake $0.01 | Jackpot $0 | Bingo $0 | Fortune $0 | Tax $0
Board [2h 3c 6s]
Seat 1: 2a707408 (button) won ($0.34)
Seat 2: 1b41160c (small blind) folded before Flop
Seat 3: Hero (big blind) folded before Flop
Seat 5: 9e889a9 folded on the Flop
Seat 6: e91b50e4 folded before Flop (didn't bet)


Poker Hand #HD1596213762: Hold'em No Limit ($0.02/$0.05) - 2024/01/19 20:39:16
Table 'NLHBlue84' 6-max Seat #6 is the button
Seat 1: 2a707408 ($5.07 in chips)
Seat 2: 1b41160c ($5 in chips)
Seat 3: Hero ($5.6 in chips)
Seat 5: 9e889a9 ($0.64 in chips)
Seat 6: e91b50e4 ($9.48 in chips)
2a707408: posts small blind $0.02
1b41160c: posts big blind $0.05
*** HOLE CARDS ***
Dealt to 2a707408 
Dealt to 1b41160c 
Dealt to Hero [7h As]
Dealt to 9e889a9 
Dealt to e91b50e4 
Hero: folds
9e889a9: folds
e91b50e4: raises $0.1 to $0.15
2a707408: folds
1b41160c: folds
Uncalled bet ($0.1) returned to e91b50e4
*** SHOWDOWN ***
e91b50e4 collected $0.12 from pot
*** SUMMARY ***
Total pot $0.12 | Rake $0 | Jackpot $0 | Bingo $0 | Fortune $0 | Tax $0
Seat 1: 2a707408 (small blind) folded before Flop
Seat 2: 1b41160c (big blind) folded before Flop
Seat 3: Hero folded before Flop (didn't bet)
Seat 5: 9e889a9 folded before Flop (didn't bet)
Seat 6: e91b50e4 (button) collected ($0.12)


Poker Hand #HD1596213712: Hold'em No Limit ($0.02/$0.05) - 2024/01/19 20:38:50
Table 'NLHBlue84' 6-max Seat #5 is the button
Seat 1: 2a707408 ($5 in chips)
Seat 3: Hero ($5.6 in chips)
Seat 4: 22e3ea39 ($1.57 in chips)
Seat 5: 9e889a9 ($0.69 in chips)
Seat 6: e91b50e4 ($9.5 in chips)
e91b50e4: posts small blind $0.02
2a707408: posts big blind $0.05
*** HOLE CARDS ***
Dealt to 2a707408 
Dealt to Hero [4h Ac]
Dealt to 22e3ea39 
Dealt to 9e889a9 
Dealt to e91b50e4 
Hero: folds
22e3ea39: folds
9e889a9: calls $0.05
e91b50e4: folds
2a707408: raises $0.09 to $0.14
9e889a9: folds
Uncalled bet ($0.09) returned to 2a707408
*** SHOWDOWN ***
2a707408 collected $0.12 from pot
*** SUMMARY ***
Total pot $0.12 | Rake $0 | Jackpot $0 | Bingo $0 | Fortune $0 | Tax $0
Seat 1: 2a707408 (big blind) collected ($0.12)
Seat 3: Hero folded before Flop (didn't bet)
Seat 4: 22e3ea39 folded before Flop (didn't bet)
Seat 5: 9e889a9 (button) folded before Flop
Seat 6: e91b50e4 (small blind) folded before Flop


Poker Hand #HD1596213592: Hold'em No Limit ($0.02/$0.05) - 2024/01/19 20:37:48
Table 'NLHBlue84' 6-max Seat #4 is the button
Seat 1: 2a707408 ($5 in chips)
Seat 2: dca74e52 ($1.95 in chips)
Seat 3: Hero ($5.6 in chips)
Seat 4: 22e3ea39 ($6.57 in chips)
Seat 5: 9e889a9 ($0.74 in chips)
Seat 6: e91b50e4 ($5 in chips)
9e889a9: posts small blind $0.02
e91b50e4: posts big blind $0.05
*** HOLE CARDS ***
Dealt to 2a707408 
Dealt to dca74e52 
Dealt to Hero [Jc 7h]
Dealt to 22e3ea39 
Dealt to 9e889a9 
Dealt to e91b50e4 
2a707408: folds
dca74e52: folds
Hero: folds
22e3ea39: calls $0.05
9e889a9: calls $0.03
e91b50e4: raises $0.25 to $0.3
22e3ea39: calls $0.25
9e889a9: folds
*** FLOP *** [2h 5d Ts]
e91b50e4: bets $0.43
22e3ea39: raises $1.51 to $1.94
e91b50e4: raises $2.76 to $4.7 and is all-in
22e3ea39: calls $2.76
e91b50e4: shows [Th Ad] (Pair of Tens)
22e3ea39: shows [Js Tc] (Pair of Tens)
*** TURN *** [2h 5d Ts] [7c]
*** RIVER *** [2h 5d Ts 7c] [8s]
*** SHOWDOWN ***
e91b50e4 collected $9.5 from pot
*** SUMMARY ***
Total pot $10.05 | Rake $0.5 | Jackpot $0.05 | Bingo $0 | Fortune $0 | Tax $0
Board [2h 5d Ts 7c 8s]
Seat 1: 2a707408 folded before Flop (didn't bet)
Seat 2: dca74e52 folded before Flop (didn't bet)
Seat 3: Hero folded before Flop (didn't bet)
Seat 4: 22e3ea39 (button) showed [Js Tc] and lost with Pair of Tens
Seat 5: 9e889a9 (small blind) folded before Flop
Seat 6: e91b50e4 (big blind) showed [Th Ad] and won ($9.5) with Pair of Tens


Poker Hand #HD1596213446: Hold'em No Limit ($0.02/$0.05) - 2024/01/19 20:36:32
Table 'NLHBlue84' 6-max Seat #3 is the button
Seat 1: 2a707408 ($5 in chips)
Seat 2: dca74e52 ($1.08 in chips)
Seat 3: Hero ($5.6 in chips)
Seat 4: 22e3ea39 ($6.59 in chips)
Seat 5: 9e889a9 ($1.05 in chips)
Seat 6: e91b50e4 ($5 in chips)
22e3ea39: posts small blind $0.02
9e889a9: posts big blind $0.05
*** HOLE CARDS ***
Dealt to 2a707408 
Dealt to dca74e52 
Dealt to Hero [2s 3s]
Dealt to 22e3ea39 
Dealt to 9e889a9 
Dealt to e91b50e4 
e91b50e4: raises $0.1 to $0.15
2a707408: folds
dca74e52: calls $0.15
Hero: folds
22e3ea39: folds
9e889a9: calls $0.1
*** FLOP *** [5d Qh 4c]
9e889a9: checks
e91b50e4: bets $0.16
dca74e52: calls $0.16
9e889a9: calls $0.16
*** TURN *** [5d Qh 4c] [Qd]
9e889a9: checks
e91b50e4: bets $0.32
dca74e52: calls $0.32
9e889a9: folds
*** RIVER *** [5d Qh 4c Qd] [5h]
e91b50e4: bets $0.05
dca74e52: calls $0.05
e91b50e4: shows [7d 7s] (Pair of Queens and Pair of Sevens)
dca74e52: shows [8h 8c] (Pair of Queens and Pair of Eights)
*** SHOWDOWN ***
dca74e52 collected $1.55 from pot
*** SUMMARY ***
Total pot $1.69 | Rake $0.09 | Jackpot $0.05 | Bingo $0 | Fortune $0 | Tax $0
Board [5d Qh 4c Qd 5h]
Seat 1: 2a707408 folded before Flop (didn't bet)
Seat 2: dca74e52 showed [8h 8c] and won ($1.55) with Pair of Queens and Pair of Eights
Seat 3: Hero (button) folded before Flop (didn't bet)
Seat 4: 22e3ea39 (small blind) folded before Flop
Seat 5: 9e889a9 (big blind) folded on the Turn
Seat 6: e91b50e4 showed [7d 7s] and lost with Pair of Queens and Pair of Sevens


Poker Hand #HD1596213418: Hold'em No Limit ($0.02/$0.05) - 2024/01/19 20:36:17
Table 'NLHBlue84' 6-max Seat #2 is the button
Seat 1: 2a707408 ($5 in chips)
Seat 2: dca74e52 ($1.08 in chips)
Seat 3: Hero ($5.62 in chips)
Seat 4: 22e3ea39 ($6.57 in chips)
Seat 5: 9e889a9 ($1.05 in chips)
Seat 6: e91b50e4 ($5 in chips)
Hero: posts small blind $0.02
22e3ea39: posts big blind $0.05
*** HOLE CARDS ***
Dealt to 2a707408 
Dealt to dca74e52 
Dealt to Hero [Ts 7h]
Dealt to 22e3ea39 
Dealt to 9e889a9 
Dealt to e91b50e4 
9e889a9: folds
e91b50e4: folds
2a707408: folds
dca74e52: folds
Hero: folds
Uncalled bet ($0.03) returned to 22e3ea39
*** SHOWDOWN ***
22e3ea39 collected $0.04 from pot
*** SUMMARY ***
Total pot $0.04 | Rake $0 | Jackpot $0 | Bingo $0 | Fortune $0 | Tax $0
Seat 1: 2a707408 folded before Flop (didn't bet)
Seat 2: dca74e52 (button) folded before Flop (didn't bet)
Seat 3: Hero (small blind) folded before Flop
Seat 4: 22e3ea39 (big blind) collected ($0.04)
Seat 5: 9e889a9 folded before Flop (didn't bet)
Seat 6: e91b50e4 folded before Flop (didn't bet)


Poker Hand #HD1596213307: Hold'em No Limit ($0.02/$0.05) - 2024/01/19 20:35:25
Table 'NLHBlue84' 6-max Seat #1 is the button
Seat 1: 2a707408 ($5 in chips)
Seat 2: dca74e52 ($1.13 in chips)
Seat 3: Hero ($5.67 in chips)
Seat 4: 22e3ea39 ($6.57 in chips)
Seat 5: 9e889a9 ($0.95 in chips)
Seat 6: e91b50e4 ($5 in chips)
dca74e52: posts small blind $0.02
Hero: posts big blind $0.05
*** HOLE CARDS ***
Dealt to 2a707408 
Dealt to dca74e52 
Dealt to Hero [Ts Kh]
Dealt to 22e3ea39 
Dealt to 9e889a9 
Dealt to e91b50e4 
22e3ea39: folds
9e889a9: calls $0.05
e91b50e4: folds
2a707408: folds
dca74e52: calls $0.03
Hero: checks
*** FLOP *** [3s 6s 3d]
dca74e52: checks
Hero: checks
9e889a9: bets $0.08
dca74e52: folds
Hero: folds
Uncalled bet ($0.08) returned to 9e889a9
*** SHOWDOWN ***
9e889a9 collected $0.15 from pot
*** SUMMARY ***
Total pot $0.15 | Rake $0 | Jackpot $0 | Bingo $0 | Fortune $0 | Tax $0
Board [3s 6s 3d]
Seat 1: 2a707408 (button) folded before Flop (didn't bet)
Seat 2: dca74e52 (small blind) folded on the Flop
Seat 3: Hero (big blind) folded on the Flop
Seat 4: 22e3ea39 folded before Flop (didn't bet)
Seat 5: 9e889a9 won ($0.15)
Seat 6: e91b50e4 folded before Flop (didn't bet)


Poker Hand #HD1596213185: Hold'em No Limit ($0.02/$0.05) - 2024/01/19 20:34:24
Table 'NLHBlue84' 6-max Seat #6 is the button
Seat 1: 2a707408 ($5.02 in chips)
Seat 2: dca74e52 ($1.18 in chips)
Seat 3: Hero ($5.67 in chips)
Seat 4: 22e3ea39 ($6.05 in chips)
Seat 5: 9e889a9 ($1 in chips)
Seat 6: e91b50e4 ($5 in chips)
2a707408: posts small blind $0.02
dca74e52: posts big blind $0.05
9e889a9: posts big blind $0.05
*** HOLE CARDS ***
Dealt to 2a707408 
Dealt to dca74e52 
Dealt to Hero [4d 3h]
Dealt to 22e3ea39 
Dealt to 9e889a9 
Dealt to e91b50e4 
Hero: folds
22e3ea39: calls $0.05
9e889a9: checks
e91b50e4: raises $0.2 to $0.25
2a707408: folds
dca74e52: folds
22e3ea39: calls $0.2
9e889a9: folds
*** FLOP *** [Ah 4s Ad]
22e3ea39: checks
e91b50e4: bets $0.2
22e3ea39: calls $0.2
*** TURN *** [Ah 4s Ad] [7d]
22e3ea39: checks
e91b50e4: checks
*** RIVER *** [Ah 4s Ad 7d] [2d]
22e3ea39: bets $0.77
e91b50e4: folds
Uncalled bet ($0.77) returned to 22e3ea39
*** SHOWDOWN ***
22e3ea39 collected $0.97 from pot
*** SUMMARY ***
Total pot $1.02 | Rake $0.05 | Jackpot $0 | Bingo $0 | Fortune $0 | Tax $0
Board [Ah 4s Ad 7d 2d]
Seat 1: 2a707408 (small blind) folded before Flop
Seat 2: dca74e52 (big blind) folded before Flop
Seat 3: Hero folded before Flop (didn't bet)
Seat 4: 22e3ea39 won ($0.97)
Seat 5: 9e889a9 folded before Flop
Seat 6: e91b50e4 (button) folded on the River


Poker Hand #HD1596213155: Hold'em No Limit ($0.02/$0.05) - 2024/01/19 20:34:09
Table 'NLHBlue84' 6-max Seat #4 is the button
Seat 1: 2a707408 ($5 in chips)
Seat 2: dca74e52 ($1.18 in chips)
Seat 3: Hero ($5.67 in chips)
Seat 4: 22e3ea39 ($6.05 in chips)
Seat 6: e91b50e4 ($5 in chips)
e91b50e4: posts small blind $0.02
2a707408: posts big blind $0.05
*** HOLE CARDS ***
Dealt to 2a707408 
Dealt to dca74e52 
Dealt to Hero [Kh 2h]
Dealt to 22e3ea39 
Dealt to e91b50e4 
dca74e52: folds
Hero: folds
22e3ea39: folds
e91b50e4: folds
Uncalled bet ($0.03) returned to 2a707408
*** SHOWDOWN ***
2a707408 collected $0.04 from pot
*** SUMMARY ***
Total pot $0.04 | Rake $0 | Jackpot $0 | Bingo $0 | Fortune $0 | Tax $0
Seat 1: 2a707408 (big blind) collected ($0.04)
Seat 2: dca74e52 folded before Flop (didn't bet)
Seat 3: Hero folded before Flop (didn't bet)
Seat 4: 22e3ea39 (button) folded before Flop (didn't bet)
Seat 6: e91b50e4 (small blind) folded before Flop


Poker Hand #HD1596213052: Hold'em No Limit ($0.02/$0.05) - 2024/01/19 20:33:21
Table 'NLHBlue84' 6-max Seat #3 is the button
Seat 2: dca74e52 ($1.18 in chips)
Seat 3: Hero ($6.87 in chips)
Seat 4: 22e3ea39 ($4.97 in chips)
Seat 6: e91b50e4 ($5 in chips)
22e3ea39: posts small blind $0.02
e91b50e4: posts big blind $0.05
*** HOLE CARDS ***
Dealt to dca74e52 
Dealt to Hero [Qd 3d]
Dealt to 22e3ea39 
Dealt to e91b50e4 
dca74e52: folds
Hero: raises $0.07 to $0.12
22e3ea39: calls $0.1
e91b50e4: folds
*** FLOP *** [3c Qs 6c]
22e3ea39: bets $0.15
Hero: raises $0.23 to $0.38
22e3ea39: calls $0.23
*** TURN *** [3c Qs 6c] [9s]
22e3ea39: checks
Hero: bets $0.7
22e3ea39: calls $0.7
*** RIVER *** [3c Qs 6c 9s] [9c]
22e3ea39: bets $1.84
Hero: folds
Uncalled bet ($1.84) returned to 22e3ea39
*** SHOWDOWN ***
22e3ea39 collected $2.28 from pot
*** SUMMARY ***
Total pot $2.45 | Rake $0.12 | Jackpot $0.05 | Bingo $0 | Fortune $0 | Tax $0
Board [3c Qs 6c 9s 9c]
Seat 2: dca74e52 folded before Flop (didn't bet)
Seat 3: Hero (button) folded on the River
Seat 4: 22e3ea39 (small blind) won ($2.28)
Seat 6: e91b50e4 (big blind) folded before Flop


Poker Hand #HD1596212994: Hold'em No Limit ($0.02/$0.05) - 2024/01/19 20:32:50
Table 'NLHBlue84' 6-max Seat #2 is the button
Seat 2: dca74e52 ($1.07 in chips)
Seat 3: Hero ($6.89 in chips)
Seat 4: 22e3ea39 ($5.07 in chips)
Seat 6: e91b50e4 ($5 in chips)
Hero: posts small blind $0.02
22e3ea39: posts big blind $0.05
*** HOLE CARDS ***
Dealt to dca74e52 
Dealt to Hero [Td 8s]
Dealt to 22e3ea39 
Dealt to e91b50e4 
e91b50e4: folds
dca74e52: raises $0.05 to $0.1
Hero: folds
22e3ea39: calls $0.05
*** FLOP *** [As 4h Jh]
22e3ea39: checks
dca74e52: checks
*** TURN *** [As 4h Jh] [6d]
22e3ea39: checks
dca74e52: bets $0.11
22e3ea39: folds
Uncalled bet ($0.11) returned to dca74e52
*** SHOWDOWN ***
dca74e52 collected $0.21 from pot
*** SUMMARY ***
Total pot $0.22 | Rake $0.01 | Jackpot $0 | Bingo $0 | Fortune $0 | Tax $0
Board [As 4h Jh 6d]
Seat 2: dca74e52 (button) won ($0.21)
Seat 3: Hero (small blind) folded before Flop
Seat 4: 22e3ea39 (big blind) folded on the Turn
Seat 6: e91b50e4 folded before Flop (didn't bet)


Poker Hand #HD1596212866: Hold'em No Limit ($0.02/$0.05) - 2024/01/19 20:31:52
Table 'NLHBlue84' 6-max Seat #1 is the button
Seat 1: 6b8aea7c ($1.48 in chips)
Seat 2: dca74e52 ($1.09 in chips)
Seat 3: Hero ($5.58 in chips)
Seat 4: 22e3ea39 ($5.07 in chips)
Seat 5: 2fdc36e4 ($12.46 in chips)
Seat 6: e91b50e4 ($5 in chips)
dca74e52: posts small blind $0.02
Hero: posts big blind $0.05
*** HOLE CARDS ***
Dealt to 6b8aea7c 
Dealt to dca74e52 
Dealt to Hero [Jc Ac]
Dealt to 22e3ea39 
Dealt to 2fdc36e4 
Dealt to e91b50e4 
22e3ea39: folds
2fdc36e4: folds
e91b50e4: folds
6b8aea7c: raises $0.1 to $0.15
dca74e52: folds
Hero: raises $0.35 to $0.5
6b8aea7c: calls $0.35
*** FLOP *** [Tc 3c 9s]
Hero: bets $1.33
6b8aea7c: calls $0.98 and is all-in
Uncalled bet ($0.35) returned to Hero
Hero: shows [Jc Ac] (Ace-High)
6b8aea7c: shows [Qs Jh] (Queen-High)
*** TURN *** [Tc 3c 9s] [3h]
*** RIVER *** [Tc 3c 9s 3h] [5c]
*** SHOWDOWN ***
Hero collected $2.79 from pot
*** SUMMARY ***
Total pot $2.98 | Rake $0.14 | Jackpot $0.05 | Bingo $0 | Fortune $0 | Tax $0
Board [Tc 3c 9s 3h 5c]
Seat 1: 6b8aea7c (button) showed [Qs Jh] and lost with Pair of Treys
Seat 2: dca74e52 (small blind) folded before Flop
Seat 3: Hero (big blind) showed [Jc Ac] and won ($2.79) with Ace High Flush
Seat 4: 22e3ea39 folded before Flop (didn't bet)
Seat 5: 2fdc36e4 folded before Flop (didn't bet)
Seat 6: e91b50e4 folded before Flop (didn't bet)


Poker Hand #HD1596212749: Hold'em No Limit ($0.02/$0.05) - 2024/01/19 20:30:55
Table 'NLHBlue84' 6-max Seat #6 is the button
Seat 1: 6b8aea7c ($1.58 in chips)
Seat 2: dca74e52 ($1 in chips)
Seat 3: Hero ($5.58 in chips)
Seat 4: 22e3ea39 ($5.07 in chips)
Seat 5: 2fdc36e4 ($12.46 in chips)
Seat 6: e91b50e4 ($5 in chips)
6b8aea7c: posts small blind $0.02
dca74e52: posts big blind $0.05
*** HOLE CARDS ***
Dealt to 6b8aea7c 
Dealt to dca74e52 
Dealt to Hero [7s 2d]
Dealt to 22e3ea39 
Dealt to 2fdc36e4 
Dealt to e91b50e4 
Hero: folds
22e3ea39: folds
2fdc36e4: folds
e91b50e4: folds
6b8aea7c: calls $0.03
dca74e52: raises $0.05 to $0.1
6b8aea7c: calls $0.05
*** FLOP *** [9c Qh 6c]
6b8aea7c: checks
dca74e52: checks
*** TURN *** [9c Qh 6c] [9s]
6b8aea7c: checks
dca74e52: checks
*** RIVER *** [9c Qh 6c 9s] [Qc]
6b8aea7c: checks
dca74e52: checks
6b8aea7c: shows [2c Kd] (Pair of Queens and Pair of Nines)
dca74e52: shows [Ah 5d] (Pair of Queens and Pair of Nines)
*** SHOWDOWN ***
dca74e52 collected $0.19 from pot
*** SUMMARY ***
Total pot $0.2 | Rake $0.01 | Jackpot $0 | Bingo $0 | Fortune $0 | Tax $0
Board [9c Qh 6c 9s Qc]
Seat 1: 6b8aea7c (small blind) showed [2c Kd] and lost with Pair of Queens and Pair of Nines
Seat 2: dca74e52 (big blind) showed [Ah 5d] and won ($0.19) with Pair of Queens and Pair of Nines
Seat 3: Hero folded before Flop (didn't bet)
Seat 4: 22e3ea39 folded before Flop (didn't bet)
Seat 5: 2fdc36e4 folded before Flop (didn't bet)
Seat 6: e91b50e4 (button) folded before Flop (didn't bet)


Poker Hand #HD1596212715: Hold'em No Limit ($0.02/$0.05) - 2024/01/19 20:30:38
Table 'NLHBlue84' 6-max Seat #5 is the button
Seat 1: 6b8aea7c ($1.63 in chips)
Seat 3: Hero ($5.58 in chips)
Seat 4: 22e3ea39 ($5 in chips)
Seat 5: 2fdc36e4 ($12.46 in chips)
Seat 6: e91b50e4 ($5 in chips)
e91b50e4: posts small blind $0.02
6b8aea7c: posts big blind $0.05
22e3ea39: posts big blind $0.05
*** HOLE CARDS ***
Dealt to 6b8aea7c 
Dealt to Hero [Ks 7c]
Dealt to 22e3ea39 
Dealt to 2fdc36e4 
Dealt to e91b50e4 
Hero: folds
22e3ea39: raises $0.1 to $0.15
2fdc36e4: folds
e91b50e4: folds
6b8aea7c: folds
Uncalled bet ($0.1) returned to 22e3ea39
*** SHOWDOWN ***
22e3ea39 collected $0.12 from pot
*** SUMMARY ***
Total pot $0.12 | Rake $0 | Jackpot $0 | Bingo $0 | Fortune $0 | Tax $0
Seat 1: 6b8aea7c (big blind) folded before Flop
Seat 3: Hero folded before Flop (didn't bet)
Seat 4: 22e3ea39 collected ($0.12)
Seat 5: 2fdc36e4 (button) folded before Flop (didn't bet)
Seat 6: e91b50e4 (small blind) folded before Flop


Poker Hand #HD1596212693: Hold'em No Limit ($0.02/$0.05) - 2024/01/19 20:30:28
Table 'NLHBlue84' 6-max Seat #3 is the button
Seat 1: 6b8aea7c ($1.63 in chips)
Seat 2: 7a69302b ($5 in chips)
Seat 3: Hero ($5.51 in chips)
Seat 5: 2fdc36e4 ($12.48 in chips)
Seat 6: e91b50e4 ($5 in chips)
2fdc36e4: posts small blind $0.02
e91b50e4: posts big blind $0.05
*** HOLE CARDS ***
Dealt to 6b8aea7c 
Dealt to 7a69302b 
Dealt to Hero [Ac Ks]
Dealt to 2fdc36e4 
Dealt to e91b50e4 
6b8aea7c: folds
7a69302b: folds
Hero: raises $0.07 to $0.12
2fdc36e4: folds
e91b50e4: folds
Uncalled bet ($0.07) returned to Hero
*** SHOWDOWN ***
Hero collected $0.12 from pot
*** SUMMARY ***
Total pot $0.12 | Rake $0 | Jackpot $0 | Bingo $0 | Fortune $0 | Tax $0
Seat 1: 6b8aea7c folded before Flop (didn't bet)
Seat 2: 7a69302b folded before Flop (didn't bet)
Seat 3: Hero (button) collected ($0.12)
Seat 5: 2fdc36e4 (small blind) folded before Flop
Seat 6: e91b50e4 (big blind) folded before Flop


Poker Hand #HD1596212561: Hold'em No Limit ($0.02/$0.05) - 2024/01/19 20:29:21
Table 'NLHBlue84' 6-max Seat #2 is the button
Seat 1: 6b8aea7c ($1.63 in chips)
Seat 2: 7a69302b ($5.14 in chips)
Seat 3: Hero ($6.12 in chips)
Seat 5: 2fdc36e4 ($7.42 in chips)
Hero: posts small blind $0.02
2fdc36e4: posts big blind $0.05
*** HOLE CARDS ***
Dealt to 6b8aea7c 
Dealt to 7a69302b 
Dealt to Hero [Qs As]
Dealt to 2fdc36e4 
6b8aea7c: folds
7a69302b: raises $0.1 to $0.15
Hero: raises $0.46 to $0.61
2fdc36e4: raises $0.46 to $1.07
7a69302b: raises $4.07 to $5.14 and is all-in
Hero: folds
2fdc36e4: calls $4.07
7a69302b: shows [Ks Kh]
2fdc36e4: shows [Ac Ah]
*** FIRST FLOP *** [7h 3d 3c]
*** FIRST TURN *** [7h 3d 3c] [Qd]
*** FIRST RIVER *** [7h 3d 3c Qd] [3h]
*** SECOND FLOP *** [5h Qh 2c]
*** SECOND TURN *** [5h Qh 2c] [4s]
*** SECOND RIVER *** [5h Qh 2c 4s] [6s]
*** FIRST SHOWDOWN ***
2fdc36e4 collected $5.1 from pot
*** SECOND SHOWDOWN ***
2fdc36e4 collected $5.1 from pot
*** SUMMARY ***
Total pot $10.89 | Rake $0.64 | Jackpot $0.05 | Bingo $0 | Fortune $0 | Tax $0
Hand was run two times
FIRST Board [7h 3d 3c Qd 3h]
SECOND Board [5h Qh 2c 4s 6s]
Seat 1: 6b8aea7c folded before Flop (didn't bet)
Seat 2: 7a69302b (button) showed [Ks Kh] and lost with Treys Full over Kings, and lost with Pair of Kings
Seat 3: Hero (small blind) folded before Flop
Seat 5: 2fdc36e4 (big blind) showed [Ac Ah] and won ($5.1) with Treys Full over Aces, and won ($5.1) with Pair of Aces


Poker Hand #HD1596212428: Hold'em No Limit ($0.02/$0.05) - 2024/01/19 20:28:18
Table 'NLHBlue84' 6-max Seat #1 is the button
Seat 1: 6b8aea7c ($1.63 in chips)
Seat 2: 7a69302b ($5.16 in chips)
Seat 3: Hero ($5.68 in chips)
Seat 4: ce7873dd ($9.44 in chips)
Seat 5: 2fdc36e4 ($7.42 in chips)
Seat 6: 9d856311 ($0.41 in chips)
7a69302b: posts small blind $0.02
Hero: posts big blind $0.05
*** HOLE CARDS ***
Dealt to 6b8aea7c 
Dealt to 7a69302b 
Dealt to Hero [Kh 8s]
Dealt to ce7873dd 
Dealt to 2fdc36e4 
Dealt to 9d856311 
ce7873dd: calls $0.05
2fdc36e4: folds
9d856311: calls $0.05
6b8aea7c: folds
7a69302b: folds
Hero: checks
*** FLOP *** [5d Ks Jh]
Hero: bets $0.1
ce7873dd: folds
9d856311: calls $0.1
*** TURN *** [5d Ks Jh] [Td]
Hero: bets $0.21
9d856311: raises $0.05 to $0.26 and is all-in
Hero: calls $0.05
9d856311: shows [Qd Th] (Pair of Tens)
Hero: shows [Kh 8s] (Pair of Kings)
*** FIRST RIVER *** [5d Ks Jh Td] [5h]
*** SECOND RIVER *** [5d Ks Jh Td] [2c]
*** FIRST SHOWDOWN ***
Hero collected $0.43 from pot
*** SECOND SHOWDOWN ***
Hero collected $0.42 from pot
*** SUMMARY ***
Total pot $0.89 | Rake $0.04 | Jackpot $0 | Bingo $0 | Fortune $0 | Tax $0
Hand was run two times
FIRST Board [5d Ks Jh Td 5h]
SECOND Board [2c]
Seat 1: 6b8aea7c (button) folded before Flop (didn't bet)
Seat 2: 7a69302b (small blind) folded before Flop
Seat 3: Hero (big blind) showed [Kh 8s] and won ($0.43) with Pair of Kings and Pair of Fives, and won ($0.42)
Seat 4: ce7873dd folded on the Flop
Seat 5: 2fdc36e4 folded before Flop (didn't bet)
Seat 6: 9d856311 showed [Qd Th] and lost with Pair of Tens and Pair of Fives, and lost


Poker Hand #HD1596212388: Hold'em No Limit ($0.02/$0.05) - 2024/01/19 20:28:03
Table 'NLHBlue84' 6-max Seat #6 is the button
Seat 1: 6b8aea7c ($1.65 in chips)
Seat 2: 7a69302b ($5.21 in chips)
Seat 3: Hero ($5.68 in chips)
Seat 4: ce7873dd ($9.37 in chips)
Seat 5: 2fdc36e4 ($7.42 in chips)
Seat 6: 9d856311 ($0.41 in chips)
6b8aea7c: posts small blind $0.02
7a69302b: posts big blind $0.05
*** HOLE CARDS ***
Dealt to 6b8aea7c 
Dealt to 7a69302b 
Dealt to Hero [Qh 6h]
Dealt to ce7873dd 
Dealt to 2fdc36e4 
Dealt to 9d856311 
Hero: folds
ce7873dd: raises $0.1 to $0.15
2fdc36e4: folds
9d856311: folds
6b8aea7c: folds
7a69302b: folds
Uncalled bet ($0.1) returned to ce7873dd
*** SHOWDOWN ***
ce7873dd collected $0.12 from pot
*** SUMMARY ***
Total pot $0.12 | Rake $0 | Jackpot $0 | Bingo $0 | Fortune $0 | Tax $0
Seat 1: 6b8aea7c (small blind) folded before Flop
Seat 2: 7a69302b (big blind) folded before Flop
Seat 3: Hero folded before Flop (didn't bet)
Seat 4: ce7873dd collected ($0.12)
Seat 5: 2fdc36e4 folded before Flop (didn't bet)
Seat 6: 9d856311 (button) folded before Flop (didn't bet)


Poker Hand #HD1596212351: Hold'em No Limit ($0.02/$0.05) - 2024/01/19 20:27:47
Table 'NLHBlue84' 6-max Seat #5 is the button
Seat 1: 6b8aea7c ($1.7 in chips)
Seat 2: 7a69302b ($5.14 in chips)
Seat 3: Hero ($5.68 in chips)
Seat 4: ce7873dd ($9.37 in chips)
Seat 5: 2fdc36e4 ($7.42 in chips)
Seat 6: 9d856311 ($0.43 in chips)
9d856311: posts small blind $0.02
6b8aea7c: posts big blind $0.05
*** HOLE CARDS ***
Dealt to 6b8aea7c 
Dealt to 7a69302b 
Dealt to Hero [8c 2d]
Dealt to ce7873dd 
Dealt to 2fdc36e4 
Dealt to 9d856311 
7a69302b: raises $0.1 to $0.15
Hero: folds
ce7873dd: folds
2fdc36e4: folds
9d856311: folds
6b8aea7c: folds
Uncalled bet ($0.1) returned to 7a69302b
*** SHOWDOWN ***
7a69302b collected $0.12 from pot
*** SUMMARY ***
Total pot $0.12 | Rake $0 | Jackpot $0 | Bingo $0 | Fortune $0 | Tax $0
Seat 1: 6b8aea7c (big blind) folded before Flop
Seat 2: 7a69302b collected ($0.12)
Seat 3: Hero folded before Flop (didn't bet)
Seat 4: ce7873dd folded before Flop (didn't bet)
Seat 5: 2fdc36e4 (button) folded before Flop (didn't bet)
Seat 6: 9d856311 (small blind) folded before Flop


Poker Hand #HD1596212269: Hold'em No Limit ($0.02/$0.05) - 2024/01/19 20:27:05
Table 'NLHBlue84' 6-max Seat #4 is the button
Seat 1: 6b8aea7c ($1.7 in chips)
Seat 2: 7a69302b ($5.14 in chips)
Seat 3: Hero ($5.68 in chips)
Seat 4: ce7873dd ($9.11 in chips)
Seat 5: 2fdc36e4 ($7.65 in chips)
Seat 6: 9d856311 ($0.48 in chips)
2fdc36e4: posts small blind $0.02
9d856311: posts big blind $0.05
*** HOLE CARDS ***
Dealt to 6b8aea7c 
Dealt to 7a69302b 
Dealt to Hero [5d Kh]
Dealt to ce7873dd 
Dealt to 2fdc36e4 
Dealt to 9d856311 
6b8aea7c: folds
7a69302b: folds
Hero: folds
ce7873dd: raises $0.05 to $0.1
2fdc36e4: calls $0.08
9d856311: folds
*** FLOP *** [4h Jh 7d]
2fdc36e4: checks
ce7873dd: bets $0.13
2fdc36e4: calls $0.13
*** TURN *** [4h Jh 7d] [Ah]
2fdc36e4: checks
ce7873dd: checks
*** RIVER *** [4h Jh 7d Ah] [8h]
2fdc36e4: checks
ce7873dd: checks
2fdc36e4: shows [Kc Qd] (Ace-High)
ce7873dd: shows [Js 9h] (Ace High Flush)
*** SHOWDOWN ***
ce7873dd collected $0.49 from pot
*** SUMMARY ***
Total pot $0.51 | Rake $0.02 | Jackpot $0 | Bingo $0 | Fortune $0 | Tax $0
Board [4h Jh 7d Ah 8h]
Seat 1: 6b8aea7c folded before Flop (didn't bet)
Seat 2: 7a69302b folded before Flop (didn't bet)
Seat 3: Hero folded before Flop (didn't bet)
Seat 4: ce7873dd (button) showed [Js 9h] and won ($0.49) with Ace High Flush
Seat 5: 2fdc36e4 (small blind) showed [Kc Qd] and lost with Ace-High
Seat 6: 9d856311 (big blind) folded before Flop


Poker Hand #HD1596212196: Hold'em No Limit ($0.02/$0.05) - 2024/01/19 20:26:26
Table 'NLHBlue84' 6-max Seat #3 is the button
Seat 1: 6b8aea7c ($1.7 in chips)
Seat 2: 7a69302b ($5.87 in chips)
Seat 3: Hero ($5 in chips)
Seat 4: ce7873dd ($9.13 in chips)
Seat 5: 2fdc36e4 ($7.7 in chips)
Seat 6: 9d856311 ($0.48 in chips)
ce7873dd: posts small blind $0.02
2fdc36e4: posts big blind $0.05
*** HOLE CARDS ***
Dealt to 6b8aea7c 
Dealt to 7a69302b 
Dealt to Hero [Ah Ac]
Dealt to ce7873dd 
Dealt to 2fdc36e4 
Dealt to 9d856311 
9d856311: folds
6b8aea7c: folds
7a69302b: raises $0.1 to $0.15
Hero: raises $0.27 to $0.42
ce7873dd: folds
2fdc36e4: folds
7a69302b: calls $0.27
*** FLOP *** [Ks Kh 2s]
7a69302b: checks
Hero: bets $0.31
7a69302b: calls $0.31
*** TURN *** [Ks Kh 2s] [8h]
7a69302b: checks
Hero: bets $0.51
7a69302b: folds
Uncalled bet ($0.51) returned to Hero
*** SHOWDOWN ***
Hero collected $1.41 from pot
*** SUMMARY ***
Total pot $1.53 | Rake $0.07 | Jackpot $0.05 | Bingo $0 | Fortune $0 | Tax $0
Board [Ks Kh 2s 8h]
Seat 1: 6b8aea7c folded before Flop (didn't bet)
Seat 2: 7a69302b folded on the Turn
Seat 3: Hero (button) won ($1.41)
Seat 4: ce7873dd (small blind) folded before Flop
Seat 5: 2fdc36e4 (big blind) folded before Flop
Seat 6: 9d856311 folded before Flop (didn't bet)


Poker Hand #HD1596212098: Hold'em No Limit ($0.02/$0.05) - 2024/01/19 20:25:38
Table 'NLHBlue84' 6-max Seat #2 is the button
Seat 1: 6b8aea7c ($1.8 in chips)
Seat 2: 7a69302b ($5.87 in chips)
Seat 3: Hero ($5 in chips)
Seat 4: ce7873dd ($9.39 in chips)
Seat 5: 2fdc36e4 ($7.35 in chips)
Seat 6: 9d856311 ($0.48 in chips)
Hero: posts small blind $0.02
ce7873dd: posts big blind $0.05
*** HOLE CARDS ***
Dealt to 6b8aea7c 
Dealt to 7a69302b 
Dealt to Hero [Tc 2d]
Dealt to ce7873dd 
Dealt to 2fdc36e4 
Dealt to 9d856311 
2fdc36e4: raises $0.05 to $0.1
9d856311: folds
6b8aea7c: calls $0.1
7a69302b: folds
Hero: folds
ce7873dd: calls $0.05
*** FLOP *** [As Ac Qh]
ce7873dd: checks
2fdc36e4: checks
6b8aea7c: checks
*** TURN *** [As Ac Qh] [4s]
ce7873dd: checks
2fdc36e4: checks
6b8aea7c: checks
*** RIVER *** [As Ac Qh 4s] [7s]
ce7873dd: bets $0.16
2fdc36e4: calls $0.16
6b8aea7c: folds
ce7873dd: shows [7d 8s] (Pair of Aces and Pair of Sevens)
2fdc36e4: shows [9d 9h] (Pair of Aces and Pair of Nines)
*** SHOWDOWN ***
2fdc36e4 collected $0.61 from pot
*** SUMMARY ***
Total pot $0.64 | Rake $0.03 | Jackpot $0 | Bingo $0 | Fortune $0 | Tax $0
Board [As Ac Qh 4s 7s]
Seat 1: 6b8aea7c folded on the River
Seat 2: 7a69302b (button) folded before Flop (didn't bet)
Seat 3: Hero (small blind) folded before Flop
Seat 4: ce7873dd (big blind) showed [7d 8s] and lost with Pair of Aces and Pair of Sevens
Seat 5: 2fdc36e4 showed [9d 9h] and won ($0.61) with Pair of Aces and Pair of Nines
Seat 6: 9d856311 folded before Flop (didn't bet)


Poker Hand #HD1596212071: Hold'em No Limit ($0.02/$0.05) - 2024/01/19 20:25:27
Table 'NLHBlue84' 6-max Seat #1 is the button
Seat 1: 6b8aea7c ($1.8 in chips)
Seat 2: 7a69302b ($5.89 in chips)
Seat 3: Hero ($5 in chips)
Seat 5: 2fdc36e4 ($7.28 in chips)
Seat 6: 9d856311 ($0.48 in chips)
7a69302b: posts small blind $0.02
Hero: posts big blind $0.05
*** HOLE CARDS ***
Dealt to 6b8aea7c 
Dealt to 7a69302b 
Dealt to Hero [Td 5h]
Dealt to 2fdc36e4 
Dealt to 9d856311 
2fdc36e4: raises $0.05 to $0.1
9d856311: folds
6b8aea7c: folds
7a69302b: folds
Hero: folds
Uncalled bet ($0.05) returned to 2fdc36e4
*** SHOWDOWN ***
2fdc36e4 collected $0.12 from pot
*** SUMMARY ***
Total pot $0.12 | Rake $0 | Jackpot $0 | Bingo $0 | Fortune $0 | Tax $0
Seat 1: 6b8aea7c (button) folded before Flop (didn't bet)
Seat 2: 7a69302b (small blind) folded before Flop
Seat 3: Hero (big blind) folded before Flop
Seat 5: 2fdc36e4 collected ($0.12)
Seat 6: 9d856311 folded before Flop (didn't bet)


Poker Hand #HD1596211982: Hold'em No Limit ($0.02/$0.05) - 2024/01/19 20:24:39
Table 'NLHBlue84' 6-max Seat #6 is the button
Seat 1: 6b8aea7c ($1.82 in chips)
Seat 2: 7a69302b ($5.94 in chips)
Seat 3: Hero ($5 in chips)
Seat 5: 2fdc36e4 ($7.12 in chips)
Seat 6: 9d856311 ($0.58 in chips)
6b8aea7c: posts small blind $0.02
7a69302b: posts big blind $0.05
*** HOLE CARDS ***
Dealt to 6b8aea7c 
Dealt to 7a69302b 
Dealt to Hero [Kh 7d]
Dealt to 2fdc36e4 
Dealt to 9d856311 
Hero: folds
2fdc36e4: raises $0.05 to $0.1
9d856311: calls $0.1
6b8aea7c: folds
7a69302b: folds
*** FLOP *** [Kd Ks 3d]
2fdc36e4: checks
9d856311: checks
*** TURN *** [Kd Ks 3d] [4h]
2fdc36e4: checks
9d856311: checks
*** RIVER *** [Kd Ks 3d 4h] [5s]
2fdc36e4: bets $0.09
9d856311: folds
Uncalled bet ($0.09) returned to 2fdc36e4
*** SHOWDOWN ***
2fdc36e4 collected $0.26 from pot
*** SUMMARY ***
Total pot $0.27 | Rake $0.01 | Jackpot $0 | Bingo $0 | Fortune $0 | Tax $0
Board [Kd Ks 3d 4h 5s]
Seat 1: 6b8aea7c (small blind) folded before Flop
Seat 2: 7a69302b (big blind) folded before Flop
Seat 3: Hero folded before Flop (didn't bet)
Seat 5: 2fdc36e4 won ($0.26)
Seat 6: 9d856311 (button) folded on the River


Poker Hand #HD1596211952: Hold'em No Limit ($0.02/$0.05) - 2024/01/19 20:24:25
Table 'NLHBlue84' 6-max Seat #5 is the button
Seat 1: 6b8aea7c ($1.87 in chips)
Seat 2: 7a69302b ($5.87 in chips)
Seat 3: Hero ($5 in chips)
Seat 5: 2fdc36e4 ($7.12 in chips)
Seat 6: 9d856311 ($0.6 in chips)
9d856311: posts small blind $0.02
6b8aea7c: posts big blind $0.05
*** HOLE CARDS ***
Dealt to 6b8aea7c 
Dealt to 7a69302b 
Dealt to Hero [Qh Js]
Dealt to 2fdc36e4 
Dealt to 9d856311 
7a69302b: raises $0.1 to $0.15
Hero: folds
2fdc36e4: folds
9d856311: folds
6b8aea7c: folds
Uncalled bet ($0.1) returned to 7a69302b
*** SHOWDOWN ***
7a69302b collected $0.12 from pot
*** SUMMARY ***
Total pot $0.12 | Rake $0 | Jackpot $0 | Bingo $0 | Fortune $0 | Tax $0
Seat 1: 6b8aea7c (big blind) folded before Flop
Seat 2: 7a69302b collected ($0.12)
Seat 3: Hero folded before Flop (didn't bet)
Seat 5: 2fdc36e4 (button) folded before Flop (didn't bet)
Seat 6: 9d856311 (small blind) folded before Flop


Poker Hand #HD1596211857: Hold'em No Limit ($0.02/$0.05) - 2024/01/19 20:23:36
Table 'NLHBlue84' 6-max Seat #3 is the button
Seat 1: 6b8aea7c ($1.87 in chips)
Seat 2: 7a69302b ($5.87 in chips)
Seat 3: Hero ($5 in chips)
Seat 5: 2fdc36e4 ($7.14 in chips)
Seat 6: 9d856311 ($0.47 in chips)
2fdc36e4: posts small blind $0.02
9d856311: posts big blind $0.05
*** HOLE CARDS ***
Dealt to 6b8aea7c 
Dealt to 7a69302b 
Dealt to Hero [7s Qs]
Dealt to 2fdc36e4 
Dealt to 9d856311 
6b8aea7c: folds
7a69302b: folds
Hero: raises $0.07 to $0.12
2fdc36e4: folds
9d856311: calls $0.07
*** FLOP *** [4c 5h As]
9d856311: checks
Hero: checks
*** TURN *** [4c 5h As] [9c]
9d856311: checks
Hero: checks
*** RIVER *** [4c 5h As 9c] [6c]
9d856311: bets $0.35 and is all-in
Hero: folds
Uncalled bet ($0.35) returned to 9d856311
*** SHOWDOWN ***
9d856311 collected $0.25 from pot
*** SUMMARY ***
Total pot $0.26 | Rake $0.01 | Jackpot $0 | Bingo $0 | Fortune $0 | Tax $0
Board [4c 5h As 9c 6c]
Seat 1: 6b8aea7c folded before Flop (didn't bet)
Seat 2: 7a69302b folded before Flop (didn't bet)
Seat 3: Hero (button) folded on the River
Seat 5: 2fdc36e4 (small blind) folded before Flop
Seat 6: 9d856311 (big blind) won ($0.25)


Poker Hand #HD1596211771: Hold'em No Limit ($0.02/$0.05) - 2024/01/19 20:22:59
Table 'NLHBlue84' 6-max Seat #2 is the button
Seat 1: 6b8aea7c ($1.87 in chips)
Seat 2: 7a69302b ($6.03 in chips)
Seat 3: Hero ($5 in chips)
Seat 4: ce7873dd ($9.44 in chips)
Seat 5: 2fdc36e4 ($7.24 in chips)
Seat 6: 9d856311 ($0.16 in chips)
Hero: posts small blind $0.02
ce7873dd: posts big blind $0.05
*** HOLE CARDS ***
Dealt to 6b8aea7c 
Dealt to 7a69302b 
Dealt to Hero [2h Qh]
Dealt to ce7873dd 
Dealt to 2fdc36e4 
Dealt to 9d856311 
2fdc36e4: raises $0.05 to $0.1
9d856311: raises $0.06 to $0.16 and is all-in
6b8aea7c: folds
7a69302b: raises $0.49 to $0.65
Hero: folds
ce7873dd: folds
2fdc36e4: folds
Uncalled bet ($0.49) returned to 7a69302b
7a69302b: shows [Jh Ad]
9d856311: shows [8c 6c]
*** FLOP *** [9s 4d 7h]
*** TURN *** [9s 4d 7h] [Ts]
*** RIVER *** [9s 4d 7h Ts] [Qs]
*** SHOWDOWN ***
9d856311 collected $0.47 from pot
*** SUMMARY ***
Total pot $0.49 | Rake $0.02 | Jackpot $0 | Bingo $0 | Fortune $0 | Tax $0
Board [9s 4d 7h Ts Qs]
Seat 1: 6b8aea7c folded before Flop (didn't bet)
Seat 2: 7a69302b (button) showed [Jh Ad] and lost with Ace-High
Seat 3: Hero (small blind) folded before Flop
Seat 4: ce7873dd (big blind) folded before Flop
Seat 5: 2fdc36e4 folded before Flop
Seat 6: 9d856311 showed [8c 6c] and won ($0.47) with Tens-High Straight


Poker Hand #HD1596211741: Hold'em No Limit ($0.02/$0.05) - 2024/01/19 20:22:42
Table 'NLHBlue84' 6-max Seat #1 is the button
Seat 1: 6b8aea7c ($1.87 in chips)
Seat 2: 7a69302b ($6.05 in chips)
Seat 3: Hero ($5 in chips)
Seat 4: ce7873dd ($9.44 in chips)
Seat 5: 2fdc36e4 ($7.17 in chips)
Seat 6: 9d856311 ($0.16 in chips)
7a69302b: posts small blind $0.02
Hero: posts big blind $0.05
*** HOLE CARDS ***
Dealt to 6b8aea7c 
Dealt to 7a69302b 
Dealt to Hero [3s 2c]
Dealt to ce7873dd 
Dealt to 2fdc36e4 
Dealt to 9d856311 
ce7873dd: folds
2fdc36e4: raises $0.05 to $0.1
9d856311: folds
6b8aea7c: folds
7a69302b: folds
Hero: folds
Uncalled bet ($0.05) returned to 2fdc36e4
*** SHOWDOWN ***
2fdc36e4 collected $0.12 from pot
*** SUMMARY ***
Total pot $0.12 | Rake $0 | Jackpot $0 | Bingo $0 | Fortune $0 | Tax $0
Seat 1: 6b8aea7c (button) folded before Flop (didn't bet)
Seat 2: 7a69302b (small blind) folded before Flop
Seat 3: Hero (big blind) folded before Flop
Seat 4: ce7873dd folded before Flop (didn't bet)
Seat 5: 2fdc36e4 collected ($0.12)
Seat 6: 9d856311 folded before Flop (didn't bet)


Poker Hand #HD1596211615: Hold'em No Limit ($0.02/$0.05) - 2024/01/19 20:21:38
Table 'NLHBlue84' 6-max Seat #6 is the button
Seat 1: 6b8aea7c ($2.27 in chips)
Seat 2: 7a69302b ($5.69 in chips)
Seat 3: Hero ($5 in chips)
Seat 4: ce7873dd ($9.44 in chips)
Seat 5: 2fdc36e4 ($7.17 in chips)
Seat 6: 9d856311 ($0.16 in chips)
6b8aea7c: posts small blind $0.02
7a69302b: posts big blind $0.05
*** HOLE CARDS ***
Dealt to 6b8aea7c 
Dealt to 7a69302b 
Dealt to Hero [7d 5d]
Dealt to ce7873dd 
Dealt to 2fdc36e4 
Dealt to 9d856311 
Hero: folds
ce7873dd: folds
2fdc36e4: folds
9d856311: folds
6b8aea7c: raises $0.15 to $0.2
7a69302b: calls $0.15
*** FLOP *** [Ad 8s 9c]
6b8aea7c: bets $0.2
7a69302b: calls $0.2
*** TURN *** [Ad 8s 9c] [5c]
6b8aea7c: checks
7a69302b: bets $0.4
6b8aea7c: folds
Uncalled bet ($0.4) returned to 7a69302b
*** SHOWDOWN ***
7a69302b collected $0.76 from pot
*** SUMMARY ***
Total pot $0.8 | Rake $0.04 | Jackpot $0 | Bingo $0 | Fortune $0 | Tax $0
Board [Ad 8s 9c 5c]
Seat 1: 6b8aea7c (small blind) folded on the Turn
Seat 2: 7a69302b (big blind) won ($0.76)
Seat 3: Hero folded before Flop (didn't bet)
Seat 4: ce7873dd folded before Flop (didn't bet)
Seat 5: 2fdc36e4 folded before Flop (didn't bet)
Seat 6: 9d856311 (button) folded before Flop (didn't bet)


Poker Hand #HD1596211516: Hold'em No Limit ($0.02/$0.05) - 2024/01/19 20:20:43
Table 'NLHBlue84' 6-max Seat #5 is the button
Seat 1: 6b8aea7c ($2.32 in chips)
Seat 2: 7a69302b ($5.69 in chips)
Seat 3: Hero ($5 in chips)
Seat 4: ce7873dd ($7.44 in chips)
Seat 5: 2fdc36e4 ($8.25 in chips)
Seat 6: 9d856311 ($1.24 in chips)
9d856311: posts small blind $0.02
6b8aea7c: posts big blind $0.05
*** HOLE CARDS ***
Dealt to 6b8aea7c 
Dealt to 7a69302b 
Dealt to Hero [7s 3s]
Dealt to ce7873dd 
Dealt to 2fdc36e4 
Dealt to 9d856311 
7a69302b: folds
Hero: folds
ce7873dd: raises $0.1 to $0.15
2fdc36e4: calls $0.15
9d856311: calls $0.13
6b8aea7c: folds
*** FLOP *** [5s 6s 6d]
9d856311: checks
ce7873dd: bets $0.38
2fdc36e4: calls $0.38
9d856311: calls $0.38
*** TURN *** [5s 6s 6d] [5d]
9d856311: checks
ce7873dd: checks
2fdc36e4: bets $0.55
9d856311: calls $0.55
ce7873dd: calls $0.55
*** RIVER *** [5s 6s 6d 5d] [8d]
9d856311: checks
ce7873dd: checks
2fdc36e4: checks
9d856311: shows [As Ts] (Pair of Sixes and Pair of Fives)
ce7873dd: shows [Qc Qs] (Pair of Queens and Pair of Sixes)
2fdc36e4: shows [Jd Ah] (Pair of Sixes and Pair of Fives)
*** SHOWDOWN ***
ce7873dd collected $3.08 from pot
*** SUMMARY ***
Total pot $3.29 | Rake $0.16 | Jackpot $0.05 | Bingo $0 | Fortune $0 | Tax $0
Board [5s 6s 6d 5d 8d]
Seat 1: 6b8aea7c (big blind) folded before Flop
Seat 2: 7a69302b folded before Flop (didn't bet)
Seat 3: Hero folded before Flop (didn't bet)
Seat 4: ce7873dd showed [Qc Qs] and won ($3.08) with Pair of Queens and Pair of Sixes
Seat 5: 2fdc36e4 (button) showed [Jd Ah] and lost with Pair of Sixes and Pair of Fives
Seat 6: 9d856311 (small blind) showed [As Ts] and lost with Pair of Sixes and Pair of Fives


Poker Hand #HD1596211449: Hold'em No Limit ($0.02/$0.05) - 2024/01/19 20:20:06
Table 'NLHBlue84' 6-max Seat #4 is the button
Seat 1: 6b8aea7c ($2.32 in chips)
Seat 2: 7a69302b ($5.69 in chips)
Seat 3: Hero ($5.11 in chips)
Seat 4: ce7873dd ($7.05 in chips)
Seat 5: 2fdc36e4 ($8.27 in chips)
Seat 6: 9d856311 ($1.29 in chips)
2fdc36e4: posts small blind $0.02
9d856311: posts big blind $0.05
*** HOLE CARDS ***
Dealt to 6b8aea7c 
Dealt to 7a69302b 
Dealt to Hero [Qc Jc]
Dealt to ce7873dd 
Dealt to 2fdc36e4 
Dealt to 9d856311 
6b8aea7c: folds
7a69302b: folds
Hero: raises $0.07 to $0.12
ce7873dd: raises $0.24 to $0.36
2fdc36e4: folds
9d856311: folds
Hero: calls $0.24
*** FLOP *** [As 5s 7c]
Hero: checks
ce7873dd: bets $0.4
Hero: folds
Uncalled bet ($0.4) returned to ce7873dd
*** SHOWDOWN ***
ce7873dd collected $0.75 from pot
*** SUMMARY ***
Total pot $0.79 | Rake $0.04 | Jackpot $0 | Bingo $0 | Fortune $0 | Tax $0
Board [As 5s 7c]
Seat 1: 6b8aea7c folded before Flop (didn't bet)
Seat 2: 7a69302b folded before Flop (didn't bet)
Seat 3: Hero folded on the Flop
Seat 4: ce7873dd (button) won ($0.75)
Seat 5: 2fdc36e4 (small blind) folded before Flop
Seat 6: 9d856311 (big blind) folded before Flop


Poker Hand #HD1596211418: Hold'em No Limit ($0.02/$0.05) - 2024/01/19 20:19:52
Table 'NLHBlue84' 6-max Seat #3 is the button
Seat 1: 6b8aea7c ($2.32 in chips)
Seat 2: 7a69302b ($5.69 in chips)
Seat 3: Hero ($5.11 in chips)
Seat 4: ce7873dd ($7.07 in chips)
Seat 5: 2fdc36e4 ($8.25 in chips)
Seat 6: 9d856311 ($1.29 in chips)
ce7873dd: posts small blind $0.02
2fdc36e4: posts big blind $0.05
*** HOLE CARDS ***
Dealt to 6b8aea7c 
Dealt to 7a69302b 
Dealt to Hero [Td 4c]
Dealt to ce7873dd 
Dealt to 2fdc36e4 
Dealt to 9d856311 
9d856311: folds
6b8aea7c: folds
7a69302b: folds
Hero: folds
ce7873dd: folds
Uncalled bet ($0.03) returned to 2fdc36e4
*** SHOWDOWN ***
2fdc36e4 collected $0.04 from pot
*** SUMMARY ***
Total pot $0.04 | Rake $0 | Jackpot $0 | Bingo $0 | Fortune $0 | Tax $0
Seat 1: 6b8aea7c folded before Flop (didn't bet)
Seat 2: 7a69302b folded before Flop (didn't bet)
Seat 3: Hero (button) folded before Flop (didn't bet)
Seat 4: ce7873dd (small blind) folded before Flop
Seat 5: 2fdc36e4 (big blind) collected ($0.04)
Seat 6: 9d856311 folded before Flop (didn't bet)


Poker Hand #HD1596211385: Hold'em No Limit ($0.02/$0.05) - 2024/01/19 20:19:36
Table 'NLHBlue84' 6-max Seat #2 is the button
Seat 1: 6b8aea7c ($2.32 in chips)
Seat 2: 7a69302b ($5.69 in chips)
Seat 3: Hero ($5.13 in chips)
Seat 4: ce7873dd ($7.05 in chips)
Seat 5: 2fdc36e4 ($8.25 in chips)
Seat 6: 9d856311 ($1.29 in chips)
Hero: posts small blind $0.02
ce7873dd: posts big blind $0.05
*** HOLE CARDS ***
Dealt to 6b8aea7c 
Dealt to 7a69302b 
Dealt to Hero [3c Kd]
Dealt to ce7873dd 
Dealt to 2fdc36e4 
Dealt to 9d856311 
2fdc36e4: folds
9d856311: folds
6b8aea7c: folds
7a69302b: folds
Hero: folds
Uncalled bet ($0.03) returned to ce7873dd
*** SHOWDOWN ***
ce7873dd collected $0.04 from pot
*** SUMMARY ***
Total pot $0.04 | Rake $0 | Jackpot $0 | Bingo $0 | Fortune $0 | Tax $0
Seat 1: 6b8aea7c folded before Flop (didn't bet)
Seat 2: 7a69302b (button) folded before Flop (didn't bet)
Seat 3: Hero (small blind) folded before Flop
Seat 4: ce7873dd (big blind) collected ($0.04)
Seat 5: 2fdc36e4 folded before Flop (didn't bet)
Seat 6: 9d856311 folded before Flop (didn't bet)


Poker Hand #HD1596211344: Hold'em No Limit ($0.02/$0.05) - 2024/01/19 20:19:16
Table 'NLHBlue84' 6-max Seat #1 is the button
Seat 1: 6b8aea7c ($2.25 in chips)
Seat 2: 7a69302b ($5.71 in chips)
Seat 3: Hero ($5.18 in chips)
Seat 4: ce7873dd ($7.05 in chips)
Seat 5: 2fdc36e4 ($8.25 in chips)
Seat 6: 9d856311 ($1.29 in chips)
7a69302b: posts small blind $0.02
Hero: posts big blind $0.05
*** HOLE CARDS ***
Dealt to 6b8aea7c 
Dealt to 7a69302b 
Dealt to Hero [5c Tc]
Dealt to ce7873dd 
Dealt to 2fdc36e4 
Dealt to 9d856311 
ce7873dd: folds
2fdc36e4: folds
9d856311: folds
6b8aea7c: raises $0.15 to $0.2
7a69302b: folds
Hero: folds
Uncalled bet ($0.15) returned to 6b8aea7c
*** SHOWDOWN ***
6b8aea7c collected $0.12 from pot
*** SUMMARY ***
Total pot $0.12 | Rake $0 | Jackpot $0 | Bingo $0 | Fortune $0 | Tax $0
Seat 1: 6b8aea7c (button) collected ($0.12)
Seat 2: 7a69302b (small blind) folded before Flop
Seat 3: Hero (big blind) folded before Flop
Seat 4: ce7873dd folded before Flop (didn't bet)
Seat 5: 2fdc36e4 folded before Flop (didn't bet)
Seat 6: 9d856311 folded before Flop (didn't bet)


Poker Hand #HD1596211223: Hold'em No Limit ($0.02/$0.05) - 2024/01/19 20:18:16
Table 'NLHBlue84' 6-max Seat #6 is the button
Seat 1: 6b8aea7c ($2.27 in chips)
Seat 2: 7a69302b ($5.76 in chips)
Seat 3: Hero ($5.18 in chips)
Seat 4: ce7873dd ($6.54 in chips)
Seat 5: 2fdc36e4 ($8.25 in chips)
Seat 6: 9d856311 ($1.78 in chips)
6b8aea7c: posts small blind $0.02
7a69302b: posts big blind $0.05
*** HOLE CARDS ***
Dealt to 6b8aea7c 
Dealt to 7a69302b 
Dealt to Hero [9d Qh]
Dealt to ce7873dd 
Dealt to 2fdc36e4 
Dealt to 9d856311 
Hero: folds
ce7873dd: raises $0.1 to $0.15
2fdc36e4: folds
9d856311: calls $0.15
6b8aea7c: folds
7a69302b: folds
*** FLOP *** [7h Qs Js]
ce7873dd: checks
9d856311: checks
*** TURN *** [7h Qs Js] [Ks]
ce7873dd: bets $0.13
9d856311: calls $0.13
*** RIVER *** [7h Qs Js Ks] [8s]
ce7873dd: bets $0.21
9d856311: calls $0.21
ce7873dd: shows [As Qd] (Ace High Flush)
9d856311: shows [Jd Kd] (Pair of Kings and Pair of Jacks)
*** SHOWDOWN ***
ce7873dd collected $1 from pot
*** SUMMARY ***
Total pot $1.05 | Rake $0.05 | Jackpot $0 | Bingo $0 | Fortune $0 | Tax $0
Board [7h Qs Js Ks 8s]
Seat 1: 6b8aea7c (small blind) folded before Flop
Seat 2: 7a69302b (big blind) folded before Flop
Seat 3: Hero folded before Flop (didn't bet)
Seat 4: ce7873dd showed [As Qd] and won ($1) with Ace High Flush
Seat 5: 2fdc36e4 folded before Flop (didn't bet)
Seat 6: 9d856311 (button) showed [Jd Kd] and lost with Pair of Kings and Pair of Jacks


Poker Hand #HD1596211131: Hold'em No Limit ($0.02/$0.05) - 2024/01/19 20:17:27
Table 'NLHBlue84' 6-max Seat #5 is the button
Seat 1: 6b8aea7c ($2.37 in chips)
Seat 2: 7a69302b ($5.76 in chips)
Seat 3: Hero ($5.18 in chips)
Seat 4: ce7873dd ($6.64 in chips)
Seat 5: 2fdc36e4 ($7.85 in chips)
Seat 6: 9d856311 ($2.02 in chips)
9d856311: posts small blind $0.02
6b8aea7c: posts big blind $0.05
*** HOLE CARDS ***
Dealt to 6b8aea7c 
Dealt to 7a69302b 
Dealt to Hero [Js 9d]
Dealt to ce7873dd 
Dealt to 2fdc36e4 
Dealt to 9d856311 
7a69302b: folds
Hero: folds
ce7873dd: raises $0.05 to $0.1
2fdc36e4: calls $0.1
9d856311: calls $0.08
6b8aea7c: calls $0.05
*** FLOP *** [3h 6c 5s]
9d856311: checks
6b8aea7c: checks
ce7873dd: checks
2fdc36e4: bets $0.14
9d856311: calls $0.14
6b8aea7c: folds
ce7873dd: folds
*** TURN *** [3h 6c 5s] [Ks]
9d856311: checks
2fdc36e4: checks
*** RIVER *** [3h 6c 5s Ks] [3s]
9d856311: checks
2fdc36e4: checks
9d856311: shows [5h Ah] (Pair of Fives and Pair of Treys)
2fdc36e4: shows [7d 7c] (Pair of Sevens and Pair of Treys)
*** SHOWDOWN ***
2fdc36e4 collected $0.64 from pot
*** SUMMARY ***
Total pot $0.68 | Rake $0.04 | Jackpot $0 | Bingo $0 | Fortune $0 | Tax $0
Board [3h 6c 5s Ks 3s]
Seat 1: 6b8aea7c (big blind) folded on the Flop
Seat 2: 7a69302b folded before Flop (didn't bet)
Seat 3: Hero folded before Flop (didn't bet)
Seat 4: ce7873dd folded on the Flop
Seat 5: 2fdc36e4 (button) showed [7d 7c] and won ($0.64) with Pair of Sevens and Pair of Treys
Seat 6: 9d856311 (small blind) showed [5h Ah] and lost with Pair of Fives and Pair of Treys


Poker Hand #HD1596211011: Hold'em No Limit ($0.02/$0.05) - 2024/01/19 20:16:22
Table 'NLHBlue84' 6-max Seat #4 is the button
Seat 1: 6b8aea7c ($2.37 in chips)
Seat 2: 7a69302b ($6.08 in chips)
Seat 3: Hero ($5.18 in chips)
Seat 4: ce7873dd ($6 in chips)
Seat 5: 2fdc36e4 ($8.17 in chips)
Seat 6: 9d856311 ($2.07 in chips)
2fdc36e4: posts small blind $0.02
9d856311: posts big blind $0.05
*** HOLE CARDS ***
Dealt to 6b8aea7c 
Dealt to 7a69302b 
Dealt to Hero [2h Ac]
Dealt to ce7873dd 
Dealt to 2fdc36e4 
Dealt to 9d856311 
6b8aea7c: folds
7a69302b: raises $0.1 to $0.15
Hero: folds
ce7873dd: calls $0.15
2fdc36e4: calls $0.13
9d856311: folds
*** FLOP *** [8d 7s 3d]
2fdc36e4: checks
7a69302b: checks
ce7873dd: bets $0.17
2fdc36e4: calls $0.17
7a69302b: calls $0.17
*** TURN *** [8d 7s 3d] [4c]
2fdc36e4: checks
7a69302b: checks
ce7873dd: checks
*** RIVER *** [8d 7s 3d 4c] [5c]
2fdc36e4: checks
7a69302b: checks
ce7873dd: checks
2fdc36e4: shows [Jh Tc] (Jack-High)
7a69302b: shows [Js As] (Ace-High)
ce7873dd: shows [5s 5h] (Three Fives)
*** SHOWDOWN ***
ce7873dd collected $0.96 from pot
*** SUMMARY ***
Total pot $1.01 | Rake $0.05 | Jackpot $0 | Bingo $0 | Fortune $0 | Tax $0
Board [8d 7s 3d 4c 5c]
Seat 1: 6b8aea7c folded before Flop (didn't bet)
Seat 2: 7a69302b showed [Js As] and lost with Ace-High
Seat 3: Hero folded before Flop (didn't bet)
Seat 4: ce7873dd (button) showed [5s 5h] and won ($0.96) with Three Fives
Seat 5: 2fdc36e4 (small blind) showed [Jh Tc] and lost with Jack-High
Seat 6: 9d856311 (big blind) folded before Flop


Poker Hand #HD1596210899: Hold'em No Limit ($0.02/$0.05) - 2024/01/19 20:15:26
Table 'NLHBlue84' 6-max Seat #3 is the button
Seat 1: 6b8aea7c ($2.37 in chips)
Seat 2: 7a69302b ($6.08 in chips)
Seat 3: Hero ($5.18 in chips)
Seat 4: ce7873dd ($6.02 in chips)
Seat 5: 2fdc36e4 ($9.27 in chips)
Seat 6: 9d856311 ($1.1 in chips)
ce7873dd: posts small blind $0.02
2fdc36e4: posts big blind $0.05
*** HOLE CARDS ***
Dealt to 6b8aea7c 
Dealt to 7a69302b 
Dealt to Hero [2c 8d]
Dealt to ce7873dd 
Dealt to 2fdc36e4 
Dealt to 9d856311 
9d856311: calls $0.05
6b8aea7c: folds
7a69302b: folds
Hero: folds
ce7873dd: folds
2fdc36e4: raises $0.05 to $0.1
9d856311: calls $0.05
*** FLOP *** [4c Js Td]
2fdc36e4: checks
9d856311: bets $0.07
2fdc36e4: calls $0.07
*** TURN *** [4c Js Td] [5s]
2fdc36e4: checks
9d856311: checks
*** RIVER *** [4c Js Td 5s] [9s]
2fdc36e4: bets $0.27
9d856311: raises $0.66 to $0.93 and is all-in
2fdc36e4: calls $0.66
9d856311: shows [Ts Qs] (Queen High Flush)
2fdc36e4: shows [Jd Ac] (Pair of Jacks)
*** SHOWDOWN ***
9d856311 collected $2.07 from pot
*** SUMMARY ***
Total pot $2.22 | Rake $0.1 | Jackpot $0.05 | Bingo $0 | Fortune $0 | Tax $0
Board [4c Js Td 5s 9s]
Seat 1: 6b8aea7c folded before Flop (didn't bet)
Seat 2: 7a69302b folded before Flop (didn't bet)
Seat 3: Hero (button) folded before Flop (didn't bet)
Seat 4: ce7873dd (small blind) folded before Flop
Seat 5: 2fdc36e4 (big blind) showed [Jd Ac] and lost with Pair of Jacks
Seat 6: 9d856311 showed [Ts Qs] and won ($2.07) with Queen High Flush


Poker Hand #HD1596210885: Hold'em No Limit ($0.02/$0.05) - 2024/01/19 20:15:17
Table 'NLHBlue84' 6-max Seat #2 is the button
Seat 1: 6b8aea7c ($2.37 in chips)
Seat 2: 7a69302b ($6.08 in chips)
Seat 3: Hero ($5.2 in chips)
Seat 4: ce7873dd ($6 in chips)
Seat 5: 2fdc36e4 ($9.27 in chips)
Seat 6: 9d856311 ($1.1 in chips)
Hero: posts small blind $0.02
ce7873dd: posts big blind $0.05
*** HOLE CARDS ***
Dealt to 6b8aea7c 
Dealt to 7a69302b 
Dealt to Hero [6s Qc]
Dealt to ce7873dd 
Dealt to 2fdc36e4 
Dealt to 9d856311 
2fdc36e4: folds
9d856311: folds
6b8aea7c: folds
7a69302b: folds
Hero: folds
Uncalled bet ($0.03) returned to ce7873dd
*** SHOWDOWN ***
ce7873dd collected $0.04 from pot
*** SUMMARY ***
Total pot $0.04 | Rake $0 | Jackpot $0 | Bingo $0 | Fortune $0 | Tax $0
Seat 1: 6b8aea7c folded before Flop (didn't bet)
Seat 2: 7a69302b (button) folded before Flop (didn't bet)
Seat 3: Hero (small blind) folded before Flop
Seat 4: ce7873dd (big blind) collected ($0.04)
Seat 5: 2fdc36e4 folded before Flop (didn't bet)
Seat 6: 9d856311 folded before Flop (didn't bet)


Poker Hand #HD1596210771: Hold'em No Limit ($0.02/$0.05) - 2024/01/19 20:14:14
Table 'NLHBlue84' 6-max Seat #1 is the button
Seat 1: 6b8aea7c ($2.37 in chips)
Seat 2: 7a69302b ($5.51 in chips)
Seat 3: Hero ($5.83 in chips)
Seat 4: ce7873dd ($6 in chips)
Seat 5: 2fdc36e4 ($9.27 in chips)
Seat 6: 9d856311 ($1.1 in chips)
7a69302b: posts small blind $0.02
Hero: posts big blind $0.05
*** HOLE CARDS ***
Dealt to 6b8aea7c 
Dealt to 7a69302b 
Dealt to Hero [4d Qd]
Dealt to ce7873dd 
Dealt to 2fdc36e4 
Dealt to 9d856311 
ce7873dd: folds
2fdc36e4: folds
9d856311: folds
6b8aea7c: folds
7a69302b: raises $0.1 to $0.15
Hero: calls $0.1
*** FLOP *** [Ts 3d Kd]
7a69302b: bets $0.1
Hero: calls $0.1
*** TURN *** [Ts 3d Kd] [6h]
7a69302b: checks
Hero: bets $0.38
7a69302b: calls $0.38
*** RIVER *** [Ts 3d Kd 6h] [Ks]
7a69302b: checks
Hero: checks
7a69302b: shows [Qc Tc] (Pair of Kings and Pair of Tens)
Hero: shows [4d Qd] (Pair of Kings)
*** SHOWDOWN ***
7a69302b collected $1.2 from pot
*** SUMMARY ***
Total pot $1.26 | Rake $0.06 | Jackpot $0 | Bingo $0 | Fortune $0 | Tax $0
Board [Ts 3d Kd 6h Ks]
Seat 1: 6b8aea7c (button) folded before Flop (didn't bet)
Seat 2: 7a69302b (small blind) showed [Qc Tc] and won ($1.2) with Pair of Kings and Pair of Tens
Seat 3: Hero (big blind) showed [4d Qd] and lost with Pair of Kings
Seat 4: ce7873dd folded before Flop (didn't bet)
Seat 5: 2fdc36e4 folded before Flop (didn't bet)
Seat 6: 9d856311 folded before Flop (didn't bet)


Poker Hand #HD1596210717: Hold'em No Limit ($0.02/$0.05) - 2024/01/19 20:13:45
Table 'NLHBlue84' 6-max Seat #6 is the button
Seat 1: 6b8aea7c ($2.25 in chips)
Seat 2: 7a69302b ($5.64 in chips)
Seat 3: Hero ($5.83 in chips)
Seat 4: ce7873dd ($6 in chips)
Seat 5: 2fdc36e4 ($9.27 in chips)
Seat 6: 9d856311 ($1.1 in chips)
6b8aea7c: posts small blind $0.02
7a69302b: posts big blind $0.05
*** HOLE CARDS ***
Dealt to 6b8aea7c 
Dealt to 7a69302b 
Dealt to Hero [Jc 5s]
Dealt to ce7873dd 
Dealt to 2fdc36e4 
Dealt to 9d856311 
Hero: folds
ce7873dd: folds
2fdc36e4: folds
9d856311: folds
6b8aea7c: calls $0.03
7a69302b: checks
*** FLOP *** [6h 5h Kc]
6b8aea7c: bets $0.08
7a69302b: calls $0.08
*** TURN *** [6h 5h Kc] [5d]
6b8aea7c: bets $0.2
7a69302b: folds
Uncalled bet ($0.2) returned to 6b8aea7c
*** SHOWDOWN ***
6b8aea7c collected $0.25 from pot
*** SUMMARY ***
Total pot $0.26 | Rake $0.01 | Jackpot $0 | Bingo $0 | Fortune $0 | Tax $0
Board [6h 5h Kc 5d]
Seat 1: 6b8aea7c (small blind) won ($0.25)
Seat 2: 7a69302b (big blind) folded on the Turn
Seat 3: Hero folded before Flop (didn't bet)
Seat 4: ce7873dd folded before Flop (didn't bet)
Seat 5: 2fdc36e4 folded before Flop (didn't bet)
Seat 6: 9d856311 (button) folded before Flop (didn't bet)


Poker Hand #HD1596210699: Hold'em No Limit ($0.02/$0.05) - 2024/01/19 20:13:34
Table 'NLHBlue84' 6-max Seat #5 is the button
Seat 1: 6b8aea7c ($2.3 in chips)
Seat 2: 7a69302b ($5.57 in chips)
Seat 3: Hero ($5.83 in chips)
Seat 4: ce7873dd ($6 in chips)
Seat 5: 2fdc36e4 ($9.27 in chips)
Seat 6: 9d856311 ($1.12 in chips)
9d856311: posts small blind $0.02
6b8aea7c: posts big blind $0.05
*** HOLE CARDS ***
Dealt to 6b8aea7c 
Dealt to 7a69302b 
Dealt to Hero [As 5s]
Dealt to ce7873dd 
Dealt to 2fdc36e4 
Dealt to 9d856311 
7a69302b: raises $0.1 to $0.15
Hero: folds
ce7873dd: folds
2fdc36e4: folds
9d856311: folds
6b8aea7c: folds
Uncalled bet ($0.1) returned to 7a69302b
*** SHOWDOWN ***
7a69302b collected $0.12 from pot
*** SUMMARY ***
Total pot $0.12 | Rake $0 | Jackpot $0 | Bingo $0 | Fortune $0 | Tax $0
Seat 1: 6b8aea7c (big blind) folded before Flop
Seat 2: 7a69302b collected ($0.12)
Seat 3: Hero folded before Flop (didn't bet)
Seat 4: ce7873dd folded before Flop (didn't bet)
Seat 5: 2fdc36e4 (button) folded before Flop (didn't bet)
Seat 6: 9d856311 (small blind) folded before Flop


Poker Hand #HD1596210608: Hold'em No Limit ($0.02/$0.05) - 2024/01/19 20:12:43
Table 'NLHBlue84' 6-max Seat #4 is the button
Seat 1: 6b8aea7c ($2.3 in chips)
Seat 2: 7a69302b ($5.81 in chips)
Seat 3: Hero ($5.83 in chips)
Seat 4: ce7873dd ($5.71 in chips)
Seat 5: 2fdc36e4 ($9.29 in chips)
Seat 6: 9d856311 ($1.17 in chips)
2fdc36e4: posts small blind $0.02
9d856311: posts big blind $0.05
*** HOLE CARDS ***
Dealt to 6b8aea7c 
Dealt to 7a69302b 
Dealt to Hero [4s Th]
Dealt to ce7873dd 
Dealt to 2fdc36e4 
Dealt to 9d856311 
6b8aea7c: folds
7a69302b: raises $0.05 to $0.1
Hero: folds
ce7873dd: calls $0.1
2fdc36e4: folds
9d856311: folds
*** FLOP *** [3h 5d 8h]
7a69302b: checks
ce7873dd: checks
*** TURN *** [3h 5d 8h] [Ts]
7a69302b: bets $0.14
ce7873dd: calls $0.14
*** RIVER *** [3h 5d 8h Ts] [2d]
7a69302b: checks
ce7873dd: bets $0.66
7a69302b: folds
Uncalled bet ($0.66) returned to ce7873dd
*** SHOWDOWN ***
ce7873dd collected $0.53 from pot
*** SUMMARY ***
Total pot $0.55 | Rake $0.02 | Jackpot $0 | Bingo $0 | Fortune $0 | Tax $0
Board [3h 5d 8h Ts 2d]
Seat 1: 6b8aea7c folded before Flop (didn't bet)
Seat 2: 7a69302b folded on the River
Seat 3: Hero folded before Flop (didn't bet)
Seat 4: ce7873dd (button) won ($0.53)
Seat 5: 2fdc36e4 (small blind) folded before Flop
Seat 6: 9d856311 (big blind) folded before Flop


Poker Hand #HD1596210535: Hold'em No Limit ($0.02/$0.05) - 2024/01/19 20:12:07
Table 'NLHBlue84' 6-max Seat #3 is the button
Seat 1: 6b8aea7c ($2.61 in chips)
Seat 2: 7a69302b ($5.81 in chips)
Seat 3: Hero ($5.83 in chips)
Seat 4: ce7873dd ($5.73 in chips)
Seat 5: 2fdc36e4 ($8.99 in chips)
Seat 6: 9d856311 ($1.17 in chips)
ce7873dd: posts small blind $0.02
2fdc36e4: posts big blind $0.05
*** HOLE CARDS ***
Dealt to 6b8aea7c 
Dealt to 7a69302b 
Dealt to Hero [Qc 2c]
Dealt to ce7873dd 
Dealt to 2fdc36e4 
Dealt to 9d856311 
9d856311: folds
6b8aea7c: raises $0.1 to $0.15
7a69302b: folds
Hero: folds
ce7873dd: folds
2fdc36e4: calls $0.1
*** FLOP *** [Jc 3s Kh]
2fdc36e4: checks
6b8aea7c: bets $0.16
2fdc36e4: calls $0.16
*** TURN *** [Jc 3s Kh] [Qd]
2fdc36e4: checks
6b8aea7c: checks
*** RIVER *** [Jc 3s Kh Qd] [9c]
2fdc36e4: bets $0.32
6b8aea7c: folds
Uncalled bet ($0.32) returned to 2fdc36e4
*** SHOWDOWN ***
2fdc36e4 collected $0.61 from pot
*** SUMMARY ***
Total pot $0.64 | Rake $0.03 | Jackpot $0 | Bingo $0 | Fortune $0 | Tax $0
Board [Jc 3s Kh Qd 9c]
Seat 1: 6b8aea7c folded on the River
Seat 2: 7a69302b folded before Flop (didn't bet)
Seat 3: Hero (button) folded before Flop (didn't bet)
Seat 4: ce7873dd (small blind) folded before Flop
Seat 5: 2fdc36e4 (big blind) won ($0.61)
Seat 6: 9d856311 folded before Flop (didn't bet)


Poker Hand #HD1596210444: Hold'em No Limit ($0.02/$0.05) - 2024/01/19 20:11:23
Table 'NLHBlue84' 6-max Seat #2 is the button
Seat 1: 6b8aea7c ($2.92 in chips)
Seat 2: 7a69302b ($5.81 in chips)
Seat 3: Hero ($5.85 in chips)
Seat 4: ce7873dd ($5.43 in chips)
Seat 5: 2fdc36e4 ($8.99 in chips)
Seat 6: 9d856311 ($1.17 in chips)
Hero: posts small blind $0.02
ce7873dd: posts big blind $0.05
*** HOLE CARDS ***
Dealt to 6b8aea7c 
Dealt to 7a69302b 
Dealt to Hero [4d Kd]
Dealt to ce7873dd 
Dealt to 2fdc36e4 
Dealt to 9d856311 
2fdc36e4: folds
9d856311: folds
6b8aea7c: raises $0.1 to $0.15
7a69302b: folds
Hero: folds
ce7873dd: calls $0.1
*** FLOP *** [Tc 6d 9c]
ce7873dd: checks
6b8aea7c: checks
*** TURN *** [Tc 6d 9c] [5d]
ce7873dd: bets $0.16
6b8aea7c: calls $0.16
*** RIVER *** [Tc 6d 9c 5d] [8c]
ce7873dd: bets $0.22
6b8aea7c: folds
Uncalled bet ($0.22) returned to ce7873dd
*** SHOWDOWN ***
ce7873dd collected $0.61 from pot
*** SUMMARY ***
Total pot $0.64 | Rake $0.03 | Jackpot $0 | Bingo $0 | Fortune $0 | Tax $0
Board [Tc 6d 9c 5d 8c]
Seat 1: 6b8aea7c folded on the River
Seat 2: 7a69302b (button) folded before Flop (didn't bet)
Seat 3: Hero (small blind) folded before Flop
Seat 4: ce7873dd (big blind) won ($0.61)
Seat 5: 2fdc36e4 folded before Flop (didn't bet)
Seat 6: 9d856311 folded before Flop (didn't bet)


Poker Hand #HD1596210421: Hold'em No Limit ($0.02/$0.05) - 2024/01/19 20:11:12
Table 'NLHBlue84' 6-max Seat #1 is the button
Seat 1: 6b8aea7c ($2.92 in chips)
Seat 2: 7a69302b ($5.83 in chips)
Seat 3: Hero ($5.9 in chips)
Seat 4: ce7873dd ($5.36 in chips)
Seat 5: 2fdc36e4 ($8.99 in chips)
Seat 6: 9d856311 ($1.17 in chips)
7a69302b: posts small blind $0.02
Hero: posts big blind $0.05
*** HOLE CARDS ***
Dealt to 6b8aea7c 
Dealt to 7a69302b 
Dealt to Hero [5s 3c]
Dealt to ce7873dd 
Dealt to 2fdc36e4 
Dealt to 9d856311 
ce7873dd: raises $0.1 to $0.15
2fdc36e4: folds
9d856311: folds
6b8aea7c: folds
7a69302b: folds
Hero: folds
Uncalled bet ($0.1) returned to ce7873dd
*** SHOWDOWN ***
ce7873dd collected $0.12 from pot
*** SUMMARY ***
Total pot $0.12 | Rake $0 | Jackpot $0 | Bingo $0 | Fortune $0 | Tax $0
Seat 1: 6b8aea7c (button) folded before Flop (didn't bet)
Seat 2: 7a69302b (small blind) folded before Flop
Seat 3: Hero (big blind) folded before Flop
Seat 4: ce7873dd collected ($0.12)
Seat 5: 2fdc36e4 folded before Flop (didn't bet)
Seat 6: 9d856311 folded before Flop (didn't bet)


Poker Hand #HD1596210364: Hold'em No Limit ($0.02/$0.05) - 2024/01/19 20:10:42
Table 'NLHBlue84' 6-max Seat #6 is the button
Seat 1: 6b8aea7c ($2.58 in chips)
Seat 2: 7a69302b ($5.88 in chips)
Seat 3: Hero ($5.9 in chips)
Seat 4: ce7873dd ($5.36 in chips)
Seat 5: 2fdc36e4 ($8.99 in chips)
Seat 6: 9d856311 ($1.5 in chips)
6b8aea7c: posts small blind $0.02
7a69302b: posts big blind $0.05
*** HOLE CARDS ***
Dealt to 6b8aea7c 
Dealt to 7a69302b 
Dealt to Hero [8h 2h]
Dealt to ce7873dd 
Dealt to 2fdc36e4 
Dealt to 9d856311 
Hero: folds
ce7873dd: folds
2fdc36e4: folds
9d856311: raises $0.1 to $0.15
6b8aea7c: calls $0.13
7a69302b: folds
*** FLOP *** [Ac 5d 4h]
6b8aea7c: checks
9d856311: bets $0.18
6b8aea7c: raises $0.24 to $0.42
9d856311: folds
Uncalled bet ($0.24) returned to 6b8aea7c
9d856311: shows [Qd Qc] (Pair of Queens)
*** SHOWDOWN ***
6b8aea7c collected $0.67 from pot
*** SUMMARY ***
Total pot $0.71 | Rake $0.04 | Jackpot $0 | Bingo $0 | Fortune $0 | Tax $0
Board [Ac 5d 4h]
Seat 1: 6b8aea7c (small blind) won ($0.67)
Seat 2: 7a69302b (big blind) folded before Flop
Seat 3: Hero folded before Flop (didn't bet)
Seat 4: ce7873dd folded before Flop (didn't bet)
Seat 5: 2fdc36e4 folded before Flop (didn't bet)
Seat 6: 9d856311 (button) folded on the Flop


Poker Hand #HD1596210316: Hold'em No Limit ($0.02/$0.05) - 2024/01/19 20:10:16
Table 'NLHBlue84' 6-max Seat #5 is the button
Seat 1: 6b8aea7c ($2.63 in chips)
Seat 2: 7a69302b ($5.88 in chips)
Seat 3: Hero ($5.61 in chips)
Seat 4: ce7873dd ($5.48 in chips)
Seat 5: 2fdc36e4 ($9.11 in chips)
Seat 6: 9d856311 ($1.52 in chips)
9d856311: posts small blind $0.02
6b8aea7c: posts big blind $0.05
*** HOLE CARDS ***
Dealt to 6b8aea7c 
Dealt to 7a69302b 
Dealt to Hero [Jh Ad]
Dealt to ce7873dd 
Dealt to 2fdc36e4 
Dealt to 9d856311 
7a69302b: folds
Hero: raises $0.07 to $0.12
ce7873dd: calls $0.12
2fdc36e4: calls $0.12
9d856311: folds
6b8aea7c: folds
*** FLOP *** [As 2d 5d]
Hero: bets $0.33
ce7873dd: folds
2fdc36e4: folds
Uncalled bet ($0.33) returned to Hero
*** SHOWDOWN ***
Hero collected $0.41 from pot
*** SUMMARY ***
Total pot $0.43 | Rake $0.02 | Jackpot $0 | Bingo $0 | Fortune $0 | Tax $0
Board [As 2d 5d]
Seat 1: 6b8aea7c (big blind) folded before Flop
Seat 2: 7a69302b folded before Flop (didn't bet)
Seat 3: Hero won ($0.41)
Seat 4: ce7873dd folded on the Flop
Seat 5: 2fdc36e4 (button) folded on the Flop
Seat 6: 9d856311 (small blind) folded before Flop


Poker Hand #HD1596210252: Hold'em No Limit ($0.02/$0.05) - 2024/01/19 20:09:40
Table 'NLHBlue84' 6-max Seat #4 is the button
Seat 1: 6b8aea7c ($2.63 in chips)
Seat 2: 7a69302b ($5.88 in chips)
Seat 3: Hero ($5.61 in chips)
Seat 4: ce7873dd ($5.48 in chips)
Seat 5: 2fdc36e4 ($9.16 in chips)
Seat 6: 9d856311 ($1.47 in chips)
2fdc36e4: posts small blind $0.02
9d856311: posts big blind $0.05
*** HOLE CARDS ***
Dealt to 6b8aea7c 
Dealt to 7a69302b 
Dealt to Hero [7h Td]
Dealt to ce7873dd 
Dealt to 2fdc36e4 
Dealt to 9d856311 
6b8aea7c: folds
7a69302b: folds
Hero: folds
ce7873dd: folds
2fdc36e4: calls $0.03
9d856311: checks
*** FLOP *** [4c 7d Qh]
2fdc36e4: checks
9d856311: checks
*** TURN *** [4c 7d Qh] [5d]
2fdc36e4: checks
9d856311: checks
*** RIVER *** [4c 7d Qh 5d] [4d]
2fdc36e4: checks
9d856311: checks
2fdc36e4: shows [Jh 9c] (Pair of Fours)
9d856311: shows [Ad Th] (Pair of Fours)
*** SHOWDOWN ***
9d856311 collected $0.1 from pot
*** SUMMARY ***
Total pot $0.1 | Rake $0 | Jackpot $0 | Bingo $0 | Fortune $0 | Tax $0
Board [4c 7d Qh 5d 4d]
Seat 1: 6b8aea7c folded before Flop (didn't bet)
Seat 2: 7a69302b folded before Flop (didn't bet)
Seat 3: Hero folded before Flop (didn't bet)
Seat 4: ce7873dd (button) folded before Flop (didn't bet)
Seat 5: 2fdc36e4 (small blind) showed [Jh 9c] and lost with Pair of Fours
Seat 6: 9d856311 (big blind) showed [Ad Th] and won ($0.1) with Pair of Fours


Poker Hand #HD1596210151: Hold'em No Limit ($0.02/$0.05) - 2024/01/19 20:08:54
Table 'NLHBlue84' 6-max Seat #3 is the button
Seat 1: 6b8aea7c ($2.63 in chips)
Seat 2: 7a69302b ($5.88 in chips)
Seat 3: Hero ($5.73 in chips)
Seat 4: ce7873dd ($5.5 in chips)
Seat 5: 2fdc36e4 ($9.41 in chips)
Seat 6: 9d856311 ($1.11 in chips)
ce7873dd: posts small blind $0.02
2fdc36e4: posts big blind $0.05
*** HOLE CARDS ***
Dealt to 6b8aea7c 
Dealt to 7a69302b 
Dealt to Hero [6h 5h]
Dealt to ce7873dd 
Dealt to 2fdc36e4 
Dealt to 9d856311 
9d856311: raises $0.07 to $0.12
6b8aea7c: folds
7a69302b: folds
Hero: calls $0.12
ce7873dd: folds
2fdc36e4: calls $0.07
*** FLOP *** [4d 6d Ac]
2fdc36e4: checks
9d856311: checks
Hero: checks
*** TURN *** [4d 6d Ac] [9c]
2fdc36e4: bets $0.13
9d856311: calls $0.13
Hero: folds
*** RIVER *** [4d 6d Ac 9c] [3h]
2fdc36e4: checks
9d856311: checks
2fdc36e4: shows [Qc Kd] (Ace-High)
9d856311: shows [Qs Qd] (Pair of Queens)
*** SHOWDOWN ***
9d856311 collected $0.61 from pot
*** SUMMARY ***
Total pot $0.64 | Rake $0.03 | Jackpot $0 | Bingo $0 | Fortune $0 | Tax $0
Board [4d 6d Ac 9c 3h]
Seat 1: 6b8aea7c folded before Flop (didn't bet)
Seat 2: 7a69302b folded before Flop (didn't bet)
Seat 3: Hero (button) folded on the Turn
Seat 4: ce7873dd (small blind) folded before Flop
Seat 5: 2fdc36e4 (big blind) showed [Qc Kd] and lost with Ace-High
Seat 6: 9d856311 showed [Qs Qd] and won ($0.61) with Pair of Queens


Poker Hand #HD1596210076: Hold'em No Limit ($0.02/$0.05) - 2024/01/19 20:08:14
Table 'NLHBlue84' 6-max Seat #2 is the button
Seat 1: 6b8aea7c ($2.63 in chips)
Seat 2: 7a69302b ($5.72 in chips)
Seat 3: Hero ($5.75 in chips)
Seat 4: ce7873dd ($5.65 in chips)
Seat 5: 2fdc36e4 ($9.41 in chips)
Seat 6: 9d856311 ($1.11 in chips)
Hero: posts small blind $0.02
ce7873dd: posts big blind $0.05
*** HOLE CARDS ***
Dealt to 6b8aea7c 
Dealt to 7a69302b 
Dealt to Hero [Tc 2h]
Dealt to ce7873dd 
Dealt to 2fdc36e4 
Dealt to 9d856311 
2fdc36e4: folds
9d856311: folds
6b8aea7c: folds
7a69302b: raises $0.1 to $0.15
Hero: folds
ce7873dd: calls $0.1
*** FLOP *** [4d Ts 6h]
ce7873dd: checks
7a69302b: bets $0.16
ce7873dd: folds
Uncalled bet ($0.16) returned to 7a69302b
*** SHOWDOWN ***
7a69302b collected $0.31 from pot
*** SUMMARY ***
Total pot $0.32 | Rake $0.01 | Jackpot $0 | Bingo $0 | Fortune $0 | Tax $0
Board [4d Ts 6h]
Seat 1: 6b8aea7c folded before Flop (didn't bet)
Seat 2: 7a69302b (button) won ($0.31)
Seat 3: Hero (small blind) folded before Flop
Seat 4: ce7873dd (big blind) folded on the Flop
Seat 5: 2fdc36e4 folded before Flop (didn't bet)
Seat 6: 9d856311 folded before Flop (didn't bet)


Poker Hand #HD1596209971: Hold'em No Limit ($0.02/$0.05) - 2024/01/19 20:07:22
Table 'NLHBlue84' 6-max Seat #1 is the button
Seat 1: 6b8aea7c ($2.27 in chips)
Seat 2: 7a69302b ($5.74 in chips)
Seat 3: Hero ($5.8 in chips)
Seat 4: ce7873dd ($5.65 in chips)
Seat 5: 2fdc36e4 ($9.74 in chips)
Seat 6: 9d856311 ($1.11 in chips)
7a69302b: posts small blind $0.02
Hero: posts big blind $0.05
*** HOLE CARDS ***
Dealt to 6b8aea7c 
Dealt to 7a69302b 
Dealt to Hero [Th 4d]
Dealt to ce7873dd 
Dealt to 2fdc36e4 
Dealt to 9d856311 
ce7873dd: folds
2fdc36e4: calls $0.05
9d856311: folds
6b8aea7c: calls $0.05
7a69302b: folds
Hero: checks
*** FLOP *** [7d 9s 9h]
Hero: checks
2fdc36e4: checks
6b8aea7c: bets $0.13
Hero: folds
2fdc36e4: calls $0.13
*** TURN *** [7d 9s 9h] [Js]
2fdc36e4: bets $0.15
6b8aea7c: calls $0.15
*** RIVER *** [7d 9s 9h Js] [4h]
2fdc36e4: checks
6b8aea7c: checks
2fdc36e4: shows [Qh Ts] (Pair of Nines)
6b8aea7c: shows [As 7s] (Pair of Nines and Pair of Sevens)
*** SHOWDOWN ***
6b8aea7c collected $0.69 from pot
*** SUMMARY ***
Total pot $0.73 | Rake $0.04 | Jackpot $0 | Bingo $0 | Fortune $0 | Tax $0
Board [7d 9s 9h Js 4h]
Seat 1: 6b8aea7c (button) showed [As 7s] and won ($0.69) with Pair of Nines and Pair of Sevens
Seat 2: 7a69302b (small blind) folded before Flop
Seat 3: Hero (big blind) folded on the Flop
Seat 4: ce7873dd folded before Flop (didn't bet)
Seat 5: 2fdc36e4 showed [Qh Ts] and lost with Pair of Nines
Seat 6: 9d856311 folded before Flop (didn't bet)


Poker Hand #HD1596209878: Hold'em No Limit ($0.02/$0.05) - 2024/01/19 20:06:37
Table 'NLHBlue84' 6-max Seat #6 is the button
Seat 1: 6b8aea7c ($2.29 in chips)
Seat 2: 7a69302b ($5.79 in chips)
Seat 3: Hero ($5.07 in chips)
Seat 4: ce7873dd ($5.65 in chips)
Seat 5: 2fdc36e4 ($10.52 in chips)
Seat 6: 9d856311 ($1.11 in chips)
6b8aea7c: posts small blind $0.02
7a69302b: posts big blind $0.05
*** HOLE CARDS ***
Dealt to 6b8aea7c 
Dealt to 7a69302b 
Dealt to Hero [Ac As]
Dealt to ce7873dd 
Dealt to 2fdc36e4 
Dealt to 9d856311 
Hero: raises $0.07 to $0.12
ce7873dd: folds
2fdc36e4: raises $0.07 to $0.19
9d856311: folds
6b8aea7c: folds
7a69302b: folds
Hero: raises $0.59 to $0.78
2fdc36e4: calls $0.59
*** FLOP *** [2c 4s 5c]
Hero: bets $1.12
2fdc36e4: folds
Uncalled bet ($1.12) returned to Hero
*** SHOWDOWN ***
Hero collected $1.51 from pot
*** SUMMARY ***
Total pot $1.63 | Rake $0.07 | Jackpot $0.05 | Bingo $0 | Fortune $0 | Tax $0
Board [2c 4s 5c]
Seat 1: 6b8aea7c (small blind) folded before Flop
Seat 2: 7a69302b (big blind) folded before Flop
Seat 3: Hero won ($1.51)
Seat 4: ce7873dd folded before Flop (didn't bet)
Seat 5: 2fdc36e4 folded on the Flop
Seat 6: 9d856311 (button) folded before Flop (didn't bet)


Poker Hand #HD1596209842: Hold'em No Limit ($0.02/$0.05) - 2024/01/19 20:06:15
Table 'NLHBlue84' 6-max Seat #5 is the button
Seat 1: 6b8aea7c ($2.34 in chips)
Seat 2: 7a69302b ($5.79 in chips)
Seat 3: Hero ($5 in chips)
Seat 4: ce7873dd ($5.65 in chips)
Seat 5: 2fdc36e4 ($10.52 in chips)
Seat 6: 9d856311 ($1.13 in chips)
9d856311: posts small blind $0.02
6b8aea7c: posts big blind $0.05
*** HOLE CARDS ***
Dealt to 6b8aea7c 
Dealt to 7a69302b 
Dealt to Hero [Qs Ac]
Dealt to ce7873dd 
Dealt to 2fdc36e4 
Dealt to 9d856311 
7a69302b: folds
Hero: raises $0.07 to $0.12
ce7873dd: folds
2fdc36e4: folds
9d856311: folds
6b8aea7c: folds
Uncalled bet ($0.07) returned to Hero
*** SHOWDOWN ***
Hero collected $0.12 from pot
*** SUMMARY ***
Total pot $0.12 | Rake $0 | Jackpot $0 | Bingo $0 | Fortune $0 | Tax $0
Seat 1: 6b8aea7c (big blind) folded before Flop
Seat 2: 7a69302b folded before Flop (didn't bet)
Seat 3: Hero collected ($0.12)
Seat 4: ce7873dd folded before Flop (didn't bet)
Seat 5: 2fdc36e4 (button) folded before Flop (didn't bet)
Seat 6: 9d856311 (small blind) folded before Flop


Poker Hand #HD1596209779: Hold'em No Limit ($0.02/$0.05) - 2024/01/19 20:05:43
Table 'NLHBlue84' 6-max Seat #4 is the button
Seat 1: 6b8aea7c ($1.86 in chips)
Seat 2: 7a69302b ($5.79 in chips)
Seat 3: Hero ($5 in chips)
Seat 4: ce7873dd ($5.65 in chips)
Seat 5: 2fdc36e4 ($11.01 in chips)
Seat 6: 9d856311 ($1.18 in chips)
2fdc36e4: posts small blind $0.02
9d856311: posts big blind $0.05
*** HOLE CARDS ***
Dealt to 6b8aea7c 
Dealt to 7a69302b 
Dealt to Hero [Ks 6h]
Dealt to ce7873dd 
Dealt to 2fdc36e4 
Dealt to 9d856311 
6b8aea7c: raises $0.05 to $0.1
7a69302b: folds
Hero: folds
ce7873dd: folds
2fdc36e4: calls $0.08
9d856311: folds
*** FLOP *** [5s Tc 8h]
2fdc36e4: checks
6b8aea7c: bets $0.13
2fdc36e4: calls $0.13
*** TURN *** [5s Tc 8h] [7c]
2fdc36e4: checks
6b8aea7c: bets $0.26
2fdc36e4: calls $0.26
*** RIVER *** [5s Tc 8h 7c] [Qh]
2fdc36e4: checks
6b8aea7c: checks
2fdc36e4: shows [As 9h] (Ace-High)
6b8aea7c: shows [Jc 8c] (Pair of Eights)
*** SHOWDOWN ***
6b8aea7c collected $0.97 from pot
*** SUMMARY ***
Total pot $1.03 | Rake $0.06 | Jackpot $0 | Bingo $0 | Fortune $0 | Tax $0
Board [5s Tc 8h 7c Qh]
Seat 1: 6b8aea7c showed [Jc 8c] and won ($0.97) with Pair of Eights
Seat 2: 7a69302b folded before Flop (didn't bet)
Seat 3: Hero folded before Flop (didn't bet)
Seat 4: ce7873dd (button) folded before Flop (didn't bet)
Seat 5: 2fdc36e4 (small blind) showed [As 9h] and lost with Ace-High
Seat 6: 9d856311 (big blind) folded before Flop


Poker Hand #HD1596209684: Hold'em No Limit ($0.02/$0.05) - 2024/01/19 20:04:51
Table 'NLHBlue84' 6-max Seat #3 is the button
Seat 1: 6b8aea7c ($1.86 in chips)
Seat 2: 7a69302b ($6.05 in chips)
Seat 3: Hero ($5 in chips)
Seat 4: ce7873dd ($5.67 in chips)
Seat 5: 2fdc36e4 ($10.76 in chips)
Seat 6: 9d856311 ($1.18 in chips)
ce7873dd: posts small blind $0.02
2fdc36e4: posts big blind $0.05
*** HOLE CARDS ***
Dealt to 6b8aea7c 
Dealt to 7a69302b 
Dealt to Hero [5s 3s]
Dealt to ce7873dd 
Dealt to 2fdc36e4 
Dealt to 9d856311 
9d856311: folds
6b8aea7c: folds
7a69302b: raises $0.1 to $0.15
Hero: folds
ce7873dd: folds
2fdc36e4: calls $0.1
*** FLOP *** [Jc Kc Ah]
2fdc36e4: checks
7a69302b: checks
*** TURN *** [Jc Kc Ah] [6c]
2fdc36e4: bets $0.11
7a69302b: calls $0.11
*** RIVER *** [Jc Kc Ah 6c] [Tc]
2fdc36e4: checks
7a69302b: checks
2fdc36e4: shows [2c Ad] (King High Flush)
7a69302b: shows [7s As] (Pair of Aces)
*** SHOWDOWN ***
2fdc36e4 collected $0.51 from pot
*** SUMMARY ***
Total pot $0.54 | Rake $0.03 | Jackpot $0 | Bingo $0 | Fortune $0 | Tax $0
Board [Jc Kc Ah 6c Tc]
Seat 1: 6b8aea7c folded before Flop (didn't bet)
Seat 2: 7a69302b showed [7s As] and lost with Pair of Aces
Seat 3: Hero (button) folded before Flop (didn't bet)
Seat 4: ce7873dd (small blind) folded before Flop
Seat 5: 2fdc36e4 (big blind) showed [2c Ad] and won ($0.51) with King High Flush
Seat 6: 9d856311 folded before Flop (didn't bet)


Poker Hand #HD1596209646: Hold'em No Limit ($0.02/$0.05) - 2024/01/19 20:04:36
Table 'NLHBlue84' 6-max Seat #2 is the button
Seat 1: 6b8aea7c ($1.86 in chips)
Seat 2: 7a69302b ($6.05 in chips)
Seat 3: Hero ($5.02 in chips)
Seat 4: ce7873dd ($5.72 in chips)
Seat 5: 2fdc36e4 ($10.76 in chips)
Seat 6: 9d856311 ($1.11 in chips)
Hero: posts small blind $0.02
ce7873dd: posts big blind $0.05
*** HOLE CARDS ***
Dealt to 6b8aea7c 
Dealt to 7a69302b 
Dealt to Hero [4d 6d]
Dealt to ce7873dd 
Dealt to 2fdc36e4 
Dealt to 9d856311 
2fdc36e4: folds
9d856311: raises $0.15 to $0.2
6b8aea7c: folds
7a69302b: folds
Hero: folds
ce7873dd: folds
Uncalled bet ($0.15) returned to 9d856311
*** SHOWDOWN ***
9d856311 collected $0.12 from pot
*** SUMMARY ***
Total pot $0.12 | Rake $0 | Jackpot $0 | Bingo $0 | Fortune $0 | Tax $0
Seat 1: 6b8aea7c folded before Flop (didn't bet)
Seat 2: 7a69302b (button) folded before Flop (didn't bet)
Seat 3: Hero (small blind) folded before Flop
Seat 4: ce7873dd (big blind) folded before Flop
Seat 5: 2fdc36e4 folded before Flop (didn't bet)
Seat 6: 9d856311 collected ($0.12)


Poker Hand #HD1596209616: Hold'em No Limit ($0.02/$0.05) - 2024/01/19 20:04:20
Table 'NLHBlue84' 6-max Seat #1 is the button
Seat 1: 6b8aea7c ($1.79 in chips)
Seat 2: 7a69302b ($6.07 in chips)
Seat 3: Hero ($5.07 in chips)
Seat 4: ce7873dd ($5.72 in chips)
Seat 5: 2fdc36e4 ($10.76 in chips)
Seat 6: 9d856311 ($1.11 in chips)
7a69302b: posts small blind $0.02
Hero: posts big blind $0.05
*** HOLE CARDS ***
Dealt to 6b8aea7c 
Dealt to 7a69302b 
Dealt to Hero [6h Qh]
Dealt to ce7873dd 
Dealt to 2fdc36e4 
Dealt to 9d856311 
ce7873dd: folds
2fdc36e4: folds
9d856311: folds
6b8aea7c: raises $0.15 to $0.2
7a69302b: folds
Hero: folds
Uncalled bet ($0.15) returned to 6b8aea7c
*** SHOWDOWN ***
6b8aea7c collected $0.12 from pot
*** SUMMARY ***
Total pot $0.12 | Rake $0 | Jackpot $0 | Bingo $0 | Fortune $0 | Tax $0
Seat 1: 6b8aea7c (button) collected ($0.12)
Seat 2: 7a69302b (small blind) folded before Flop
Seat 3: Hero (big blind) folded before Flop
Seat 4: ce7873dd folded before Flop (didn't bet)
Seat 5: 2fdc36e4 folded before Flop (didn't bet)
Seat 6: 9d856311 folded before Flop (didn't bet)


Poker Hand #HD1596209541: Hold'em No Limit ($0.02/$0.05) - 2024/01/19 20:03:41
Table 'NLHBlue84' 6-max Seat #6 is the button
Seat 1: 6b8aea7c ($1.94 in chips)
Seat 2: 7a69302b ($5.93 in chips)
Seat 3: Hero ($5.07 in chips)
Seat 4: ce7873dd ($5.72 in chips)
Seat 5: 2fdc36e4 ($10.76 in chips)
Seat 6: 9d856311 ($1.11 in chips)
6b8aea7c: posts small blind $0.02
7a69302b: posts big blind $0.05
*** HOLE CARDS ***
Dealt to 6b8aea7c 
Dealt to 7a69302b 
Dealt to Hero [7c 6h]
Dealt to ce7873dd 
Dealt to 2fdc36e4 
Dealt to 9d856311 
Hero: folds
ce7873dd: folds
2fdc36e4: folds
9d856311: folds
6b8aea7c: calls $0.03
7a69302b: raises $0.1 to $0.15
6b8aea7c: calls $0.1
*** FLOP *** [Ts 9s Js]
6b8aea7c: checks
7a69302b: bets $5.78 and is all-in
6b8aea7c: folds
Uncalled bet ($5.78) returned to 7a69302b
2fdc36e4: shows [Ks]
*** SHOWDOWN ***
7a69302b collected $0.29 from pot
*** SUMMARY ***
Total pot $0.3 | Rake $0.01 | Jackpot $0 | Bingo $0 | Fortune $0 | Tax $0
Board [Ts 9s Js]
Seat 1: 6b8aea7c (small blind) folded on the Flop
Seat 2: 7a69302b (big blind) won ($0.29)
Seat 3: Hero folded before Flop (didn't bet)
Seat 4: ce7873dd folded before Flop (didn't bet)
Seat 5: 2fdc36e4 folded before Flop (didn't bet)
Seat 6: 9d856311 (button) folded before Flop (didn't bet)


Poker Hand #HD1596209514: Hold'em No Limit ($0.02/$0.05) - 2024/01/19 20:03:28
Table 'NLHBlue84' 6-max Seat #5 is the button
Seat 1: 6b8aea7c ($1.92 in chips)
Seat 2: 7a69302b ($5.93 in chips)
Seat 3: Hero ($5.07 in chips)
Seat 4: ce7873dd ($5.72 in chips)
Seat 5: 2fdc36e4 ($10.76 in chips)
Seat 6: 9d856311 ($1.13 in chips)
9d856311: posts small blind $0.02
6b8aea7c: posts big blind $0.05
*** HOLE CARDS ***
Dealt to 6b8aea7c 
Dealt to 7a69302b 
Dealt to Hero [Ks 2h]
Dealt to ce7873dd 
Dealt to 2fdc36e4 
Dealt to 9d856311 
7a69302b: folds
Hero: folds
ce7873dd: folds
2fdc36e4: folds
9d856311: folds
Uncalled bet ($0.03) returned to 6b8aea7c
*** SHOWDOWN ***
6b8aea7c collected $0.04 from pot
*** SUMMARY ***
Total pot $0.04 | Rake $0 | Jackpot $0 | Bingo $0 | Fortune $0 | Tax $0
Seat 1: 6b8aea7c (big blind) collected ($0.04)
Seat 2: 7a69302b folded before Flop (didn't bet)
Seat 3: Hero folded before Flop (didn't bet)
Seat 4: ce7873dd folded before Flop (didn't bet)
Seat 5: 2fdc36e4 (button) folded before Flop (didn't bet)
Seat 6: 9d856311 (small blind) folded before Flop


Poker Hand #HD1596209479: Hold'em No Limit ($0.02/$0.05) - 2024/01/19 20:03:10
Table 'NLHBlue84' 6-max Seat #4 is the button
Seat 1: 6b8aea7c ($1.92 in chips)
Seat 2: 7a69302b ($5.93 in chips)
Seat 3: Hero ($5 in chips)
Seat 4: ce7873dd ($5.72 in chips)
Seat 5: 2fdc36e4 ($10.78 in chips)
Seat 6: 9d856311 ($1.18 in chips)
2fdc36e4: posts small blind $0.02
9d856311: posts big blind $0.05
*** HOLE CARDS ***
Dealt to 6b8aea7c 
Dealt to 7a69302b 
Dealt to Hero [7h Kh]
Dealt to ce7873dd 
Dealt to 2fdc36e4 
Dealt to 9d856311 
6b8aea7c: folds
7a69302b: folds
Hero: raises $0.07 to $0.12
ce7873dd: folds
2fdc36e4: folds
9d856311: folds
Uncalled bet ($0.07) returned to Hero
*** SHOWDOWN ***
Hero collected $0.12 from pot
*** SUMMARY ***
Total pot $0.12 | Rake $0 | Jackpot $0 | Bingo $0 | Fortune $0 | Tax $0
Seat 1: 6b8aea7c folded before Flop (didn't bet)
Seat 2: 7a69302b folded before Flop (didn't bet)
Seat 3: Hero collected ($0.12)
Seat 4: ce7873dd (button) folded before Flop (didn't bet)
Seat 5: 2fdc36e4 (small blind) folded before Flop
Seat 6: 9d856311 (big blind) folded before Flop


Poker Hand #HD1596209400: Hold'em No Limit ($0.02/$0.05) - 2024/01/19 20:02:28
Table 'NLHBlue84' 6-max Seat #3 is the button
Seat 1: 6b8aea7c ($1.92 in chips)
Seat 2: 7a69302b ($5.93 in chips)
Seat 3: Hero ($5 in chips)
Seat 4: ce7873dd ($5.74 in chips)
Seat 5: 2fdc36e4 ($10.96 in chips)
Seat 6: 9d856311 ($0.99 in chips)
ce7873dd: posts small blind $0.02
2fdc36e4: posts big blind $0.05
*** HOLE CARDS ***
Dealt to 6b8aea7c 
Dealt to 7a69302b 
Dealt to Hero [4s Th]
Dealt to ce7873dd 
Dealt to 2fdc36e4 
Dealt to 9d856311 
9d856311: calls $0.05
6b8aea7c: folds
7a69302b: folds
Hero: folds
ce7873dd: folds
2fdc36e4: raises $0.05 to $0.1
9d856311: calls $0.05
*** FLOP *** [9h 2h 8c]
2fdc36e4: bets $0.08
9d856311: calls $0.08
*** TURN *** [9h 2h 8c] [5c]
2fdc36e4: checks
9d856311: bets $0.12
2fdc36e4: folds
Uncalled bet ($0.12) returned to 9d856311
*** SHOWDOWN ***
9d856311 collected $0.37 from pot
*** SUMMARY ***
Total pot $0.38 | Rake $0.01 | Jackpot $0 | Bingo $0 | Fortune $0 | Tax $0
Board [9h 2h 8c 5c]
Seat 1: 6b8aea7c folded before Flop (didn't bet)
Seat 2: 7a69302b folded before Flop (didn't bet)
Seat 3: Hero (button) folded before Flop (didn't bet)
Seat 4: ce7873dd (small blind) folded before Flop
Seat 5: 2fdc36e4 (big blind) folded on the Turn
Seat 6: 9d856311 won ($0.37)


Poker Hand #HD1596209348: Hold'em No Limit ($0.02/$0.05) - 2024/01/19 20:02:01
Table 'NLHBlue84' 6-max Seat #2 is the button
Seat 1: 6b8aea7c ($1.92 in chips)
Seat 2: 7a69302b ($5.93 in chips)
Seat 3: Hero ($5 in chips)
Seat 4: ce7873dd ($5.84 in chips)
Seat 5: 2fdc36e4 ($10.85 in chips)
Seat 6: 9d856311 ($0.99 in chips)
Hero: posts small blind $0.02
ce7873dd: posts big blind $0.05
*** HOLE CARDS ***
Dealt to 6b8aea7c 
Dealt to 7a69302b 
Dealt to Hero [9h Js]
Dealt to ce7873dd 
Dealt to 2fdc36e4 
Dealt to 9d856311 
2fdc36e4: raises $0.05 to $0.1
9d856311: folds
6b8aea7c: folds
7a69302b: folds
Hero: folds
ce7873dd: calls $0.05
*** FLOP *** [As 9s Kd]
ce7873dd: checks
2fdc36e4: bets $0.08
ce7873dd: folds
Uncalled bet ($0.08) returned to 2fdc36e4
*** SHOWDOWN ***
2fdc36e4 collected $0.21 from pot
*** SUMMARY ***
Total pot $0.22 | Rake $0.01 | Jackpot $0 | Bingo $0 | Fortune $0 | Tax $0
Board [As 9s Kd]
Seat 1: 6b8aea7c folded before Flop (didn't bet)
Seat 2: 7a69302b (button) folded before Flop (didn't bet)
Seat 3: Hero (small blind) folded before Flop
Seat 4: ce7873dd (big blind) folded on the Flop
Seat 5: 2fdc36e4 won ($0.21)
Seat 6: 9d856311 folded before Flop (didn't bet)


Poker Hand #HD1596209273: Hold'em No Limit ($0.02/$0.05) - 2024/01/19 20:01:20
Table 'NLHBlue84' 6-max Seat #1 is the button
Seat 1: 6b8aea7c ($1.92 in chips)
Seat 2: 7a69302b ($5.95 in chips)
Seat 3: Hero ($5 in chips)
Seat 4: ce7873dd ($5.84 in chips)
Seat 5: 2fdc36e4 ($9.89 in chips)
Seat 6: 9d856311 ($2.05 in chips)
7a69302b: posts small blind $0.02
Hero: posts big blind $0.05
*** HOLE CARDS ***
Dealt to 6b8aea7c 
Dealt to 7a69302b 
Dealt to Hero [6s Kc]
Dealt to ce7873dd 
Dealt to 2fdc36e4 
Dealt to 9d856311 
ce7873dd: folds
2fdc36e4: raises $0.05 to $0.1
9d856311: calls $0.1
6b8aea7c: folds
7a69302b: folds
Hero: folds
*** FLOP *** [9h 2c Ah]
2fdc36e4: checks
9d856311: bets $0.09
2fdc36e4: calls $0.09
*** TURN *** [9h 2c Ah] [2s]
2fdc36e4: checks
9d856311: bets $0.14
2fdc36e4: calls $0.14
*** RIVER *** [9h 2c Ah 2s] [Jd]
2fdc36e4: bets $0.73
9d856311: calls $0.73
2fdc36e4: shows [Jc Ac] (Pair of Aces and Pair of Jacks)
9d856311: shows [3s As] (Pair of Aces and Pair of Twos)
*** SHOWDOWN ***
2fdc36e4 collected $2.02 from pot
*** SUMMARY ***
Total pot $2.19 | Rake $0.12 | Jackpot $0.05 | Bingo $0 | Fortune $0 | Tax $0
Board [9h 2c Ah 2s Jd]
Seat 1: 6b8aea7c (button) folded before Flop (didn't bet)
Seat 2: 7a69302b (small blind) folded before Flop
Seat 3: Hero (big blind) folded before Flop
Seat 4: ce7873dd folded before Flop (didn't bet)
Seat 5: 2fdc36e4 showed [Jc Ac] and won ($2.02) with Pair of Aces and Pair of Jacks
Seat 6: 9d856311 showed [3s As] and lost with Pair of Aces and Pair of Twos


