Poker Hand #HD1199331395: Hold'em No Limit  ($0.02/$0.05) - 2023/04/11 22:47:20
Table 'NLHBlue39' 6-max Seat #5 is the button
Seat 1: f0f1ac32 ($5.99 in chips)
Seat 2: Hero ($5 in chips)
Seat 3: 64e5fd42 ($7.23 in chips)
Seat 4: 884a9a1a ($6.68 in chips)
Seat 5: a506f66b ($5.06 in chips)
Seat 6: 813d5e4f ($5 in chips)
813d5e4f: posts small blind $0.02
f0f1ac32: posts big blind $0.05
*** HOLE CARDS ***
Dealt to f0f1ac32 
Dealt to Hero [Tc 7d]
Dealt to 64e5fd42 
Dealt to 884a9a1a 
Dealt to a506f66b 
Dealt to 813d5e4f 
Hero: folds
64e5fd42: folds
884a9a1a: folds
a506f66b: raises $0.08 to $0.13
813d5e4f: calls $0.11
f0f1ac32: folds
*** FLOP *** [5c Kd 5d]
813d5e4f: checks
a506f66b: bets $0.11
813d5e4f: folds
Uncalled bet ($0.11) returned to a506f66b
*** SHOWDOWN ***
a506f66b collected $0.3 from pot
*** SUMMARY ***
Total pot $0.31 | Rake $0.01 | Jackpot $0 | Bingo $0 | Fortune $0
Board [5c Kd 5d]
Seat 1: f0f1ac32 (big blind) folded before Flop
Seat 2: Hero folded before Flop (didn't bet)
Seat 3: 64e5fd42 folded before Flop (didn't bet)
Seat 4: 884a9a1a folded before Flop (didn't bet)
Seat 5: a506f66b (button) won ($0.3)
Seat 6: 813d5e4f (small blind) folded on the Flop


Poker Hand #HD1199331291: Hold'em No Limit  ($0.02/$0.05) - 2023/04/11 22:46:14
Table 'NLHBlue39' 6-max Seat #4 is the button
Seat 1: f0f1ac32 ($5.02 in chips)
Seat 2: Hero ($5 in chips)
Seat 3: 64e5fd42 ($7.23 in chips)
Seat 4: 884a9a1a ($6.68 in chips)
Seat 5: a506f66b ($5.08 in chips)
Seat 6: 813d5e4f ($5.2 in chips)
a506f66b: posts small blind $0.02
813d5e4f: posts big blind $0.05
*** HOLE CARDS ***
Dealt to f0f1ac32 
Dealt to Hero [8d 7s]
Dealt to 64e5fd42 
Dealt to 884a9a1a 
Dealt to a506f66b 
Dealt to 813d5e4f 
f0f1ac32: raises $0.08 to $0.13
Hero: folds
64e5fd42: folds
884a9a1a: folds
a506f66b: folds
813d5e4f: calls $0.08
*** FLOP *** [7d 4s Ah]
813d5e4f: checks
f0f1ac32: bets $0.14
813d5e4f: calls $0.14
*** TURN *** [7d 4s Ah] [3s]
813d5e4f: bets $0.28
f0f1ac32: raises $0.56 to $0.84
813d5e4f: calls $0.56
*** RIVER *** [7d 4s Ah 3s] [Jh]
813d5e4f: checks
f0f1ac32: bets $1.68
813d5e4f: folds
Uncalled bet ($1.68) returned to f0f1ac32
*** SHOWDOWN ***
f0f1ac32 collected $2.08 from pot
*** SUMMARY ***
Total pot $2.24 | Rake $0.11 | Jackpot $0.05 | Bingo $0 | Fortune $0
Board [7d 4s Ah 3s Jh]
Seat 1: f0f1ac32 won ($2.08)
Seat 2: Hero folded before Flop (didn't bet)
Seat 3: 64e5fd42 folded before Flop (didn't bet)
Seat 4: 884a9a1a (button) folded before Flop (didn't bet)
Seat 5: a506f66b (small blind) folded before Flop
Seat 6: 813d5e4f (big blind) folded on the River


Poker Hand #HD1199331266: Hold'em No Limit  ($0.02/$0.05) - 2023/04/11 22:45:56
Table 'NLHBlue39' 6-max Seat #3 is the button
Seat 1: f0f1ac32 ($5.02 in chips)
Seat 2: Hero ($5 in chips)
Seat 3: 64e5fd42 ($7.23 in chips)
Seat 4: 884a9a1a ($6.7 in chips)
Seat 5: a506f66b ($5.06 in chips)
Seat 6: 813d5e4f ($5.2 in chips)
884a9a1a: posts small blind $0.02
a506f66b: posts big blind $0.05
*** HOLE CARDS ***
Dealt to f0f1ac32 
Dealt to Hero [6h 8c]
Dealt to 64e5fd42 
Dealt to 884a9a1a 
Dealt to a506f66b 
Dealt to 813d5e4f 
813d5e4f: folds
f0f1ac32: folds
Hero: folds
64e5fd42: folds
884a9a1a: folds
Uncalled bet ($0.03) returned to a506f66b
*** SHOWDOWN ***
a506f66b collected $0.04 from pot
*** SUMMARY ***
Total pot $0.04 | Rake $0 | Jackpot $0 | Bingo $0 | Fortune $0
Seat 1: f0f1ac32 folded before Flop (didn't bet)
Seat 2: Hero folded before Flop (didn't bet)
Seat 3: 64e5fd42 (button) folded before Flop (didn't bet)
Seat 4: 884a9a1a (small blind) folded before Flop
Seat 5: a506f66b (big blind) collected ($0.04)
Seat 6: 813d5e4f folded before Flop (didn't bet)


Poker Hand #HD1199331239: Hold'em No Limit  ($0.02/$0.05) - 2023/04/11 22:45:41
Table 'NLHBlue39' 6-max Seat #2 is the button
Seat 1: f0f1ac32 ($5.02 in chips)
Seat 2: Hero ($5 in chips)
Seat 3: 64e5fd42 ($7.25 in chips)
Seat 4: 884a9a1a ($6.75 in chips)
Seat 5: a506f66b ($4.99 in chips)
Seat 6: 813d5e4f ($5.2 in chips)
64e5fd42: posts small blind $0.02
884a9a1a: posts big blind $0.05
*** HOLE CARDS ***
Dealt to f0f1ac32 
Dealt to Hero [5d 6c]
Dealt to 64e5fd42 
Dealt to 884a9a1a 
Dealt to a506f66b 
Dealt to 813d5e4f 
a506f66b: raises $0.08 to $0.13
813d5e4f: folds
f0f1ac32: folds
Hero: folds
64e5fd42: folds
884a9a1a: folds
Uncalled bet ($0.08) returned to a506f66b
*** SHOWDOWN ***
a506f66b collected $0.12 from pot
*** SUMMARY ***
Total pot $0.12 | Rake $0 | Jackpot $0 | Bingo $0 | Fortune $0
Seat 1: f0f1ac32 folded before Flop (didn't bet)
Seat 2: Hero (button) folded before Flop (didn't bet)
Seat 3: 64e5fd42 (small blind) folded before Flop
Seat 4: 884a9a1a (big blind) folded before Flop
Seat 5: a506f66b collected ($0.12)
Seat 6: 813d5e4f folded before Flop (didn't bet)


Poker Hand #HD1199331188: Hold'em No Limit  ($0.02/$0.05) - 2023/04/11 22:45:03
Table 'NLHBlue39' 6-max Seat #1 is the button
Seat 1: f0f1ac32 ($5.02 in chips)
Seat 2: Hero ($5.23 in chips)
Seat 3: 64e5fd42 ($7.3 in chips)
Seat 4: 884a9a1a ($6.21 in chips)
Seat 5: a506f66b ($4.99 in chips)
Seat 6: 813d5e4f ($5.2 in chips)
Hero: posts small blind $0.02
64e5fd42: posts big blind $0.05
*** HOLE CARDS ***
Dealt to f0f1ac32 
Dealt to Hero [Qs Ac]
Dealt to 64e5fd42 
Dealt to 884a9a1a 
Dealt to a506f66b 
Dealt to 813d5e4f 
884a9a1a: raises $0.05 to $0.1
a506f66b: folds
813d5e4f: folds
f0f1ac32: folds
Hero: raises $0.44 to $0.54
64e5fd42: folds
884a9a1a: calls $0.44
*** FLOP *** [Th 4d Kd]
Hero: checks
884a9a1a: checks
*** TURN *** [Th 4d Kd] [3h]
Hero: checks
884a9a1a: bets $1.42
Hero: folds
Uncalled bet ($1.42) returned to 884a9a1a
*** SHOWDOWN ***
884a9a1a collected $1.08 from pot
*** SUMMARY ***
Total pot $1.13 | Rake $0.05 | Jackpot $0 | Bingo $0 | Fortune $0
Board [Th 4d Kd 3h]
Seat 1: f0f1ac32 (button) folded before Flop (didn't bet)
Seat 2: Hero (small blind) folded on the Turn
Seat 3: 64e5fd42 (big blind) folded before Flop
Seat 4: 884a9a1a won ($1.08)
Seat 5: a506f66b folded before Flop (didn't bet)
Seat 6: 813d5e4f folded before Flop (didn't bet)


Poker Hand #HD1199331144: Hold'em No Limit  ($0.02/$0.05) - 2023/04/11 22:44:30
Table 'NLHBlue39' 6-max Seat #6 is the button
Seat 1: f0f1ac32 ($5.04 in chips)
Seat 2: Hero ($5.28 in chips)
Seat 3: 64e5fd42 ($7.3 in chips)
Seat 4: 884a9a1a ($6.21 in chips)
Seat 5: a506f66b ($5.12 in chips)
Seat 6: 813d5e4f ($5.01 in chips)
f0f1ac32: posts small blind $0.02
Hero: posts big blind $0.05
*** HOLE CARDS ***
Dealt to f0f1ac32 
Dealt to Hero [4h 7d]
Dealt to 64e5fd42 
Dealt to 884a9a1a 
Dealt to a506f66b 
Dealt to 813d5e4f 
64e5fd42: folds
884a9a1a: folds
a506f66b: raises $0.08 to $0.13
813d5e4f: raises $0.32 to $0.45
f0f1ac32: folds
Hero: folds
a506f66b: folds
Uncalled bet ($0.32) returned to 813d5e4f
813d5e4f: shows [8s Ks]
*** SHOWDOWN ***
813d5e4f collected $0.32 from pot
*** SUMMARY ***
Total pot $0.33 | Rake $0.01 | Jackpot $0 | Bingo $0 | Fortune $0
Seat 1: f0f1ac32 (small blind) folded before Flop
Seat 2: Hero (big blind) folded before Flop
Seat 3: 64e5fd42 folded before Flop (didn't bet)
Seat 4: 884a9a1a folded before Flop (didn't bet)
Seat 5: a506f66b folded before Flop
Seat 6: 813d5e4f (button) showed [8s Ks] and collected ($0.32)


Poker Hand #HD1199331072: Hold'em No Limit  ($0.02/$0.05) - 2023/04/11 22:43:37
Table 'NLHBlue39' 6-max Seat #5 is the button
Seat 1: f0f1ac32 ($5.14 in chips)
Seat 2: Hero ($5.28 in chips)
Seat 3: 64e5fd42 ($7.3 in chips)
Seat 4: 884a9a1a ($5.89 in chips)
Seat 5: a506f66b ($5.12 in chips)
Seat 6: 813d5e4f ($5.26 in chips)
813d5e4f: posts small blind $0.02
f0f1ac32: posts big blind $0.05
*** HOLE CARDS ***
Dealt to f0f1ac32 
Dealt to Hero [Ks 2d]
Dealt to 64e5fd42 
Dealt to 884a9a1a 
Dealt to a506f66b 
Dealt to 813d5e4f 
Hero: folds
64e5fd42: folds
884a9a1a: raises $0.05 to $0.1
a506f66b: folds
813d5e4f: calls $0.08
f0f1ac32: calls $0.05
*** FLOP *** [Kh 3h Qc]
813d5e4f: checks
f0f1ac32: checks
884a9a1a: bets $0.15
813d5e4f: calls $0.15
f0f1ac32: folds
*** TURN *** [Kh 3h Qc] [Ah]
813d5e4f: checks
884a9a1a: bets $0.3
813d5e4f: folds
Uncalled bet ($0.3) returned to 884a9a1a
*** SHOWDOWN ***
884a9a1a collected $0.57 from pot
*** SUMMARY ***
Total pot $0.6 | Rake $0.03 | Jackpot $0 | Bingo $0 | Fortune $0
Board [Kh 3h Qc Ah]
Seat 1: f0f1ac32 (big blind) folded on the Flop
Seat 2: Hero folded before Flop (didn't bet)
Seat 3: 64e5fd42 folded before Flop (didn't bet)
Seat 4: 884a9a1a won ($0.57)
Seat 5: a506f66b (button) folded before Flop (didn't bet)
Seat 6: 813d5e4f (small blind) folded on the Turn


Poker Hand #HD1199331031: Hold'em No Limit  ($0.02/$0.05) - 2023/04/11 22:43:05
Table 'NLHBlue39' 6-max Seat #4 is the button
Seat 1: f0f1ac32 ($5.14 in chips)
Seat 2: Hero ($5.15 in chips)
Seat 3: 64e5fd42 ($7.3 in chips)
Seat 4: 884a9a1a ($5.89 in chips)
Seat 5: a506f66b ($5.14 in chips)
Seat 6: 813d5e4f ($5.38 in chips)
a506f66b: posts small blind $0.02
813d5e4f: posts big blind $0.05
*** HOLE CARDS ***
Dealt to f0f1ac32 
Dealt to Hero [Kd Qd]
Dealt to 64e5fd42 
Dealt to 884a9a1a 
Dealt to a506f66b 
Dealt to 813d5e4f 
f0f1ac32: folds
Hero: raises $0.07 to $0.12
64e5fd42: folds
884a9a1a: folds
a506f66b: folds
813d5e4f: calls $0.07
*** FLOP *** [Js Td 3h]
813d5e4f: checks
Hero: bets $0.16
813d5e4f: folds
Uncalled bet ($0.16) returned to Hero
*** SHOWDOWN ***
Hero collected $0.25 from pot
*** SUMMARY ***
Total pot $0.26 | Rake $0.01 | Jackpot $0 | Bingo $0 | Fortune $0
Board [Js Td 3h]
Seat 1: f0f1ac32 folded before Flop (didn't bet)
Seat 2: Hero won ($0.25)
Seat 3: 64e5fd42 folded before Flop (didn't bet)
Seat 4: 884a9a1a (button) folded before Flop (didn't bet)
Seat 5: a506f66b (small blind) folded before Flop
Seat 6: 813d5e4f (big blind) folded on the Flop


Poker Hand #HD1199330980: Hold'em No Limit  ($0.02/$0.05) - 2023/04/11 22:42:33
Table 'NLHBlue39' 6-max Seat #3 is the button
Seat 1: f0f1ac32 ($5.14 in chips)
Seat 2: Hero ($5.27 in chips)
Seat 3: 64e5fd42 ($7.42 in chips)
Seat 4: 884a9a1a ($5.62 in chips)
Seat 5: a506f66b ($5.19 in chips)
Seat 6: 813d5e4f ($5.38 in chips)
884a9a1a: posts small blind $0.02
a506f66b: posts big blind $0.05
*** HOLE CARDS ***
Dealt to f0f1ac32 
Dealt to Hero [As Qc]
Dealt to 64e5fd42 
Dealt to 884a9a1a 
Dealt to a506f66b 
Dealt to 813d5e4f 
813d5e4f: folds
f0f1ac32: folds
Hero: raises $0.07 to $0.12
64e5fd42: calls $0.12
884a9a1a: raises $0.45 to $0.57
a506f66b: folds
Hero: folds
64e5fd42: folds
Uncalled bet ($0.45) returned to 884a9a1a
*** SHOWDOWN ***
884a9a1a collected $0.39 from pot
*** SUMMARY ***
Total pot $0.41 | Rake $0.02 | Jackpot $0 | Bingo $0 | Fortune $0
Seat 1: f0f1ac32 folded before Flop (didn't bet)
Seat 2: Hero folded before Flop
Seat 3: 64e5fd42 (button) folded before Flop
Seat 4: 884a9a1a (small blind) collected ($0.39)
Seat 5: a506f66b (big blind) folded before Flop
Seat 6: 813d5e4f folded before Flop (didn't bet)


Poker Hand #HD1199330933: Hold'em No Limit  ($0.02/$0.05) - 2023/04/11 22:42:00
Table 'NLHBlue39' 6-max Seat #2 is the button
Seat 1: f0f1ac32 ($5.14 in chips)
Seat 2: Hero ($5.14 in chips)
Seat 3: 64e5fd42 ($7.44 in chips)
Seat 4: 884a9a1a ($5.74 in chips)
Seat 5: a506f66b ($5.19 in chips)
Seat 6: 813d5e4f ($5.38 in chips)
64e5fd42: posts small blind $0.02
884a9a1a: posts big blind $0.05
*** HOLE CARDS ***
Dealt to f0f1ac32 
Dealt to Hero [6h As]
Dealt to 64e5fd42 
Dealt to 884a9a1a 
Dealt to a506f66b 
Dealt to 813d5e4f 
a506f66b: folds
813d5e4f: folds
f0f1ac32: folds
Hero: raises $0.07 to $0.12
64e5fd42: folds
884a9a1a: calls $0.07
*** FLOP *** [Ad 2c Th]
884a9a1a: checks
Hero: bets $0.1
884a9a1a: folds
Uncalled bet ($0.1) returned to Hero
*** SHOWDOWN ***
Hero collected $0.25 from pot
*** SUMMARY ***
Total pot $0.26 | Rake $0.01 | Jackpot $0 | Bingo $0 | Fortune $0
Board [Ad 2c Th]
Seat 1: f0f1ac32 folded before Flop (didn't bet)
Seat 2: Hero (button) won ($0.25)
Seat 3: 64e5fd42 (small blind) folded before Flop
Seat 4: 884a9a1a (big blind) folded on the Flop
Seat 5: a506f66b folded before Flop (didn't bet)
Seat 6: 813d5e4f folded before Flop (didn't bet)


Poker Hand #HD1199330916: Hold'em No Limit  ($0.02/$0.05) - 2023/04/11 22:41:49
Table 'NLHBlue39' 6-max Seat #1 is the button
Seat 1: f0f1ac32 ($5.14 in chips)
Seat 2: Hero ($5.09 in chips)
Seat 3: 64e5fd42 ($7.49 in chips)
Seat 4: 884a9a1a ($5.74 in chips)
Seat 5: a506f66b ($5.19 in chips)
Seat 6: 813d5e4f ($5.38 in chips)
Hero: posts small blind $0.02
64e5fd42: posts big blind $0.05
*** HOLE CARDS ***
Dealt to f0f1ac32 
Dealt to Hero [5d As]
Dealt to 64e5fd42 
Dealt to 884a9a1a 
Dealt to a506f66b 
Dealt to 813d5e4f 
884a9a1a: folds
a506f66b: folds
813d5e4f: folds
f0f1ac32: folds
Hero: raises $0.09 to $0.14
64e5fd42: folds
Uncalled bet ($0.09) returned to Hero
*** SHOWDOWN ***
Hero collected $0.1 from pot
*** SUMMARY ***
Total pot $0.1 | Rake $0 | Jackpot $0 | Bingo $0 | Fortune $0
Seat 1: f0f1ac32 (button) folded before Flop (didn't bet)
Seat 2: Hero (small blind) collected ($0.1)
Seat 3: 64e5fd42 (big blind) folded before Flop
Seat 4: 884a9a1a folded before Flop (didn't bet)
Seat 5: a506f66b folded before Flop (didn't bet)
Seat 6: 813d5e4f folded before Flop (didn't bet)


Poker Hand #HD1199330888: Hold'em No Limit  ($0.02/$0.05) - 2023/04/11 22:41:28
Table 'NLHBlue39' 6-max Seat #6 is the button
Seat 1: f0f1ac32 ($5.16 in chips)
Seat 2: Hero ($5.14 in chips)
Seat 3: 64e5fd42 ($7.49 in chips)
Seat 4: 884a9a1a ($5.74 in chips)
Seat 5: a506f66b ($5.19 in chips)
Seat 6: 813d5e4f ($5.31 in chips)
f0f1ac32: posts small blind $0.02
Hero: posts big blind $0.05
*** HOLE CARDS ***
Dealt to f0f1ac32 
Dealt to Hero [9h 5c]
Dealt to 64e5fd42 
Dealt to 884a9a1a 
Dealt to a506f66b 
Dealt to 813d5e4f 
64e5fd42: folds
884a9a1a: folds
a506f66b: folds
813d5e4f: raises $0.07 to $0.12
f0f1ac32: folds
Hero: folds
Uncalled bet ($0.07) returned to 813d5e4f
*** SHOWDOWN ***
813d5e4f collected $0.12 from pot
*** SUMMARY ***
Total pot $0.12 | Rake $0 | Jackpot $0 | Bingo $0 | Fortune $0
Seat 1: f0f1ac32 (small blind) folded before Flop
Seat 2: Hero (big blind) folded before Flop
Seat 3: 64e5fd42 folded before Flop (didn't bet)
Seat 4: 884a9a1a folded before Flop (didn't bet)
Seat 5: a506f66b folded before Flop (didn't bet)
Seat 6: 813d5e4f (button) collected ($0.12)


Poker Hand #HD1199330833: Hold'em No Limit  ($0.02/$0.05) - 2023/04/11 22:40:49
Table 'NLHBlue39' 6-max Seat #5 is the button
Seat 1: f0f1ac32 ($5.21 in chips)
Seat 2: Hero ($5.14 in chips)
Seat 3: 64e5fd42 ($7.49 in chips)
Seat 4: 884a9a1a ($5.74 in chips)
Seat 5: a506f66b ($5.48 in chips)
Seat 6: 813d5e4f ($5 in chips)
813d5e4f: posts small blind $0.02
f0f1ac32: posts big blind $0.05
*** HOLE CARDS ***
Dealt to f0f1ac32 
Dealt to Hero [4h Ks]
Dealt to 64e5fd42 
Dealt to 884a9a1a 
Dealt to a506f66b 
Dealt to 813d5e4f 
Hero: folds
64e5fd42: folds
884a9a1a: folds
a506f66b: raises $0.08 to $0.13
813d5e4f: calls $0.11
f0f1ac32: folds
*** FLOP *** [3c 8d 2c]
813d5e4f: checks
a506f66b: bets $0.16
813d5e4f: calls $0.16
*** TURN *** [3c 8d 2c] [3h]
813d5e4f: checks
a506f66b: checks
*** RIVER *** [3c 8d 2c 3h] [6c]
813d5e4f: checks
a506f66b: checks
813d5e4f: shows [4s 6s] (Pair of Sixes and Pair of Treys)
a506f66b: shows [Jd Td] (Pair of Treys)
*** SHOWDOWN ***
813d5e4f collected $0.6 from pot
*** SUMMARY ***
Total pot $0.63 | Rake $0.03 | Jackpot $0 | Bingo $0 | Fortune $0
Board [3c 8d 2c 3h 6c]
Seat 1: f0f1ac32 (big blind) folded before Flop
Seat 2: Hero folded before Flop (didn't bet)
Seat 3: 64e5fd42 folded before Flop (didn't bet)
Seat 4: 884a9a1a folded before Flop (didn't bet)
Seat 5: a506f66b (button) showed [Jd Td] and lost with Pair of Treys
Seat 6: 813d5e4f (small blind) showed [4s 6s] and won ($0.6) with Pair of Sixes and Pair of Treys


Poker Hand #HD1199330754: Hold'em No Limit  ($0.02/$0.05) - 2023/04/11 22:39:57
Table 'NLHBlue39' 6-max Seat #4 is the button
Seat 1: f0f1ac32 ($5.21 in chips)
Seat 2: Hero ($5.14 in chips)
Seat 3: 64e5fd42 ($7.49 in chips)
Seat 4: 884a9a1a ($4.98 in chips)
Seat 5: a506f66b ($5.5 in chips)
Seat 6: 813d5e4f ($5.65 in chips)
a506f66b: posts small blind $0.02
813d5e4f: posts big blind $0.05
*** HOLE CARDS ***
Dealt to f0f1ac32 
Dealt to Hero [6s Jd]
Dealt to 64e5fd42 
Dealt to 884a9a1a 
Dealt to a506f66b 
Dealt to 813d5e4f 
f0f1ac32: folds
Hero: folds
64e5fd42: folds
884a9a1a: raises $0.05 to $0.1
a506f66b: folds
813d5e4f: calls $0.05
*** FLOP *** [5d 3d 4h]
813d5e4f: checks
884a9a1a: bets $0.11
813d5e4f: calls $0.11
*** TURN *** [5d 3d 4h] [7d]
813d5e4f: checks
884a9a1a: bets $0.22
813d5e4f: calls $0.22
*** RIVER *** [5d 3d 4h 7d] [2h]
813d5e4f: checks
884a9a1a: bets $0.44
813d5e4f: calls $0.44
884a9a1a: shows [Jc 6c] (Sevens-High Straight)
813d5e4f: shows [2s 7c] (Pair of Sevens and Pair of Twos)
*** SHOWDOWN ***
884a9a1a collected $1.63 from pot
*** SUMMARY ***
Total pot $1.76 | Rake $0.08 | Jackpot $0.05 | Bingo $0 | Fortune $0
Board [5d 3d 4h 7d 2h]
Seat 1: f0f1ac32 folded before Flop (didn't bet)
Seat 2: Hero folded before Flop (didn't bet)
Seat 3: 64e5fd42 folded before Flop (didn't bet)
Seat 4: 884a9a1a (button) showed [Jc 6c] and won ($1.63) with Sevens-High Straight
Seat 5: a506f66b (small blind) folded before Flop
Seat 6: 813d5e4f (big blind) showed [2s 7c] and lost with Pair of Sevens and Pair of Twos


Poker Hand #HD1199330728: Hold'em No Limit  ($0.02/$0.05) - 2023/04/11 22:39:38
Table 'NLHBlue39' 6-max Seat #3 is the button
Seat 1: f0f1ac32 ($5.21 in chips)
Seat 2: Hero ($5.14 in chips)
Seat 3: 64e5fd42 ($7.49 in chips)
Seat 4: 884a9a1a ($3.49 in chips)
Seat 5: a506f66b ($5.48 in chips)
Seat 6: 813d5e4f ($5.65 in chips)
884a9a1a: posts small blind $0.02
a506f66b: posts big blind $0.05
*** HOLE CARDS ***
Dealt to f0f1ac32 
Dealt to Hero [5h As]
Dealt to 64e5fd42 
Dealt to 884a9a1a 
Dealt to a506f66b 
Dealt to 813d5e4f 
813d5e4f: folds
f0f1ac32: folds
Hero: folds
64e5fd42: folds
884a9a1a: folds
Uncalled bet ($0.03) returned to a506f66b
*** SHOWDOWN ***
a506f66b collected $0.04 from pot
*** SUMMARY ***
Total pot $0.04 | Rake $0 | Jackpot $0 | Bingo $0 | Fortune $0
Seat 1: f0f1ac32 folded before Flop (didn't bet)
Seat 2: Hero folded before Flop (didn't bet)
Seat 3: 64e5fd42 (button) folded before Flop (didn't bet)
Seat 4: 884a9a1a (small blind) folded before Flop
Seat 5: a506f66b (big blind) collected ($0.04)
Seat 6: 813d5e4f folded before Flop (didn't bet)


Poker Hand #HD1199330669: Hold'em No Limit  ($0.02/$0.05) - 2023/04/11 22:38:55
Table 'NLHBlue39' 6-max Seat #2 is the button
Seat 1: f0f1ac32 ($5.21 in chips)
Seat 2: Hero ($5.14 in chips)
Seat 3: 64e5fd42 ($5.64 in chips)
Seat 4: 884a9a1a ($5.59 in chips)
Seat 5: a506f66b ($5.48 in chips)
Seat 6: 813d5e4f ($5.65 in chips)
64e5fd42: posts small blind $0.02
884a9a1a: posts big blind $0.05
*** HOLE CARDS ***
Dealt to f0f1ac32 
Dealt to Hero [6d 9c]
Dealt to 64e5fd42 
Dealt to 884a9a1a 
Dealt to a506f66b 
Dealt to 813d5e4f 
a506f66b: folds
813d5e4f: folds
f0f1ac32: folds
Hero: folds
64e5fd42: raises $0.1 to $0.15
884a9a1a: calls $0.1
*** FLOP *** [4s 8d 4h]
64e5fd42: bets $0.15
884a9a1a: calls $0.15
*** TURN *** [4s 8d 4h] [5h]
64e5fd42: bets $0.3
884a9a1a: calls $0.3
*** RIVER *** [4s 8d 4h 5h] [Ah]
64e5fd42: checks
884a9a1a: bets $1.5
64e5fd42: calls $1.5
884a9a1a: shows [7d Td] (Pair of Fours)
64e5fd42: shows [Jh 8s] (Pair of Eights and Pair of Fours)
*** SHOWDOWN ***
64e5fd42 collected $3.95 from pot
*** SUMMARY ***
Total pot $4.2 | Rake $0.2 | Jackpot $0.05 | Bingo $0 | Fortune $0
Board [4s 8d 4h 5h Ah]
Seat 1: f0f1ac32 folded before Flop (didn't bet)
Seat 2: Hero (button) folded before Flop (didn't bet)
Seat 3: 64e5fd42 (small blind) showed [Jh 8s] and won ($3.95) with Pair of Eights and Pair of Fours
Seat 4: 884a9a1a (big blind) showed [7d Td] and lost with Pair of Fours
Seat 5: a506f66b folded before Flop (didn't bet)
Seat 6: 813d5e4f folded before Flop (didn't bet)


Poker Hand #HD1199330647: Hold'em No Limit  ($0.02/$0.05) - 2023/04/11 22:38:43
Table 'NLHBlue39' 6-max Seat #1 is the button
Seat 1: f0f1ac32 ($5.21 in chips)
Seat 2: Hero ($5.16 in chips)
Seat 3: 64e5fd42 ($5.62 in chips)
Seat 4: 884a9a1a ($5.59 in chips)
Seat 5: a506f66b ($5.48 in chips)
Seat 6: 813d5e4f ($5.65 in chips)
Hero: posts small blind $0.02
64e5fd42: posts big blind $0.05
*** HOLE CARDS ***
Dealt to f0f1ac32 
Dealt to Hero [6s Td]
Dealt to 64e5fd42 
Dealt to 884a9a1a 
Dealt to a506f66b 
Dealt to 813d5e4f 
884a9a1a: folds
a506f66b: folds
813d5e4f: folds
f0f1ac32: folds
Hero: folds
Uncalled bet ($0.03) returned to 64e5fd42
*** SHOWDOWN ***
64e5fd42 collected $0.04 from pot
*** SUMMARY ***
Total pot $0.04 | Rake $0 | Jackpot $0 | Bingo $0 | Fortune $0
Seat 1: f0f1ac32 (button) folded before Flop (didn't bet)
Seat 2: Hero (small blind) folded before Flop
Seat 3: 64e5fd42 (big blind) collected ($0.04)
Seat 4: 884a9a1a folded before Flop (didn't bet)
Seat 5: a506f66b folded before Flop (didn't bet)
Seat 6: 813d5e4f folded before Flop (didn't bet)


Poker Hand #HD1199330585: Hold'em No Limit  ($0.02/$0.05) - 2023/04/11 22:38:03
Table 'NLHBlue39' 6-max Seat #6 is the button
Seat 1: f0f1ac32 ($5.23 in chips)
Seat 2: Hero ($5 in chips)
Seat 3: 64e5fd42 ($5.77 in chips)
Seat 4: 884a9a1a ($5.59 in chips)
Seat 5: a506f66b ($5.48 in chips)
Seat 6: 813d5e4f ($5.65 in chips)
f0f1ac32: posts small blind $0.02
Hero: posts big blind $0.05
*** HOLE CARDS ***
Dealt to f0f1ac32 
Dealt to Hero [8d 5d]
Dealt to 64e5fd42 
Dealt to 884a9a1a 
Dealt to a506f66b 
Dealt to 813d5e4f 
64e5fd42: raises $0.1 to $0.15
884a9a1a: folds
a506f66b: folds
813d5e4f: folds
f0f1ac32: folds
Hero: calls $0.1
*** FLOP *** [4d Td 2c]
Hero: checks
64e5fd42: checks
*** TURN *** [4d Td 2c] [5h]
Hero: bets $0.16
64e5fd42: folds
Uncalled bet ($0.16) returned to Hero
*** SHOWDOWN ***
Hero collected $0.31 from pot
*** SUMMARY ***
Total pot $0.32 | Rake $0.01 | Jackpot $0 | Bingo $0 | Fortune $0
Board [4d Td 2c 5h]
Seat 1: f0f1ac32 (small blind) folded before Flop
Seat 2: Hero (big blind) won ($0.31)
Seat 3: 64e5fd42 folded on the Turn
Seat 4: 884a9a1a folded before Flop (didn't bet)
Seat 5: a506f66b folded before Flop (didn't bet)
Seat 6: 813d5e4f (button) folded before Flop (didn't bet)


Poker Hand #HD1199330533: Hold'em No Limit  ($0.02/$0.05) - 2023/04/11 22:37:32
Table 'NLHBlue39' 6-max Seat #5 is the button
Seat 1: f0f1ac32 ($5.36 in chips)
Seat 2: Hero ($5 in chips)
Seat 3: 64e5fd42 ($5.77 in chips)
Seat 4: 884a9a1a ($5.59 in chips)
Seat 5: a506f66b ($5.48 in chips)
Seat 6: 813d5e4f ($5.53 in chips)
813d5e4f: posts small blind $0.02
f0f1ac32: posts big blind $0.05
*** HOLE CARDS ***
Dealt to f0f1ac32 
Dealt to Hero [3h Jd]
Dealt to 64e5fd42 
Dealt to 884a9a1a 
Dealt to a506f66b 
Dealt to 813d5e4f 
Hero: folds
64e5fd42: folds
884a9a1a: folds
a506f66b: folds
813d5e4f: raises $0.08 to $0.13
f0f1ac32: calls $0.08
*** FLOP *** [7d 6d Qd]
813d5e4f: checks
f0f1ac32: checks
*** TURN *** [7d 6d Qd] [7h]
813d5e4f: bets $0.13
f0f1ac32: folds
Uncalled bet ($0.13) returned to 813d5e4f
*** SHOWDOWN ***
813d5e4f collected $0.25 from pot
*** SUMMARY ***
Total pot $0.26 | Rake $0.01 | Jackpot $0 | Bingo $0 | Fortune $0
Board [7d 6d Qd 7h]
Seat 1: f0f1ac32 (big blind) folded on the Turn
Seat 2: Hero folded before Flop (didn't bet)
Seat 3: 64e5fd42 folded before Flop (didn't bet)
Seat 4: 884a9a1a folded before Flop (didn't bet)
Seat 5: a506f66b (button) folded before Flop (didn't bet)
Seat 6: 813d5e4f (small blind) won ($0.25)


Poker Hand #HD1199330454: Hold'em No Limit  ($0.02/$0.05) - 2023/04/11 22:36:36
Table 'NLHBlue39' 6-max Seat #4 is the button
Seat 1: f0f1ac32 ($5.36 in chips)
Seat 2: Hero ($5 in chips)
Seat 3: 64e5fd42 ($5.77 in chips)
Seat 4: 884a9a1a ($5.59 in chips)
Seat 5: a506f66b ($5.5 in chips)
Seat 6: 813d5e4f ($5.4 in chips)
a506f66b: posts small blind $0.02
813d5e4f: posts big blind $0.05
*** HOLE CARDS ***
Dealt to f0f1ac32 
Dealt to Hero [8d 9d]
Dealt to 64e5fd42 
Dealt to 884a9a1a 
Dealt to a506f66b 
Dealt to 813d5e4f 
f0f1ac32: folds
Hero: raises $0.07 to $0.12
64e5fd42: folds
884a9a1a: folds
a506f66b: folds
813d5e4f: calls $0.07
*** FLOP *** [Kh 3s Td]
813d5e4f: checks
Hero: checks
*** TURN *** [Kh 3s Td] [2s]
813d5e4f: checks
Hero: checks
*** RIVER *** [Kh 3s Td 2s] [6h]
813d5e4f: checks
Hero: checks
813d5e4f: shows [6c Th] (Pair of Tens and Pair of Sixes)
Hero: shows [8d 9d] (King-High)
*** SHOWDOWN ***
813d5e4f collected $0.25 from pot
*** SUMMARY ***
Total pot $0.26 | Rake $0.01 | Jackpot $0 | Bingo $0 | Fortune $0
Board [Kh 3s Td 2s 6h]
Seat 1: f0f1ac32 folded before Flop (didn't bet)
Seat 2: Hero showed [8d 9d] and lost with King-High
Seat 3: 64e5fd42 folded before Flop (didn't bet)
Seat 4: 884a9a1a (button) folded before Flop (didn't bet)
Seat 5: a506f66b (small blind) folded before Flop
Seat 6: 813d5e4f (big blind) showed [6c Th] and won ($0.25) with Pair of Tens and Pair of Sixes


Poker Hand #HD1199330427: Hold'em No Limit  ($0.02/$0.05) - 2023/04/11 22:36:19
Table 'NLHBlue39' 6-max Seat #3 is the button
Seat 1: f0f1ac32 ($5.36 in chips)
Seat 2: Hero ($5 in chips)
Seat 3: 64e5fd42 ($5.77 in chips)
Seat 4: 884a9a1a ($5.61 in chips)
Seat 5: a506f66b ($5.55 in chips)
Seat 6: 813d5e4f ($5.33 in chips)
884a9a1a: posts small blind $0.02
a506f66b: posts big blind $0.05
*** HOLE CARDS ***
Dealt to f0f1ac32 
Dealt to Hero [6d Jd]
Dealt to 64e5fd42 
Dealt to 884a9a1a 
Dealt to a506f66b 
Dealt to 813d5e4f 
813d5e4f: raises $0.07 to $0.12
f0f1ac32: folds
Hero: folds
64e5fd42: folds
884a9a1a: folds
a506f66b: folds
Uncalled bet ($0.07) returned to 813d5e4f
*** SHOWDOWN ***
813d5e4f collected $0.12 from pot
*** SUMMARY ***
Total pot $0.12 | Rake $0 | Jackpot $0 | Bingo $0 | Fortune $0
Seat 1: f0f1ac32 folded before Flop (didn't bet)
Seat 2: Hero folded before Flop (didn't bet)
Seat 3: 64e5fd42 (button) folded before Flop (didn't bet)
Seat 4: 884a9a1a (small blind) folded before Flop
Seat 5: a506f66b (big blind) folded before Flop
Seat 6: 813d5e4f collected ($0.12)


Poker Hand #HD1199330407: Hold'em No Limit  ($0.02/$0.05) - 2023/04/11 22:36:05
Table 'NLHBlue39' 6-max Seat #2 is the button
Seat 1: f0f1ac32 ($5.29 in chips)
Seat 2: Hero ($5 in chips)
Seat 3: 64e5fd42 ($5.79 in chips)
Seat 4: 884a9a1a ($5.66 in chips)
Seat 5: a506f66b ($5.55 in chips)
Seat 6: 813d5e4f ($5.33 in chips)
64e5fd42: posts small blind $0.02
884a9a1a: posts big blind $0.05
*** HOLE CARDS ***
Dealt to f0f1ac32 
Dealt to Hero [6c 8d]
Dealt to 64e5fd42 
Dealt to 884a9a1a 
Dealt to a506f66b 
Dealt to 813d5e4f 
a506f66b: folds
813d5e4f: folds
f0f1ac32: raises $0.08 to $0.13
Hero: folds
64e5fd42: folds
884a9a1a: folds
Uncalled bet ($0.08) returned to f0f1ac32
*** SHOWDOWN ***
f0f1ac32 collected $0.12 from pot
*** SUMMARY ***
Total pot $0.12 | Rake $0 | Jackpot $0 | Bingo $0 | Fortune $0
Seat 1: f0f1ac32 collected ($0.12)
Seat 2: Hero (button) folded before Flop (didn't bet)
Seat 3: 64e5fd42 (small blind) folded before Flop
Seat 4: 884a9a1a (big blind) folded before Flop
Seat 5: a506f66b folded before Flop (didn't bet)
Seat 6: 813d5e4f folded before Flop (didn't bet)


Poker Hand #HD1199330380: Hold'em No Limit  ($0.02/$0.05) - 2023/04/11 22:35:49
Table 'NLHBlue39' 6-max Seat #1 is the button
Seat 1: f0f1ac32 ($5.29 in chips)
Seat 2: Hero ($5 in chips)
Seat 3: 64e5fd42 ($5.77 in chips)
Seat 4: 884a9a1a ($5.66 in chips)
Seat 5: a506f66b ($5.55 in chips)
Seat 6: 813d5e4f ($5.33 in chips)
Hero: posts small blind $0.02
64e5fd42: posts big blind $0.05
*** HOLE CARDS ***
Dealt to f0f1ac32 
Dealt to Hero [6d 3s]
Dealt to 64e5fd42 
Dealt to 884a9a1a 
Dealt to a506f66b 
Dealt to 813d5e4f 
884a9a1a: folds
a506f66b: folds
813d5e4f: folds
f0f1ac32: folds
Hero: folds
Uncalled bet ($0.03) returned to 64e5fd42
*** SHOWDOWN ***
64e5fd42 collected $0.04 from pot
*** SUMMARY ***
Total pot $0.04 | Rake $0 | Jackpot $0 | Bingo $0 | Fortune $0
Seat 1: f0f1ac32 (button) folded before Flop (didn't bet)
Seat 2: Hero (small blind) folded before Flop
Seat 3: 64e5fd42 (big blind) collected ($0.04)
Seat 4: 884a9a1a folded before Flop (didn't bet)
Seat 5: a506f66b folded before Flop (didn't bet)
Seat 6: 813d5e4f folded before Flop (didn't bet)


Poker Hand #HD1199330331: Hold'em No Limit  ($0.02/$0.05) - 2023/04/11 22:35:17
Table 'NLHBlue39' 6-max Seat #6 is the button
Seat 1: f0f1ac32 ($5.31 in chips)
Seat 2: Hero ($5 in chips)
Seat 3: 64e5fd42 ($5.77 in chips)
Seat 4: 884a9a1a ($5.55 in chips)
Seat 5: a506f66b ($5.55 in chips)
Seat 6: 813d5e4f ($5.33 in chips)
f0f1ac32: posts small blind $0.02
Hero: posts big blind $0.05
*** HOLE CARDS ***
Dealt to f0f1ac32 
Dealt to Hero [Kd 2d]
Dealt to 64e5fd42 
Dealt to 884a9a1a 
Dealt to a506f66b 
Dealt to 813d5e4f 
64e5fd42: folds
884a9a1a: raises $0.05 to $0.1
a506f66b: folds
813d5e4f: folds
f0f1ac32: folds
Hero: calls $0.05
*** FLOP *** [7s 8c 7c]
Hero: checks
884a9a1a: checks
*** TURN *** [7s 8c 7c] [9c]
Hero: checks
884a9a1a: bets $0.05
Hero: folds
Uncalled bet ($0.05) returned to 884a9a1a
*** SHOWDOWN ***
884a9a1a collected $0.21 from pot
*** SUMMARY ***
Total pot $0.22 | Rake $0.01 | Jackpot $0 | Bingo $0 | Fortune $0
Board [7s 8c 7c 9c]
Seat 1: f0f1ac32 (small blind) folded before Flop
Seat 2: Hero (big blind) folded on the Turn
Seat 3: 64e5fd42 folded before Flop (didn't bet)
Seat 4: 884a9a1a won ($0.21)
Seat 5: a506f66b folded before Flop (didn't bet)
Seat 6: 813d5e4f (button) folded before Flop (didn't bet)


