Poker Hand #HD1597131831: Hold'em No Limit ($0.02/$0.05) - 2024/01/20 11:44:57
Table 'NLHBlue35' 6-max Seat #6 is the button
Seat 1: 7d604428 ($5.24 in chips)
Seat 2: ff9e67d3 ($3.53 in chips)
Seat 3: Hero ($6.34 in chips)
Seat 4: ec91fe84 ($5.34 in chips)
Seat 5: 119006ff ($4.88 in chips)
Seat 6: c67ec770 ($1.39 in chips)
7d604428: posts small blind $0.02
ff9e67d3: posts big blind $0.05
*** HOLE CARDS ***
Dealt to 7d604428 
Dealt to ff9e67d3 
Dealt to Hero [5d 3c]
Dealt to ec91fe84 
Dealt to 119006ff 
Dealt to c67ec770 
Hero: folds
ec91fe84: raises $0.06 to $0.11
119006ff: folds
c67ec770: folds
7d604428: folds
ff9e67d3: folds
Uncalled bet ($0.06) returned to ec91fe84
*** SHOWDOWN ***
ec91fe84 collected $0.12 from pot
*** SUMMARY ***
Total pot $0.12 | Rake $0 | Jackpot $0 | Bingo $0 | Fortune $0 | Tax $0
Seat 1: 7d604428 (small blind) folded before Flop
Seat 2: ff9e67d3 (big blind) folded before Flop
Seat 3: Hero folded before Flop (didn't bet)
Seat 4: ec91fe84 collected ($0.12)
Seat 5: 119006ff folded before Flop (didn't bet)
Seat 6: c67ec770 (button) folded before Flop (didn't bet)


Poker Hand #HD1597131740: Hold'em No Limit ($0.02/$0.05) - 2024/01/20 11:43:56
Table 'NLHBlue35' 6-max Seat #5 is the button
Seat 1: 7d604428 ($4.96 in chips)
Seat 2: ff9e67d3 ($3.63 in chips)
Seat 3: Hero ($6.34 in chips)
Seat 4: ec91fe84 ($5.34 in chips)
Seat 5: 119006ff ($4.88 in chips)
Seat 6: c67ec770 ($1.59 in chips)
c67ec770: posts small blind $0.02
7d604428: posts big blind $0.05
*** HOLE CARDS ***
Dealt to 7d604428 
Dealt to ff9e67d3 
Dealt to Hero [6c 9c]
Dealt to ec91fe84 
Dealt to 119006ff 
Dealt to c67ec770 
ff9e67d3: raises $0.05 to $0.1
Hero: folds
ec91fe84: folds
119006ff: folds
c67ec770: calls $0.08
7d604428: calls $0.05
*** FLOP *** [Ks 3c 2h]
c67ec770: checks
7d604428: bets $0.1
ff9e67d3: folds
c67ec770: calls $0.1
*** TURN *** [Ks 3c 2h] [Td]
c67ec770: checks
7d604428: checks
*** RIVER *** [Ks 3c 2h Td] [3s]
c67ec770: checks
7d604428: bets $0.38
c67ec770: folds
Uncalled bet ($0.38) returned to 7d604428
*** SHOWDOWN ***
7d604428 collected $0.48 from pot
*** SUMMARY ***
Total pot $0.5 | Rake $0.02 | Jackpot $0 | Bingo $0 | Fortune $0 | Tax $0
Board [Ks 3c 2h Td 3s]
Seat 1: 7d604428 (big blind) won ($0.48)
Seat 2: ff9e67d3 folded on the Flop
Seat 3: Hero folded before Flop (didn't bet)
Seat 4: ec91fe84 folded before Flop (didn't bet)
Seat 5: 119006ff (button) folded before Flop (didn't bet)
Seat 6: c67ec770 (small blind) folded on the River


Poker Hand #HD1597131718: Hold'em No Limit ($0.02/$0.05) - 2024/01/20 11:43:41
Table 'NLHBlue35' 6-max Seat #4 is the button
Seat 1: 7d604428 ($4.96 in chips)
Seat 2: ff9e67d3 ($3.63 in chips)
Seat 3: Hero ($6.34 in chips)
Seat 4: ec91fe84 ($5.34 in chips)
Seat 5: 119006ff ($4.9 in chips)
Seat 6: c67ec770 ($1.57 in chips)
119006ff: posts small blind $0.02
c67ec770: posts big blind $0.05
*** HOLE CARDS ***
Dealt to 7d604428 
Dealt to ff9e67d3 
Dealt to Hero [Ac 9s]
Dealt to ec91fe84 
Dealt to 119006ff 
Dealt to c67ec770 
7d604428: folds
ff9e67d3: folds
Hero: folds
ec91fe84: folds
119006ff: folds
Uncalled bet ($0.03) returned to c67ec770
*** SHOWDOWN ***
c67ec770 collected $0.04 from pot
*** SUMMARY ***
Total pot $0.04 | Rake $0 | Jackpot $0 | Bingo $0 | Fortune $0 | Tax $0
Seat 1: 7d604428 folded before Flop (didn't bet)
Seat 2: ff9e67d3 folded before Flop (didn't bet)
Seat 3: Hero folded before Flop (didn't bet)
Seat 4: ec91fe84 (button) folded before Flop (didn't bet)
Seat 5: 119006ff (small blind) folded before Flop
Seat 6: c67ec770 (big blind) collected ($0.04)


Poker Hand #HD1597131618: Hold'em No Limit ($0.02/$0.05) - 2024/01/20 11:42:34
Table 'NLHBlue35' 6-max Seat #3 is the button
Seat 1: 7d604428 ($4.96 in chips)
Seat 2: ff9e67d3 ($3.63 in chips)
Seat 3: Hero ($6.34 in chips)
Seat 4: ec91fe84 ($5.47 in chips)
Seat 5: 119006ff ($4.95 in chips)
Seat 6: c67ec770 ($1.4 in chips)
ec91fe84: posts small blind $0.02
119006ff: posts big blind $0.05
*** HOLE CARDS ***
Dealt to 7d604428 
Dealt to ff9e67d3 
Dealt to Hero [4c Js]
Dealt to ec91fe84 
Dealt to 119006ff 
Dealt to c67ec770 
c67ec770: calls $0.05
7d604428: folds
ff9e67d3: folds
Hero: folds
ec91fe84: calls $0.03
119006ff: checks
*** FLOP *** [8c Td Kc]
ec91fe84: checks
119006ff: checks
c67ec770: checks
*** TURN *** [8c Td Kc] [Kh]
ec91fe84: bets $0.08
119006ff: folds
c67ec770: calls $0.08
*** RIVER *** [8c Td Kc Kh] [Jh]
ec91fe84: checks
c67ec770: checks
ec91fe84: shows [5c 3c] (Pair of Kings)
c67ec770: shows [6h Ac] (Pair of Kings)
*** SHOWDOWN ***
c67ec770 collected $0.3 from pot
*** SUMMARY ***
Total pot $0.31 | Rake $0.01 | Jackpot $0 | Bingo $0 | Fortune $0 | Tax $0
Board [8c Td Kc Kh Jh]
Seat 1: 7d604428 folded before Flop (didn't bet)
Seat 2: ff9e67d3 folded before Flop (didn't bet)
Seat 3: Hero (button) folded before Flop (didn't bet)
Seat 4: ec91fe84 (small blind) showed [5c 3c] and lost with Pair of Kings
Seat 5: 119006ff (big blind) folded on the Turn
Seat 6: c67ec770 showed [6h Ac] and won ($0.3) with Pair of Kings


Poker Hand #HD1597131582: Hold'em No Limit ($0.02/$0.05) - 2024/01/20 11:41:58
Table 'NLHBlue35' 6-max Seat #2 is the button
Seat 1: 7d604428 ($4.96 in chips)
Seat 2: ff9e67d3 ($3.73 in chips)
Seat 3: Hero ($6.36 in chips)
Seat 4: ec91fe84 ($5.36 in chips)
Seat 5: 119006ff ($4.95 in chips)
Seat 6: c67ec770 ($1.4 in chips)
Hero: posts small blind $0.02
ec91fe84: posts big blind $0.05
*** HOLE CARDS ***
Dealt to 7d604428 
Dealt to ff9e67d3 
Dealt to Hero [7c 9d]
Dealt to ec91fe84 
Dealt to 119006ff 
Dealt to c67ec770 
119006ff: folds
c67ec770: folds
7d604428: folds
ff9e67d3: raises $0.05 to $0.1
Hero: folds
ec91fe84: raises $0.4 to $0.5
ff9e67d3: folds
Uncalled bet ($0.4) returned to ec91fe84
*** SHOWDOWN ***
ec91fe84 collected $0.21 from pot
*** SUMMARY ***
Total pot $0.22 | Rake $0.01 | Jackpot $0 | Bingo $0 | Fortune $0 | Tax $0
Seat 1: 7d604428 folded before Flop (didn't bet)
Seat 2: ff9e67d3 (button) folded before Flop
Seat 3: Hero (small blind) folded before Flop
Seat 4: ec91fe84 (big blind) collected ($0.21)
Seat 5: 119006ff folded before Flop (didn't bet)
Seat 6: c67ec770 folded before Flop (didn't bet)


Poker Hand #HD1597131540: Hold'em No Limit ($0.02/$0.05) - 2024/01/20 11:41:32
Table 'NLHBlue35' 6-max Seat #1 is the button
Seat 1: 7d604428 ($4.89 in chips)
Seat 2: ff9e67d3 ($3.75 in chips)
Seat 3: Hero ($6.41 in chips)
Seat 4: ec91fe84 ($5.36 in chips)
Seat 5: 119006ff ($4.95 in chips)
Seat 6: c67ec770 ($1.4 in chips)
ff9e67d3: posts small blind $0.02
Hero: posts big blind $0.05
*** HOLE CARDS ***
Dealt to 7d604428 
Dealt to ff9e67d3 
Dealt to Hero [Jh 4d]
Dealt to ec91fe84 
Dealt to 119006ff 
Dealt to c67ec770 
ec91fe84: folds
119006ff: folds
c67ec770: folds
7d604428: raises $0.05 to $0.1
ff9e67d3: folds
Hero: folds
Uncalled bet ($0.05) returned to 7d604428
*** SHOWDOWN ***
7d604428 collected $0.12 from pot
*** SUMMARY ***
Total pot $0.12 | Rake $0 | Jackpot $0 | Bingo $0 | Fortune $0 | Tax $0
Seat 1: 7d604428 (button) collected ($0.12)
Seat 2: ff9e67d3 (small blind) folded before Flop
Seat 3: Hero (big blind) folded before Flop
Seat 4: ec91fe84 folded before Flop (didn't bet)
Seat 5: 119006ff folded before Flop (didn't bet)
Seat 6: c67ec770 folded before Flop (didn't bet)


Poker Hand #HD1597131444: Hold'em No Limit ($0.02/$0.05) - 2024/01/20 11:40:27
Table 'NLHBlue35' 6-max Seat #6 is the button
Seat 1: 7d604428 ($4.91 in chips)
Seat 2: ff9e67d3 ($3.9 in chips)
Seat 3: Hero ($6.41 in chips)
Seat 4: ec91fe84 ($5.15 in chips)
Seat 5: 119006ff ($5 in chips)
Seat 6: c67ec770 ($1.4 in chips)
7d604428: posts small blind $0.02
ff9e67d3: posts big blind $0.05
119006ff: posts big blind $0.05
*** HOLE CARDS ***
Dealt to 7d604428 
Dealt to ff9e67d3 
Dealt to Hero [6h 8h]
Dealt to ec91fe84 
Dealt to 119006ff 
Dealt to c67ec770 
Hero: folds
ec91fe84: raises $0.1 to $0.15
119006ff: folds
c67ec770: folds
7d604428: folds
ff9e67d3: calls $0.1
*** FLOP *** [8c 9c 3d]
ff9e67d3: checks
ec91fe84: checks
*** TURN *** [8c 9c 3d] [Th]
ff9e67d3: checks
ec91fe84: bets $0.25
ff9e67d3: folds
Uncalled bet ($0.25) returned to ec91fe84
*** SHOWDOWN ***
ec91fe84 collected $0.36 from pot
*** SUMMARY ***
Total pot $0.37 | Rake $0.01 | Jackpot $0 | Bingo $0 | Fortune $0 | Tax $0
Board [8c 9c 3d Th]
Seat 1: 7d604428 (small blind) folded before Flop
Seat 2: ff9e67d3 (big blind) folded on the Turn
Seat 3: Hero folded before Flop (didn't bet)
Seat 4: ec91fe84 won ($0.36)
Seat 5: 119006ff folded before Flop
Seat 6: c67ec770 (button) folded before Flop (didn't bet)


Poker Hand #HD1597131432: Hold'em No Limit ($0.02/$0.05) - 2024/01/20 11:40:17
Table 'NLHBlue35' 6-max Seat #4 is the button
Seat 1: 7d604428 ($4.89 in chips)
Seat 3: Hero ($6.41 in chips)
Seat 4: ec91fe84 ($5.15 in chips)
Seat 6: c67ec770 ($1.42 in chips)
c67ec770: posts small blind $0.02
7d604428: posts big blind $0.05
*** HOLE CARDS ***
Dealt to 7d604428 
Dealt to Hero [5s Jc]
Dealt to ec91fe84 
Dealt to c67ec770 
Hero: folds
ec91fe84: folds
c67ec770: folds
Uncalled bet ($0.03) returned to 7d604428
*** SHOWDOWN ***
7d604428 collected $0.04 from pot
*** SUMMARY ***
Total pot $0.04 | Rake $0 | Jackpot $0 | Bingo $0 | Fortune $0 | Tax $0
Seat 1: 7d604428 (big blind) collected ($0.04)
Seat 3: Hero folded before Flop (didn't bet)
Seat 4: ec91fe84 (button) folded before Flop (didn't bet)
Seat 6: c67ec770 (small blind) folded before Flop


Poker Hand #HD1597131370: Hold'em No Limit ($0.02/$0.05) - 2024/01/20 11:39:34
Table 'NLHBlue35' 6-max Seat #3 is the button
Seat 1: 7d604428 ($4.78 in chips)
Seat 3: Hero ($6.41 in chips)
Seat 4: ec91fe84 ($5.17 in chips)
Seat 6: c67ec770 ($1.52 in chips)
ec91fe84: posts small blind $0.02
c67ec770: posts big blind $0.05
*** HOLE CARDS ***
Dealt to 7d604428 
Dealt to Hero [7d Jd]
Dealt to ec91fe84 
Dealt to c67ec770 
7d604428: raises $0.05 to $0.1
Hero: folds
ec91fe84: folds
c67ec770: calls $0.05
*** FLOP *** [Kd 5s 5h]
c67ec770: checks
7d604428: checks
*** TURN *** [Kd 5s 5h] [9d]
c67ec770: checks
7d604428: bets $0.08
c67ec770: folds
Uncalled bet ($0.08) returned to 7d604428
*** SHOWDOWN ***
7d604428 collected $0.21 from pot
*** SUMMARY ***
Total pot $0.22 | Rake $0.01 | Jackpot $0 | Bingo $0 | Fortune $0 | Tax $0
Board [Kd 5s 5h 9d]
Seat 1: 7d604428 won ($0.21)
Seat 3: Hero (button) folded before Flop (didn't bet)
Seat 4: ec91fe84 (small blind) folded before Flop
Seat 6: c67ec770 (big blind) folded on the Turn


Poker Hand #HD1597131347: Hold'em No Limit ($0.02/$0.05) - 2024/01/20 11:39:22
Table 'NLHBlue35' 6-max Seat #1 is the button
Seat 1: 7d604428 ($4.78 in chips)
Seat 3: Hero ($6.43 in chips)
Seat 4: ec91fe84 ($5.15 in chips)
Seat 6: c67ec770 ($1.52 in chips)
Hero: posts small blind $0.02
ec91fe84: posts big blind $0.05
*** HOLE CARDS ***
Dealt to 7d604428 
Dealt to Hero [7c Qd]
Dealt to ec91fe84 
Dealt to c67ec770 
c67ec770: folds
7d604428: folds
Hero: folds
Uncalled bet ($0.03) returned to ec91fe84
*** SHOWDOWN ***
ec91fe84 collected $0.04 from pot
*** SUMMARY ***
Total pot $0.04 | Rake $0 | Jackpot $0 | Bingo $0 | Fortune $0 | Tax $0
Seat 1: 7d604428 (button) folded before Flop (didn't bet)
Seat 3: Hero (small blind) folded before Flop
Seat 4: ec91fe84 (big blind) collected ($0.04)
Seat 6: c67ec770 folded before Flop (didn't bet)


Poker Hand #HD1597131249: Hold'em No Limit ($0.02/$0.05) - 2024/01/20 11:38:15
Table 'NLHBlue35' 6-max Seat #6 is the button
Seat 1: 7d604428 ($4.89 in chips)
Seat 3: Hero ($6.48 in chips)
Seat 4: ec91fe84 ($5 in chips)
Seat 6: c67ec770 ($1.52 in chips)
7d604428: posts small blind $0.02
Hero: posts big blind $0.05
*** HOLE CARDS ***
Dealt to 7d604428 
Dealt to Hero [4c Ts]
Dealt to ec91fe84 
Dealt to c67ec770 
ec91fe84: raises $0.06 to $0.11
c67ec770: folds
7d604428: calls $0.09
Hero: folds
*** FLOP *** [Tc 9d Th]
7d604428: checks
ec91fe84: checks
*** TURN *** [Tc 9d Th] [Qh]
7d604428: checks
ec91fe84: checks
*** RIVER *** [Tc 9d Th Qh] [Jh]
7d604428: checks
ec91fe84: checks
7d604428: shows [5s 5c] (Pair of Tens and Pair of Fives)
ec91fe84: shows [Ah Js] (Pair of Jacks and Pair of Tens)
*** SHOWDOWN ***
ec91fe84 collected $0.26 from pot
*** SUMMARY ***
Total pot $0.27 | Rake $0.01 | Jackpot $0 | Bingo $0 | Fortune $0 | Tax $0
Board [Tc 9d Th Qh Jh]
Seat 1: 7d604428 (small blind) showed [5s 5c] and lost with Pair of Tens and Pair of Fives
Seat 3: Hero (big blind) folded before Flop
Seat 4: ec91fe84 showed [Ah Js] and won ($0.26) with Pair of Jacks and Pair of Tens
Seat 6: c67ec770 (button) folded before Flop (didn't bet)


Poker Hand #HD1597131140: Hold'em No Limit ($0.02/$0.05) - 2024/01/20 11:37:00
Table 'NLHBlue35' 6-max Seat #4 is the button
Seat 1: 7d604428 ($5 in chips)
Seat 3: Hero ($6.48 in chips)
Seat 4: ec91fe84 ($5.09 in chips)
Seat 6: c67ec770 ($1.17 in chips)
c67ec770: posts small blind $0.02
7d604428: posts big blind $0.05
*** HOLE CARDS ***
Dealt to 7d604428 
Dealt to Hero [4h 2c]
Dealt to ec91fe84 
Dealt to c67ec770 
Hero: folds
ec91fe84: raises $0.06 to $0.11
c67ec770: calls $0.09
7d604428: calls $0.06
*** FLOP *** [4d Kc 6h]
c67ec770: checks
7d604428: checks
ec91fe84: checks
*** TURN *** [4d Kc 6h] [Ah]
c67ec770: bets $0.17
7d604428: folds
ec91fe84: calls $0.17
*** RIVER *** [4d Kc 6h Ah] [Tc]
c67ec770: bets $0.89 and is all-in
ec91fe84: folds
Uncalled bet ($0.89) returned to c67ec770
*** SHOWDOWN ***
c67ec770 collected $0.63 from pot
*** SUMMARY ***
Total pot $0.67 | Rake $0.04 | Jackpot $0 | Bingo $0 | Fortune $0 | Tax $0
Board [4d Kc 6h Ah Tc]
Seat 1: 7d604428 (big blind) folded on the Turn
Seat 3: Hero folded before Flop (didn't bet)
Seat 4: ec91fe84 (button) folded on the River
Seat 6: c67ec770 (small blind) won ($0.63)


Poker Hand #HD1597131092: Hold'em No Limit ($0.02/$0.05) - 2024/01/20 11:36:27
Table 'NLHBlue35' 6-max Seat #3 is the button
Seat 1: 7d604428 ($5 in chips)
Seat 2: af4d5e28 ($5 in chips)
Seat 3: Hero ($6.6 in chips)
Seat 4: ec91fe84 ($5.11 in chips)
Seat 6: c67ec770 ($1.04 in chips)
ec91fe84: posts small blind $0.02
c67ec770: posts big blind $0.05
*** HOLE CARDS ***
Dealt to 7d604428 
Dealt to af4d5e28 
Dealt to Hero [7d 9d]
Dealt to ec91fe84 
Dealt to c67ec770 
7d604428: folds
af4d5e28: folds
Hero: raises $0.07 to $0.12
ec91fe84: folds
c67ec770: calls $0.07
*** FLOP *** [2s 6h 5h]
c67ec770: checks
Hero: checks
*** TURN *** [2s 6h 5h] [6c]
c67ec770: checks
Hero: checks
*** RIVER *** [2s 6h 5h 6c] [Ks]
c67ec770: checks
Hero: checks
c67ec770: shows [Jc 7h] (Pair of Sixes)
Hero: shows [7d 9d] (Pair of Sixes)
*** SHOWDOWN ***
c67ec770 collected $0.25 from pot
*** SUMMARY ***
Total pot $0.26 | Rake $0.01 | Jackpot $0 | Bingo $0 | Fortune $0 | Tax $0
Board [2s 6h 5h 6c Ks]
Seat 1: 7d604428 folded before Flop (didn't bet)
Seat 2: af4d5e28 folded before Flop (didn't bet)
Seat 3: Hero (button) showed [7d 9d] and lost with Pair of Sixes
Seat 4: ec91fe84 (small blind) folded before Flop
Seat 6: c67ec770 (big blind) showed [Jc 7h] and won ($0.25) with Pair of Sixes


Poker Hand #HD1597130925: Hold'em No Limit ($0.02/$0.05) - 2024/01/20 11:34:41
Table 'NLHBlue35' 6-max Seat #2 is the button
Seat 1: 7d604428 ($5 in chips)
Seat 2: af4d5e28 ($5.1 in chips)
Seat 3: Hero ($6.62 in chips)
Seat 4: ec91fe84 ($5 in chips)
Seat 5: 7ee49046 ($5 in chips)
Seat 6: c67ec770 ($1.04 in chips)
Hero: posts small blind $0.02
ec91fe84: posts big blind $0.05
*** HOLE CARDS ***
Dealt to 7d604428 
Dealt to af4d5e28 
Dealt to Hero [Ah Ts]
Dealt to ec91fe84 
Dealt to 7ee49046 
Dealt to c67ec770 
7ee49046: folds
c67ec770: folds
7d604428: folds
af4d5e28: raises $0.05 to $0.1
Hero: folds
ec91fe84: calls $0.05
*** FLOP *** [5s Js 3s]
ec91fe84: checks
af4d5e28: checks
*** TURN *** [5s Js 3s] [3d]
ec91fe84: checks
af4d5e28: checks
*** RIVER *** [5s Js 3s 3d] [Jd]
ec91fe84: bets $0.11
af4d5e28: folds
Uncalled bet ($0.11) returned to ec91fe84
*** SHOWDOWN ***
ec91fe84 collected $0.21 from pot
*** SUMMARY ***
Total pot $0.22 | Rake $0.01 | Jackpot $0 | Bingo $0 | Fortune $0 | Tax $0
Board [5s Js 3s 3d Jd]
Seat 1: 7d604428 folded before Flop (didn't bet)
Seat 2: af4d5e28 (button) folded on the River
Seat 3: Hero (small blind) folded before Flop
Seat 4: ec91fe84 (big blind) won ($0.21)
Seat 5: 7ee49046 folded before Flop (didn't bet)
Seat 6: c67ec770 folded before Flop (didn't bet)


Poker Hand #HD1597130871: Hold'em No Limit ($0.02/$0.05) - 2024/01/20 11:34:01
Table 'NLHBlue35' 6-max Seat #1 is the button
Seat 1: 7d604428 ($5 in chips)
Seat 2: af4d5e28 ($5.12 in chips)
Seat 3: Hero ($5.98 in chips)
Seat 4: ec91fe84 ($5 in chips)
Seat 5: 7ee49046 ($5 in chips)
Seat 6: c67ec770 ($1.61 in chips)
af4d5e28: posts small blind $0.02
Hero: posts big blind $0.05
*** HOLE CARDS ***
Dealt to 7d604428 
Dealt to af4d5e28 
Dealt to Hero [Qh Qc]
Dealt to ec91fe84 
Dealt to 7ee49046 
Dealt to c67ec770 
ec91fe84: folds
7ee49046: raises $0.06 to $0.11
c67ec770: calls $0.11
7d604428: folds
af4d5e28: folds
Hero: raises $0.46 to $0.57
7ee49046: folds
c67ec770: calls $0.46
*** FLOP *** [Jd 7h 2h]
Hero: bets $0.74
c67ec770: folds
Uncalled bet ($0.74) returned to Hero
*** SHOWDOWN ***
Hero collected $1.21 from pot
*** SUMMARY ***
Total pot $1.27 | Rake $0.06 | Jackpot $0 | Bingo $0 | Fortune $0 | Tax $0
Board [Jd 7h 2h]
Seat 1: 7d604428 (button) folded before Flop (didn't bet)
Seat 2: af4d5e28 (small blind) folded before Flop
Seat 3: Hero (big blind) won ($1.21)
Seat 4: ec91fe84 folded before Flop (didn't bet)
Seat 5: 7ee49046 folded before Flop
Seat 6: c67ec770 folded on the Flop


Poker Hand #HD1597130731: Hold'em No Limit ($0.02/$0.05) - 2024/01/20 11:32:30
Table 'NLHBlue35' 6-max Seat #6 is the button
Seat 1: 7d604428 ($4.77 in chips)
Seat 2: af4d5e28 ($4.64 in chips)
Seat 3: Hero ($5.98 in chips)
Seat 4: ec91fe84 ($5 in chips)
Seat 5: 7ee49046 ($5 in chips)
Seat 6: c67ec770 ($2.13 in chips)
7d604428: posts small blind $0.02
af4d5e28: posts big blind $0.05
*** HOLE CARDS ***
Dealt to 7d604428 
Dealt to af4d5e28 
Dealt to Hero [4s 4d]
Dealt to ec91fe84 
Dealt to 7ee49046 
Dealt to c67ec770 
Hero: folds
ec91fe84: folds
7ee49046: folds
c67ec770: calls $0.05
7d604428: folds
af4d5e28: checks
*** FLOP *** [2d 8d 6c]
af4d5e28: checks
c67ec770: checks
*** TURN *** [2d 8d 6c] [Th]
af4d5e28: bets $0.15
c67ec770: calls $0.15
*** RIVER *** [2d 8d 6c Th] [7d]
af4d5e28: bets $0.32
c67ec770: calls $0.32
af4d5e28: shows [Ts 8c] (Pair of Tens and Pair of Eights)
c67ec770: shows [Jh 7s] (Pair of Sevens)
*** SHOWDOWN ***
af4d5e28 collected $1 from pot
*** SUMMARY ***
Total pot $1.06 | Rake $0.06 | Jackpot $0 | Bingo $0 | Fortune $0 | Tax $0
Board [2d 8d 6c Th 7d]
Seat 1: 7d604428 (small blind) folded before Flop
Seat 2: af4d5e28 (big blind) showed [Ts 8c] and won ($1) with Pair of Tens and Pair of Eights
Seat 3: Hero folded before Flop (didn't bet)
Seat 4: ec91fe84 folded before Flop (didn't bet)
Seat 5: 7ee49046 folded before Flop (didn't bet)
Seat 6: c67ec770 (button) showed [Jh 7s] and lost with Pair of Sevens


Poker Hand #HD1597130680: Hold'em No Limit ($0.02/$0.05) - 2024/01/20 11:32:00
Table 'NLHBlue35' 6-max Seat #5 is the button
Seat 1: 7d604428 ($4.82 in chips)
Seat 2: af4d5e28 ($4.64 in chips)
Seat 3: Hero ($5.91 in chips)
Seat 4: ec91fe84 ($5 in chips)
Seat 5: 7ee49046 ($5 in chips)
Seat 6: c67ec770 ($2.15 in chips)
c67ec770: posts small blind $0.02
7d604428: posts big blind $0.05
*** HOLE CARDS ***
Dealt to 7d604428 
Dealt to af4d5e28 
Dealt to Hero [Th Ad]
Dealt to ec91fe84 
Dealt to 7ee49046 
Dealt to c67ec770 
af4d5e28: folds
Hero: raises $0.07 to $0.12
ec91fe84: folds
7ee49046: folds
c67ec770: folds
7d604428: folds
Uncalled bet ($0.07) returned to Hero
*** SHOWDOWN ***
Hero collected $0.12 from pot
*** SUMMARY ***
Total pot $0.12 | Rake $0 | Jackpot $0 | Bingo $0 | Fortune $0 | Tax $0
Seat 1: 7d604428 (big blind) folded before Flop
Seat 2: af4d5e28 folded before Flop (didn't bet)
Seat 3: Hero collected ($0.12)
Seat 4: ec91fe84 folded before Flop (didn't bet)
Seat 5: 7ee49046 (button) folded before Flop (didn't bet)
Seat 6: c67ec770 (small blind) folded before Flop


Poker Hand #HD1597130604: Hold'em No Limit ($0.02/$0.05) - 2024/01/20 11:31:06
Table 'NLHBlue35' 6-max Seat #4 is the button
Seat 1: 7d604428 ($4.82 in chips)
Seat 2: af4d5e28 ($4.64 in chips)
Seat 3: Hero ($5.91 in chips)
Seat 4: ec91fe84 ($5 in chips)
Seat 5: 7ee49046 ($5 in chips)
Seat 6: c67ec770 ($2.13 in chips)
7ee49046: posts small blind $0.02
c67ec770: posts big blind $0.05
*** HOLE CARDS ***
Dealt to 7d604428 
Dealt to af4d5e28 
Dealt to Hero [4d 6s]
Dealt to ec91fe84 
Dealt to 7ee49046 
Dealt to c67ec770 
7d604428: folds
af4d5e28: folds
Hero: folds
ec91fe84: folds
7ee49046: folds
Uncalled bet ($0.03) returned to c67ec770
*** SHOWDOWN ***
c67ec770 collected $0.04 from pot
*** SUMMARY ***
Total pot $0.04 | Rake $0 | Jackpot $0 | Bingo $0 | Fortune $0 | Tax $0
Seat 1: 7d604428 folded before Flop (didn't bet)
Seat 2: af4d5e28 folded before Flop (didn't bet)
Seat 3: Hero folded before Flop (didn't bet)
Seat 4: ec91fe84 (button) folded before Flop (didn't bet)
Seat 5: 7ee49046 (small blind) folded before Flop
Seat 6: c67ec770 (big blind) collected ($0.04)


Poker Hand #HD1597130507: Hold'em No Limit ($0.02/$0.05) - 2024/01/20 11:30:08
Table 'NLHBlue35' 6-max Seat #3 is the button
Seat 1: 7d604428 ($4.82 in chips)
Seat 2: af4d5e28 ($4.64 in chips)
Seat 3: Hero ($5.91 in chips)
Seat 4: ec91fe84 ($5 in chips)
Seat 5: 7ee49046 ($5 in chips)
Seat 6: c67ec770 ($2.06 in chips)
ec91fe84: posts small blind $0.02
7ee49046: posts big blind $0.05
c67ec770: posts big blind $0.05
*** HOLE CARDS ***
Dealt to 7d604428 
Dealt to af4d5e28 
Dealt to Hero [Qd 4h]
Dealt to ec91fe84 
Dealt to 7ee49046 
Dealt to c67ec770 
c67ec770: checks
7d604428: folds
af4d5e28: folds
Hero: folds
ec91fe84: folds
7ee49046: checks
*** FLOP *** [2s 2c 5h]
7ee49046: checks
c67ec770: bets $0.12
7ee49046: folds
Uncalled bet ($0.12) returned to c67ec770
*** SHOWDOWN ***
c67ec770 collected $0.12 from pot
*** SUMMARY ***
Total pot $0.12 | Rake $0 | Jackpot $0 | Bingo $0 | Fortune $0 | Tax $0
Board [2s 2c 5h]
Seat 1: 7d604428 folded before Flop (didn't bet)
Seat 2: af4d5e28 folded before Flop (didn't bet)
Seat 3: Hero (button) folded before Flop (didn't bet)
Seat 4: ec91fe84 (small blind) folded before Flop
Seat 5: 7ee49046 (big blind) folded on the Flop
Seat 6: c67ec770 won ($0.12)


Poker Hand #HD1597130421: Hold'em No Limit ($0.02/$0.05) - 2024/01/20 11:29:15
Table 'NLHBlue35' 6-max Seat #2 is the button
Seat 1: 7d604428 ($4.82 in chips)
Seat 2: af4d5e28 ($4.49 in chips)
Seat 3: Hero ($5.93 in chips)
Seat 4: ec91fe84 ($5 in chips)
Seat 5: 7ee49046 ($5 in chips)
Hero: posts small blind $0.02
ec91fe84: posts big blind $0.05
*** HOLE CARDS ***
Dealt to 7d604428 
Dealt to af4d5e28 
Dealt to Hero [6s Qc]
Dealt to ec91fe84 
Dealt to 7ee49046 
7ee49046: folds
7d604428: folds
af4d5e28: raises $0.1 to $0.15
Hero: folds
ec91fe84: calls $0.1
*** FLOP *** [2s Ks Ts]
ec91fe84: checks
af4d5e28: bets $0.25
ec91fe84: folds
Uncalled bet ($0.25) returned to af4d5e28
*** SHOWDOWN ***
af4d5e28 collected $0.3 from pot
*** SUMMARY ***
Total pot $0.32 | Rake $0.02 | Jackpot $0 | Bingo $0 | Fortune $0 | Tax $0
Board [2s Ks Ts]
Seat 1: 7d604428 folded before Flop (didn't bet)
Seat 2: af4d5e28 (button) won ($0.3)
Seat 3: Hero (small blind) folded before Flop
Seat 4: ec91fe84 (big blind) folded on the Flop
Seat 5: 7ee49046 folded before Flop (didn't bet)


Poker Hand #HD1597130390: Hold'em No Limit ($0.02/$0.05) - 2024/01/20 11:28:55
Table 'NLHBlue35' 6-max Seat #1 is the button
Seat 1: 7d604428 ($4.82 in chips)
Seat 2: af4d5e28 ($4.44 in chips)
Seat 3: Hero ($5.98 in chips)
Seat 5: 7ee49046 ($5 in chips)
Seat 6: ba51e89 ($10.4 in chips)
af4d5e28: posts small blind $0.02
Hero: posts big blind $0.05
*** HOLE CARDS ***
Dealt to 7d604428 
Dealt to af4d5e28 
Dealt to Hero [Ks 6d]
Dealt to 7ee49046 
Dealt to ba51e89 
7ee49046: folds
ba51e89: folds
7d604428: folds
af4d5e28: raises $0.05 to $0.1
Hero: folds
Uncalled bet ($0.05) returned to af4d5e28
*** SHOWDOWN ***
af4d5e28 collected $0.1 from pot
*** SUMMARY ***
Total pot $0.1 | Rake $0 | Jackpot $0 | Bingo $0 | Fortune $0 | Tax $0
Seat 1: 7d604428 (button) folded before Flop (didn't bet)
Seat 2: af4d5e28 (small blind) collected ($0.1)
Seat 3: Hero (big blind) folded before Flop
Seat 5: 7ee49046 folded before Flop (didn't bet)
Seat 6: ba51e89 folded before Flop (didn't bet)


Poker Hand #HD1597130277: Hold'em No Limit ($0.02/$0.05) - 2024/01/20 11:27:41
Table 'NLHBlue35' 6-max Seat #6 is the button
Seat 1: 7d604428 ($4.84 in chips)
Seat 2: af4d5e28 ($4.57 in chips)
Seat 3: Hero ($5.98 in chips)
Seat 5: 7ee49046 ($5 in chips)
Seat 6: ba51e89 ($10.14 in chips)
7d604428: posts small blind $0.02
af4d5e28: posts big blind $0.05
*** HOLE CARDS ***
Dealt to 7d604428 
Dealt to af4d5e28 
Dealt to Hero [6s 7h]
Dealt to 7ee49046 
Dealt to ba51e89 
Hero: folds
7ee49046: raises $0.08 to $0.13
ba51e89: calls $0.13
7d604428: folds
af4d5e28: calls $0.08
*** FLOP *** [8d 2s 5d]
af4d5e28: checks
7ee49046: checks
ba51e89: checks
*** TURN *** [8d 2s 5d] [4h]
af4d5e28: checks
7ee49046: checks
ba51e89: checks
*** RIVER *** [8d 2s 5d 4h] [4s]
af4d5e28: checks
7ee49046: checks
ba51e89: checks
af4d5e28: shows [9s 7c] (Pair of Fours)
7ee49046: shows [Ks Qc] (Pair of Fours)
ba51e89: shows [Th Ac] (Pair of Fours)
*** SHOWDOWN ***
ba51e89 collected $0.39 from pot
*** SUMMARY ***
Total pot $0.41 | Rake $0.02 | Jackpot $0 | Bingo $0 | Fortune $0 | Tax $0
Board [8d 2s 5d 4h 4s]
Seat 1: 7d604428 (small blind) folded before Flop
Seat 2: af4d5e28 (big blind) showed [9s 7c] and lost with Pair of Fours
Seat 3: Hero folded before Flop (didn't bet)
Seat 5: 7ee49046 showed [Ks Qc] and lost with Pair of Fours
Seat 6: ba51e89 (button) showed [Th Ac] and won ($0.39) with Pair of Fours


Poker Hand #HD1597130245: Hold'em No Limit ($0.02/$0.05) - 2024/01/20 11:27:25
Table 'NLHBlue35' 6-max Seat #5 is the button
Seat 1: 7d604428 ($4.89 in chips)
Seat 2: af4d5e28 ($4.5 in chips)
Seat 3: Hero ($5.98 in chips)
Seat 5: 7ee49046 ($5 in chips)
Seat 6: ba51e89 ($10.16 in chips)
ba51e89: posts small blind $0.02
7d604428: posts big blind $0.05
*** HOLE CARDS ***
Dealt to 7d604428 
Dealt to af4d5e28 
Dealt to Hero [6h 6c]
Dealt to 7ee49046 
Dealt to ba51e89 
af4d5e28: raises $0.05 to $0.1
Hero: folds
7ee49046: folds
ba51e89: folds
7d604428: folds
Uncalled bet ($0.05) returned to af4d5e28
*** SHOWDOWN ***
af4d5e28 collected $0.12 from pot
*** SUMMARY ***
Total pot $0.12 | Rake $0 | Jackpot $0 | Bingo $0 | Fortune $0 | Tax $0
Seat 1: 7d604428 (big blind) folded before Flop
Seat 2: af4d5e28 collected ($0.12)
Seat 3: Hero folded before Flop (didn't bet)
Seat 5: 7ee49046 (button) folded before Flop (didn't bet)
Seat 6: ba51e89 (small blind) folded before Flop


Poker Hand #HD1597130234: Hold'em No Limit ($0.02/$0.05) - 2024/01/20 11:27:19
Table 'NLHBlue35' 6-max Seat #3 is the button
Seat 1: 7d604428 ($4.89 in chips)
Seat 2: af4d5e28 ($4.5 in chips)
Seat 3: Hero ($5.98 in chips)
Seat 5: 7ee49046 ($5 in chips)
Seat 6: ba51e89 ($10.14 in chips)
7ee49046: posts small blind $0.02
ba51e89: posts big blind $0.05
*** HOLE CARDS ***
Dealt to 7d604428 
Dealt to af4d5e28 
Dealt to Hero [Qh 2h]
Dealt to 7ee49046 
Dealt to ba51e89 
7d604428: folds
af4d5e28: folds
Hero: folds
7ee49046: folds
Uncalled bet ($0.03) returned to ba51e89
*** SHOWDOWN ***
ba51e89 collected $0.04 from pot
*** SUMMARY ***
Total pot $0.04 | Rake $0 | Jackpot $0 | Bingo $0 | Fortune $0 | Tax $0
Seat 1: 7d604428 folded before Flop (didn't bet)
Seat 2: af4d5e28 folded before Flop (didn't bet)
Seat 3: Hero (button) folded before Flop (didn't bet)
Seat 5: 7ee49046 (small blind) folded before Flop
Seat 6: ba51e89 (big blind) collected ($0.04)


Poker Hand #HD1597130109: Hold'em No Limit ($0.02/$0.05) - 2024/01/20 11:25:59
Table 'NLHBlue35' 6-max Seat #2 is the button
Seat 1: 7d604428 ($4.89 in chips)
Seat 2: af4d5e28 ($4.63 in chips)
Seat 3: Hero ($6 in chips)
Seat 5: 7ee49046 ($5.82 in chips)
Seat 6: ba51e89 ($5.27 in chips)
Hero: posts small blind $0.02
7ee49046: posts big blind $0.05
*** HOLE CARDS ***
Dealt to 7d604428 
Dealt to af4d5e28 
Dealt to Hero [7s Tc]
Dealt to 7ee49046 
Dealt to ba51e89 
ba51e89: raises $0.08 to $0.13
7d604428: folds
af4d5e28: calls $0.13
Hero: folds
7ee49046: calls $0.08
*** FLOP *** [2s 5c 9s]
7ee49046: checks
ba51e89: bets $0.41
af4d5e28: folds
7ee49046: calls $0.41
*** TURN *** [2s 5c 9s] [2d]
7ee49046: checks
ba51e89: bets $1.56
7ee49046: raises $3.72 to $5.28 and is all-in
ba51e89: calls $3.17 and is all-in
Uncalled bet ($0.55) returned to 7ee49046
7ee49046: shows [5s 6s] (Pair of Fives and Pair of Twos)
ba51e89: shows [Ts Th] (Pair of Tens and Pair of Twos)
*** RIVER *** [2s 5c 9s 2d] [Ad]
*** SHOWDOWN ***
ba51e89 collected $10.14 from pot
*** SUMMARY ***
Total pot $10.69 | Rake $0.5 | Jackpot $0.05 | Bingo $0 | Fortune $0 | Tax $0
Board [2s 5c 9s 2d Ad]
Seat 1: 7d604428 folded before Flop (didn't bet)
Seat 2: af4d5e28 (button) folded on the Flop
Seat 3: Hero (small blind) folded before Flop
Seat 5: 7ee49046 (big blind) showed [5s 6s] and lost with Pair of Fives and Pair of Twos
Seat 6: ba51e89 showed [Ts Th] and won ($10.14) with Pair of Tens and Pair of Twos


Poker Hand #HD1597130033: Hold'em No Limit ($0.02/$0.05) - 2024/01/20 11:25:08
Table 'NLHBlue35' 6-max Seat #1 is the button
Seat 1: 7d604428 ($4.89 in chips)
Seat 2: af4d5e28 ($4.65 in chips)
Seat 3: Hero ($6.05 in chips)
Seat 4: 9262deaf ($2.17 in chips)
Seat 5: 7ee49046 ($5.82 in chips)
Seat 6: ba51e89 ($4.43 in chips)
af4d5e28: posts small blind $0.02
Hero: posts big blind $0.05
*** HOLE CARDS ***
Dealt to 7d604428 
Dealt to af4d5e28 
Dealt to Hero [4d Jc]
Dealt to 9262deaf 
Dealt to 7ee49046 
Dealt to ba51e89 
9262deaf: raises $0.1 to $0.15
7ee49046: folds
ba51e89: calls $0.15
7d604428: folds
af4d5e28: folds
Hero: folds
*** FLOP *** [7c Qs Ks]
9262deaf: bets $0.19
ba51e89: calls $0.19
*** TURN *** [7c Qs Ks] [3c]
9262deaf: bets $0.57
ba51e89: calls $0.57
*** RIVER *** [7c Qs Ks 3c] [5h]
9262deaf: checks
ba51e89: checks
9262deaf: shows [4h Ah] (Ace-High)
ba51e89: shows [Kd Jh] (Pair of Kings)
*** SHOWDOWN ***
ba51e89 collected $1.75 from pot
*** SUMMARY ***
Total pot $1.89 | Rake $0.09 | Jackpot $0.05 | Bingo $0 | Fortune $0 | Tax $0
Board [7c Qs Ks 3c 5h]
Seat 1: 7d604428 (button) folded before Flop (didn't bet)
Seat 2: af4d5e28 (small blind) folded before Flop
Seat 3: Hero (big blind) folded before Flop
Seat 4: 9262deaf showed [4h Ah] and lost with Ace-High
Seat 5: 7ee49046 folded before Flop (didn't bet)
Seat 6: ba51e89 showed [Kd Jh] and won ($1.75) with Pair of Kings


Poker Hand #HD1597129963: Hold'em No Limit ($0.02/$0.05) - 2024/01/20 11:24:18
Table 'NLHBlue35' 6-max Seat #6 is the button
Seat 1: 7d604428 ($4.94 in chips)
Seat 2: af4d5e28 ($4.6 in chips)
Seat 3: Hero ($6.05 in chips)
Seat 4: 9262deaf ($2.17 in chips)
Seat 5: 7ee49046 ($5.82 in chips)
Seat 6: ba51e89 ($4.43 in chips)
7d604428: posts small blind $0.02
af4d5e28: posts big blind $0.05
*** HOLE CARDS ***
Dealt to 7d604428 
Dealt to af4d5e28 
Dealt to Hero [2d 9d]
Dealt to 9262deaf 
Dealt to 7ee49046 
Dealt to ba51e89 
Hero: folds
9262deaf: folds
7ee49046: folds
ba51e89: folds
7d604428: calls $0.03
af4d5e28: checks
*** FLOP *** [6d 7s Kc]
7d604428: checks
af4d5e28: checks
*** TURN *** [6d 7s Kc] [Td]
7d604428: checks
af4d5e28: checks
*** RIVER *** [6d 7s Kc Td] [Qd]
7d604428: checks
af4d5e28: bets $0.1
7d604428: folds
Uncalled bet ($0.1) returned to af4d5e28
*** SHOWDOWN ***
af4d5e28 collected $0.1 from pot
*** SUMMARY ***
Total pot $0.1 | Rake $0 | Jackpot $0 | Bingo $0 | Fortune $0 | Tax $0
Board [6d 7s Kc Td Qd]
Seat 1: 7d604428 (small blind) folded on the River
Seat 2: af4d5e28 (big blind) won ($0.1)
Seat 3: Hero folded before Flop (didn't bet)
Seat 4: 9262deaf folded before Flop (didn't bet)
Seat 5: 7ee49046 folded before Flop (didn't bet)
Seat 6: ba51e89 (button) folded before Flop (didn't bet)


Poker Hand #HD1597129905: Hold'em No Limit ($0.02/$0.05) - 2024/01/20 11:23:47
Table 'NLHBlue35' 6-max Seat #5 is the button
Seat 1: 7d604428 ($4.99 in chips)
Seat 2: af4d5e28 ($4.75 in chips)
Seat 3: Hero ($6.05 in chips)
Seat 4: 9262deaf ($2.17 in chips)
Seat 5: 7ee49046 ($5.82 in chips)
Seat 6: ba51e89 ($4.24 in chips)
ba51e89: posts small blind $0.02
7d604428: posts big blind $0.05
*** HOLE CARDS ***
Dealt to 7d604428 
Dealt to af4d5e28 
Dealt to Hero [Kh 5s]
Dealt to 9262deaf 
Dealt to 7ee49046 
Dealt to ba51e89 
af4d5e28: raises $0.1 to $0.15
Hero: folds
9262deaf: folds
7ee49046: folds
ba51e89: calls $0.13
7d604428: folds
*** FLOP *** [Kd 3c 3s]
ba51e89: bets $0.21
af4d5e28: folds
Uncalled bet ($0.21) returned to ba51e89
*** SHOWDOWN ***
ba51e89 collected $0.34 from pot
*** SUMMARY ***
Total pot $0.35 | Rake $0.01 | Jackpot $0 | Bingo $0 | Fortune $0 | Tax $0
Board [Kd 3c 3s]
Seat 1: 7d604428 (big blind) folded before Flop
Seat 2: af4d5e28 folded on the Flop
Seat 3: Hero folded before Flop (didn't bet)
Seat 4: 9262deaf folded before Flop (didn't bet)
Seat 5: 7ee49046 (button) folded before Flop (didn't bet)
Seat 6: ba51e89 (small blind) won ($0.34)


Poker Hand #HD1597129816: Hold'em No Limit ($0.02/$0.05) - 2024/01/20 11:22:49
Table 'NLHBlue35' 6-max Seat #4 is the button
Seat 1: 7d604428 ($4.99 in chips)
Seat 2: af4d5e28 ($4.85 in chips)
Seat 3: Hero ($6.05 in chips)
Seat 4: 9262deaf ($2.17 in chips)
Seat 5: 7ee49046 ($5.84 in chips)
Seat 6: ba51e89 ($4.13 in chips)
7ee49046: posts small blind $0.02
ba51e89: posts big blind $0.05
af4d5e28: posts big blind $0.05
*** HOLE CARDS ***
Dealt to 7d604428 
Dealt to af4d5e28 
Dealt to Hero [Qh 7h]
Dealt to 9262deaf 
Dealt to 7ee49046 
Dealt to ba51e89 
7d604428: folds
af4d5e28: checks
Hero: folds
9262deaf: folds
7ee49046: folds
ba51e89: checks
*** FLOP *** [5s Tc 9d]
ba51e89: bets $0.05
af4d5e28: calls $0.05
*** TURN *** [5s Tc 9d] [As]
ba51e89: checks
af4d5e28: checks
*** RIVER *** [5s Tc 9d As] [Td]
ba51e89: bets $0.22
af4d5e28: folds
Uncalled bet ($0.22) returned to ba51e89
*** SHOWDOWN ***
ba51e89 collected $0.21 from pot
*** SUMMARY ***
Total pot $0.22 | Rake $0.01 | Jackpot $0 | Bingo $0 | Fortune $0 | Tax $0
Board [5s Tc 9d As Td]
Seat 1: 7d604428 folded before Flop (didn't bet)
Seat 2: af4d5e28 folded on the River
Seat 3: Hero folded before Flop (didn't bet)
Seat 4: 9262deaf (button) folded before Flop (didn't bet)
Seat 5: 7ee49046 (small blind) folded before Flop
Seat 6: ba51e89 (big blind) won ($0.21)


Poker Hand #HD1597129742: Hold'em No Limit ($0.02/$0.05) - 2024/01/20 11:22:02
Table 'NLHBlue35' 6-max Seat #3 is the button
Seat 1: 7d604428 ($4.99 in chips)
Seat 3: Hero ($6.05 in chips)
Seat 4: 9262deaf ($2.92 in chips)
Seat 5: 7ee49046 ($5.21 in chips)
Seat 6: ba51e89 ($4.13 in chips)
9262deaf: posts small blind $0.02
7ee49046: posts big blind $0.05
*** HOLE CARDS ***
Dealt to 7d604428 
Dealt to Hero [5c 2h]
Dealt to 9262deaf 
Dealt to 7ee49046 
Dealt to ba51e89 
ba51e89: folds
7d604428: folds
Hero: folds
9262deaf: raises $0.1 to $0.15
7ee49046: calls $0.1
*** FLOP *** [Jd 2d Th]
9262deaf: bets $0.15
7ee49046: calls $0.15
*** TURN *** [Jd 2d Th] [Ad]
9262deaf: bets $0.45
7ee49046: calls $0.45
*** RIVER *** [Jd 2d Th Ad] [Tc]
9262deaf: checks
7ee49046: checks
9262deaf: shows [9s 8h] (Pair of Tens)
7ee49046: shows [Ah 4h] (Pair of Aces and Pair of Tens)
*** SHOWDOWN ***
7ee49046 collected $1.38 from pot
*** SUMMARY ***
Total pot $1.5 | Rake $0.07 | Jackpot $0.05 | Bingo $0 | Fortune $0 | Tax $0
Board [Jd 2d Th Ad Tc]
Seat 1: 7d604428 folded before Flop (didn't bet)
Seat 3: Hero (button) folded before Flop (didn't bet)
Seat 4: 9262deaf (small blind) showed [9s 8h] and lost with Pair of Tens
Seat 5: 7ee49046 (big blind) showed [Ah 4h] and won ($1.38) with Pair of Aces and Pair of Tens
Seat 6: ba51e89 folded before Flop (didn't bet)


Poker Hand #HD1597129690: Hold'em No Limit ($0.02/$0.05) - 2024/01/20 11:21:30
Table 'NLHBlue35' 6-max Seat #1 is the button
Seat 1: 7d604428 ($4.99 in chips)
Seat 3: Hero ($6.07 in chips)
Seat 4: 9262deaf ($3.05 in chips)
Seat 5: 7ee49046 ($5.21 in chips)
Seat 6: ba51e89 ($3.99 in chips)
Hero: posts small blind $0.02
9262deaf: posts big blind $0.05
*** HOLE CARDS ***
Dealt to 7d604428 
Dealt to Hero [8c 9c]
Dealt to 9262deaf 
Dealt to 7ee49046 
Dealt to ba51e89 
7ee49046: folds
ba51e89: raises $0.08 to $0.13
7d604428: folds
Hero: folds
9262deaf: calls $0.08
*** FLOP *** [3h Ts Qc]
9262deaf: checks
ba51e89: bets $0.21
9262deaf: folds
Uncalled bet ($0.21) returned to ba51e89
*** SHOWDOWN ***
ba51e89 collected $0.27 from pot
*** SUMMARY ***
Total pot $0.28 | Rake $0.01 | Jackpot $0 | Bingo $0 | Fortune $0 | Tax $0
Board [3h Ts Qc]
Seat 1: 7d604428 (button) folded before Flop (didn't bet)
Seat 3: Hero (small blind) folded before Flop
Seat 4: 9262deaf (big blind) folded on the Flop
Seat 5: 7ee49046 folded before Flop (didn't bet)
Seat 6: ba51e89 won ($0.27)


Poker Hand #HD1597129637: Hold'em No Limit ($0.02/$0.05) - 2024/01/20 11:20:59
Table 'NLHBlue35' 6-max Seat #6 is the button
Seat 1: 7d604428 ($5.01 in chips)
Seat 3: Hero ($6.12 in chips)
Seat 4: 9262deaf ($3.05 in chips)
Seat 5: 7ee49046 ($5.14 in chips)
Seat 6: ba51e89 ($3.99 in chips)
7d604428: posts small blind $0.02
Hero: posts big blind $0.05
*** HOLE CARDS ***
Dealt to 7d604428 
Dealt to Hero [3d Jh]
Dealt to 9262deaf 
Dealt to 7ee49046 
Dealt to ba51e89 
9262deaf: folds
7ee49046: raises $0.08 to $0.13
ba51e89: folds
7d604428: folds
Hero: folds
Uncalled bet ($0.08) returned to 7ee49046
*** SHOWDOWN ***
7ee49046 collected $0.12 from pot
*** SUMMARY ***
Total pot $0.12 | Rake $0 | Jackpot $0 | Bingo $0 | Fortune $0 | Tax $0
Seat 1: 7d604428 (small blind) folded before Flop
Seat 3: Hero (big blind) folded before Flop
Seat 4: 9262deaf folded before Flop (didn't bet)
Seat 5: 7ee49046 collected ($0.12)
Seat 6: ba51e89 (button) folded before Flop (didn't bet)


Poker Hand #HD1597129577: Hold'em No Limit ($0.02/$0.05) - 2024/01/20 11:20:23
Table 'NLHBlue35' 6-max Seat #5 is the button
Seat 1: 7d604428 ($5.14 in chips)
Seat 2: 2cd17490 ($9.86 in chips)
Seat 3: Hero ($6.12 in chips)
Seat 4: 9262deaf ($3.05 in chips)
Seat 5: 7ee49046 ($5 in chips)
Seat 6: ba51e89 ($4.01 in chips)
ba51e89: posts small blind $0.02
7d604428: posts big blind $0.05
*** HOLE CARDS ***
Dealt to 7d604428 
Dealt to 2cd17490 
Dealt to Hero [5s Ah]
Dealt to 9262deaf 
Dealt to 7ee49046 
Dealt to ba51e89 
2cd17490: folds
Hero: folds
9262deaf: folds
7ee49046: raises $0.08 to $0.13
ba51e89: folds
7d604428: calls $0.08
*** FLOP *** [8s 2d As]
7d604428: checks
7ee49046: bets $0.1
7d604428: folds
Uncalled bet ($0.1) returned to 7ee49046
*** SHOWDOWN ***
7ee49046 collected $0.27 from pot
*** SUMMARY ***
Total pot $0.28 | Rake $0.01 | Jackpot $0 | Bingo $0 | Fortune $0 | Tax $0
Board [8s 2d As]
Seat 1: 7d604428 (big blind) folded on the Flop
Seat 2: 2cd17490 folded before Flop (didn't bet)
Seat 3: Hero folded before Flop (didn't bet)
Seat 4: 9262deaf folded before Flop (didn't bet)
Seat 5: 7ee49046 (button) won ($0.27)
Seat 6: ba51e89 (small blind) folded before Flop


Poker Hand #HD1597129545: Hold'em No Limit ($0.02/$0.05) - 2024/01/20 11:20:04
Table 'NLHBlue35' 6-max Seat #4 is the button
Seat 1: 7d604428 ($5.07 in chips)
Seat 2: 2cd17490 ($9.86 in chips)
Seat 3: Hero ($6.12 in chips)
Seat 4: 9262deaf ($3.05 in chips)
Seat 5: 7ee49046 ($5 in chips)
Seat 6: ba51e89 ($4.06 in chips)
7ee49046: posts small blind $0.02
ba51e89: posts big blind $0.05
*** HOLE CARDS ***
Dealt to 7d604428 
Dealt to 2cd17490 
Dealt to Hero [5h 7h]
Dealt to 9262deaf 
Dealt to 7ee49046 
Dealt to ba51e89 
7d604428: raises $0.05 to $0.1
2cd17490: folds
Hero: folds
9262deaf: folds
7ee49046: folds
ba51e89: folds
Uncalled bet ($0.05) returned to 7d604428
*** SHOWDOWN ***
7d604428 collected $0.12 from pot
*** SUMMARY ***
Total pot $0.12 | Rake $0 | Jackpot $0 | Bingo $0 | Fortune $0 | Tax $0
Seat 1: 7d604428 collected ($0.12)
Seat 2: 2cd17490 folded before Flop (didn't bet)
Seat 3: Hero folded before Flop (didn't bet)
Seat 4: 9262deaf (button) folded before Flop (didn't bet)
Seat 5: 7ee49046 (small blind) folded before Flop
Seat 6: ba51e89 (big blind) folded before Flop


Poker Hand #HD1597129522: Hold'em No Limit ($0.02/$0.05) - 2024/01/20 11:19:51
Table 'NLHBlue35' 6-max Seat #3 is the button
Seat 1: 7d604428 ($5 in chips)
Seat 2: 2cd17490 ($9.86 in chips)
Seat 3: Hero ($6.12 in chips)
Seat 4: 9262deaf ($3.07 in chips)
Seat 5: 7ee49046 ($5 in chips)
Seat 6: ba51e89 ($4.06 in chips)
9262deaf: posts small blind $0.02
7ee49046: posts big blind $0.05
*** HOLE CARDS ***
Dealt to 7d604428 
Dealt to 2cd17490 
Dealt to Hero [3h Td]
Dealt to 9262deaf 
Dealt to 7ee49046 
Dealt to ba51e89 
ba51e89: folds
7d604428: raises $0.06 to $0.11
2cd17490: folds
Hero: folds
9262deaf: folds
7ee49046: folds
Uncalled bet ($0.06) returned to 7d604428
*** SHOWDOWN ***
7d604428 collected $0.12 from pot
*** SUMMARY ***
Total pot $0.12 | Rake $0 | Jackpot $0 | Bingo $0 | Fortune $0 | Tax $0
Seat 1: 7d604428 collected ($0.12)
Seat 2: 2cd17490 folded before Flop (didn't bet)
Seat 3: Hero (button) folded before Flop (didn't bet)
Seat 4: 9262deaf (small blind) folded before Flop
Seat 5: 7ee49046 (big blind) folded before Flop
Seat 6: ba51e89 folded before Flop (didn't bet)


Poker Hand #HD1597129474: Hold'em No Limit ($0.02/$0.05) - 2024/01/20 11:19:18
Table 'NLHBlue35' 6-max Seat #2 is the button
Seat 1: 7d604428 ($5 in chips)
Seat 2: 2cd17490 ($9.79 in chips)
Seat 3: Hero ($6.14 in chips)
Seat 4: 9262deaf ($3.12 in chips)
Seat 5: 7ee49046 ($5 in chips)
Seat 6: ba51e89 ($4.06 in chips)
Hero: posts small blind $0.02
9262deaf: posts big blind $0.05
*** HOLE CARDS ***
Dealt to 7d604428 
Dealt to 2cd17490 
Dealt to Hero [6d 3d]
Dealt to 9262deaf 
Dealt to 7ee49046 
Dealt to ba51e89 
7ee49046: folds
ba51e89: folds
7d604428: folds
2cd17490: raises $0.06 to $0.11
Hero: folds
9262deaf: folds
Uncalled bet ($0.06) returned to 2cd17490
*** SHOWDOWN ***
2cd17490 collected $0.12 from pot
*** SUMMARY ***
Total pot $0.12 | Rake $0 | Jackpot $0 | Bingo $0 | Fortune $0 | Tax $0
Seat 1: 7d604428 folded before Flop (didn't bet)
Seat 2: 2cd17490 (button) collected ($0.12)
Seat 3: Hero (small blind) folded before Flop
Seat 4: 9262deaf (big blind) folded before Flop
Seat 5: 7ee49046 folded before Flop (didn't bet)
Seat 6: ba51e89 folded before Flop (didn't bet)


Poker Hand #HD1597129454: Hold'em No Limit ($0.02/$0.05) - 2024/01/20 11:19:01
Table 'NLHBlue35' 6-max Seat #1 is the button
Seat 1: 7d604428 ($5 in chips)
Seat 2: 2cd17490 ($9.81 in chips)
Seat 3: Hero ($6.19 in chips)
Seat 5: 7ee49046 ($5 in chips)
Seat 6: ba51e89 ($3.99 in chips)
2cd17490: posts small blind $0.02
Hero: posts big blind $0.05
*** HOLE CARDS ***
Dealt to 7d604428 
Dealt to 2cd17490 
Dealt to Hero [7h 8d]
Dealt to 7ee49046 
Dealt to ba51e89 
7ee49046: folds
ba51e89: raises $0.08 to $0.13
7d604428: folds
2cd17490: folds
Hero: folds
Uncalled bet ($0.08) returned to ba51e89
*** SHOWDOWN ***
ba51e89 collected $0.12 from pot
*** SUMMARY ***
Total pot $0.12 | Rake $0 | Jackpot $0 | Bingo $0 | Fortune $0 | Tax $0
Seat 1: 7d604428 (button) folded before Flop (didn't bet)
Seat 2: 2cd17490 (small blind) folded before Flop
Seat 3: Hero (big blind) folded before Flop
Seat 5: 7ee49046 folded before Flop (didn't bet)
Seat 6: ba51e89 collected ($0.12)


Poker Hand #HD1597129430: Hold'em No Limit ($0.02/$0.05) - 2024/01/20 11:18:50
Table 'NLHBlue35' 6-max Seat #6 is the button
Seat 1: 7d604428 ($5.02 in chips)
Seat 2: 2cd17490 ($9.79 in chips)
Seat 3: Hero ($6.19 in chips)
Seat 5: 7ee49046 ($5 in chips)
Seat 6: ba51e89 ($3.99 in chips)
7d604428: posts small blind $0.02
2cd17490: posts big blind $0.05
*** HOLE CARDS ***
Dealt to 7d604428 
Dealt to 2cd17490 
Dealt to Hero [8c 3h]
Dealt to 7ee49046 
Dealt to ba51e89 
Hero: folds
7ee49046: folds
ba51e89: folds
7d604428: folds
Uncalled bet ($0.03) returned to 2cd17490
*** SHOWDOWN ***
2cd17490 collected $0.04 from pot
*** SUMMARY ***
Total pot $0.04 | Rake $0 | Jackpot $0 | Bingo $0 | Fortune $0 | Tax $0
Seat 1: 7d604428 (small blind) folded before Flop
Seat 2: 2cd17490 (big blind) collected ($0.04)
Seat 3: Hero folded before Flop (didn't bet)
Seat 5: 7ee49046 folded before Flop (didn't bet)
Seat 6: ba51e89 (button) folded before Flop (didn't bet)


Poker Hand #HD1597129408: Hold'em No Limit ($0.02/$0.05) - 2024/01/20 11:18:33
Table 'NLHBlue35' 6-max Seat #5 is the button
Seat 1: 7d604428 ($5 in chips)
Seat 2: 2cd17490 ($9.79 in chips)
Seat 3: Hero ($6.19 in chips)
Seat 5: 7ee49046 ($5 in chips)
Seat 6: ba51e89 ($4.01 in chips)
ba51e89: posts small blind $0.02
7d604428: posts big blind $0.05
*** HOLE CARDS ***
Dealt to 7d604428 
Dealt to 2cd17490 
Dealt to Hero [7d As]
Dealt to 7ee49046 
Dealt to ba51e89 
2cd17490: folds
Hero: folds
7ee49046: folds
ba51e89: folds
Uncalled bet ($0.03) returned to 7d604428
*** SHOWDOWN ***
7d604428 collected $0.04 from pot
*** SUMMARY ***
Total pot $0.04 | Rake $0 | Jackpot $0 | Bingo $0 | Fortune $0 | Tax $0
Seat 1: 7d604428 (big blind) collected ($0.04)
Seat 2: 2cd17490 folded before Flop (didn't bet)
Seat 3: Hero folded before Flop (didn't bet)
Seat 5: 7ee49046 (button) folded before Flop (didn't bet)
Seat 6: ba51e89 (small blind) folded before Flop


Poker Hand #HD1597129350: Hold'em No Limit ($0.02/$0.05) - 2024/01/20 11:17:55
Table 'NLHBlue35' 6-max Seat #3 is the button
Seat 1: 7d604428 ($4.87 in chips)
Seat 2: 2cd17490 ($9.79 in chips)
Seat 3: Hero ($6.19 in chips)
Seat 5: 7ee49046 ($5.02 in chips)
Seat 6: ba51e89 ($3.82 in chips)
7ee49046: posts small blind $0.02
ba51e89: posts big blind $0.05
*** HOLE CARDS ***
Dealt to 7d604428 
Dealt to 2cd17490 
Dealt to Hero [Js 2c]
Dealt to 7ee49046 
Dealt to ba51e89 
7d604428: raises $0.05 to $0.1
2cd17490: folds
Hero: folds
7ee49046: folds
ba51e89: calls $0.05
*** FLOP *** [8h Jd Td]
ba51e89: bets $0.09
7d604428: calls $0.09
*** TURN *** [8h Jd Td] [Ad]
ba51e89: bets $0.24
7d604428: folds
Uncalled bet ($0.24) returned to ba51e89
*** SHOWDOWN ***
ba51e89 collected $0.38 from pot
*** SUMMARY ***
Total pot $0.4 | Rake $0.02 | Jackpot $0 | Bingo $0 | Fortune $0 | Tax $0
Board [8h Jd Td Ad]
Seat 1: 7d604428 folded on the Turn
Seat 2: 2cd17490 folded before Flop (didn't bet)
Seat 3: Hero (button) folded before Flop (didn't bet)
Seat 5: 7ee49046 (small blind) folded before Flop
Seat 6: ba51e89 (big blind) won ($0.38)


Poker Hand #HD1597129328: Hold'em No Limit ($0.02/$0.05) - 2024/01/20 11:17:44
Table 'NLHBlue35' 6-max Seat #2 is the button
Seat 1: 7d604428 ($4.87 in chips)
Seat 2: 2cd17490 ($9.79 in chips)
Seat 3: Hero ($6.21 in chips)
Seat 5: 7ee49046 ($5 in chips)
Seat 6: ba51e89 ($3.82 in chips)
Hero: posts small blind $0.02
7ee49046: posts big blind $0.05
*** HOLE CARDS ***
Dealt to 7d604428 
Dealt to 2cd17490 
Dealt to Hero [7h 3d]
Dealt to 7ee49046 
Dealt to ba51e89 
ba51e89: folds
7d604428: folds
2cd17490: folds
Hero: folds
Uncalled bet ($0.03) returned to 7ee49046
*** SHOWDOWN ***
7ee49046 collected $0.04 from pot
*** SUMMARY ***
Total pot $0.04 | Rake $0 | Jackpot $0 | Bingo $0 | Fortune $0 | Tax $0
Seat 1: 7d604428 folded before Flop (didn't bet)
Seat 2: 2cd17490 (button) folded before Flop (didn't bet)
Seat 3: Hero (small blind) folded before Flop
Seat 5: 7ee49046 (big blind) collected ($0.04)
Seat 6: ba51e89 folded before Flop (didn't bet)


Poker Hand #HD1597129247: Hold'em No Limit ($0.02/$0.05) - 2024/01/20 11:16:48
Table 'NLHBlue35' 6-max Seat #1 is the button
Seat 1: 7d604428 ($4.87 in chips)
Seat 2: 2cd17490 ($9.81 in chips)
Seat 3: Hero ($5.13 in chips)
Seat 4: abaed072 ($7.27 in chips)
Seat 5: 7ee49046 ($5 in chips)
Seat 6: ba51e89 ($5.05 in chips)
2cd17490: posts small blind $0.02
Hero: posts big blind $0.05
*** HOLE CARDS ***
Dealt to 7d604428 
Dealt to 2cd17490 
Dealt to Hero [Jh Jc]
Dealt to abaed072 
Dealt to 7ee49046 
Dealt to ba51e89 
abaed072: folds
7ee49046: folds
ba51e89: raises $0.08 to $0.13
7d604428: folds
2cd17490: folds
Hero: raises $0.45 to $0.58
ba51e89: calls $0.45
*** FLOP *** [Td 3c Kd]
Hero: bets $0.65
ba51e89: calls $0.65
*** TURN *** [Td 3c Kd] [Qh]
Hero: bets $1.3
ba51e89: folds
Uncalled bet ($1.3) returned to Hero
*** SHOWDOWN ***
Hero collected $2.31 from pot
*** SUMMARY ***
Total pot $2.48 | Rake $0.12 | Jackpot $0.05 | Bingo $0 | Fortune $0 | Tax $0
Board [Td 3c Kd Qh]
Seat 1: 7d604428 (button) folded before Flop (didn't bet)
Seat 2: 2cd17490 (small blind) folded before Flop
Seat 3: Hero (big blind) won ($2.31)
Seat 4: abaed072 folded before Flop (didn't bet)
Seat 5: 7ee49046 folded before Flop (didn't bet)
Seat 6: ba51e89 folded on the Turn


Poker Hand #HD1597129124: Hold'em No Limit ($0.02/$0.05) - 2024/01/20 11:15:27
Table 'NLHBlue35' 6-max Seat #6 is the button
Seat 1: 7d604428 ($4.89 in chips)
Seat 2: 2cd17490 ($9.93 in chips)
Seat 3: Hero ($5 in chips)
Seat 4: abaed072 ($7.27 in chips)
Seat 5: 7ee49046 ($5 in chips)
Seat 6: ba51e89 ($5.05 in chips)
7d604428: posts small blind $0.02
2cd17490: posts big blind $0.05
*** HOLE CARDS ***
Dealt to 7d604428 
Dealt to 2cd17490 
Dealt to Hero [5d 5h]
Dealt to abaed072 
Dealt to 7ee49046 
Dealt to ba51e89 
Hero: raises $0.07 to $0.12
abaed072: folds
7ee49046: folds
ba51e89: folds
7d604428: folds
2cd17490: calls $0.07
*** FLOP *** [Kh 2d Qd]
2cd17490: checks
Hero: checks
*** TURN *** [Kh 2d Qd] [8s]
2cd17490: checks
Hero: checks
*** RIVER *** [Kh 2d Qd 8s] [5s]
2cd17490: checks
Hero: bets $0.2
2cd17490: folds
Uncalled bet ($0.2) returned to Hero
*** SHOWDOWN ***
Hero collected $0.25 from pot
*** SUMMARY ***
Total pot $0.26 | Rake $0.01 | Jackpot $0 | Bingo $0 | Fortune $0 | Tax $0
Board [Kh 2d Qd 8s 5s]
Seat 1: 7d604428 (small blind) folded before Flop
Seat 2: 2cd17490 (big blind) folded on the River
Seat 3: Hero won ($0.25)
Seat 4: abaed072 folded before Flop (didn't bet)
Seat 5: 7ee49046 folded before Flop (didn't bet)
Seat 6: ba51e89 (button) folded before Flop (didn't bet)


Poker Hand #HD1597129048: Hold'em No Limit ($0.02/$0.05) - 2024/01/20 11:14:32
Table 'NLHBlue35' 6-max Seat #5 is the button
Seat 1: 7d604428 ($5 in chips)
Seat 2: 2cd17490 ($10.24 in chips)
Seat 3: Hero ($5 in chips)
Seat 4: abaed072 ($7.27 in chips)
Seat 5: 7ee49046 ($5 in chips)
Seat 6: ba51e89 ($4.66 in chips)
ba51e89: posts small blind $0.02
7d604428: posts big blind $0.05
*** HOLE CARDS ***
Dealt to 7d604428 
Dealt to 2cd17490 
Dealt to Hero [4s 7d]
Dealt to abaed072 
Dealt to 7ee49046 
Dealt to ba51e89 
2cd17490: raises $0.06 to $0.11
Hero: folds
abaed072: folds
7ee49046: folds
ba51e89: calls $0.09
7d604428: calls $0.06
*** FLOP *** [7s 4h Tc]
ba51e89: checks
7d604428: checks
2cd17490: bets $0.2
ba51e89: calls $0.2
7d604428: folds
*** TURN *** [7s 4h Tc] [6h]
ba51e89: bets $0.55
2cd17490: folds
Uncalled bet ($0.55) returned to ba51e89
*** SHOWDOWN ***
ba51e89 collected $0.7 from pot
*** SUMMARY ***
Total pot $0.73 | Rake $0.03 | Jackpot $0 | Bingo $0 | Fortune $0 | Tax $0
Board [7s 4h Tc 6h]
Seat 1: 7d604428 (big blind) folded on the Flop
Seat 2: 2cd17490 folded on the Turn
Seat 3: Hero folded before Flop (didn't bet)
Seat 4: abaed072 folded before Flop (didn't bet)
Seat 5: 7ee49046 (button) folded before Flop (didn't bet)
Seat 6: ba51e89 (small blind) won ($0.7)


Poker Hand #HD1597128939: Hold'em No Limit ($0.02/$0.05) - 2024/01/20 11:13:23
Table 'NLHBlue35' 6-max Seat #4 is the button
Seat 1: 7d604428 ($5 in chips)
Seat 2: 2cd17490 ($10.24 in chips)
Seat 3: Hero ($5 in chips)
Seat 4: abaed072 ($7.55 in chips)
Seat 5: 7ee49046 ($5 in chips)
Seat 6: ba51e89 ($4.28 in chips)
7ee49046: posts small blind $0.02
ba51e89: posts big blind $0.05
*** HOLE CARDS ***
Dealt to 7d604428 
Dealt to 2cd17490 
Dealt to Hero [5c 2c]
Dealt to abaed072 
Dealt to 7ee49046 
Dealt to ba51e89 
7d604428: folds
2cd17490: folds
Hero: folds
abaed072: raises $0.08 to $0.13
7ee49046: calls $0.11
ba51e89: calls $0.08
*** FLOP *** [Ts 5h 5d]
7ee49046: checks
ba51e89: checks
abaed072: bets $0.15
7ee49046: folds
ba51e89: calls $0.15
*** TURN *** [Ts 5h 5d] [2d]
ba51e89: checks
abaed072: checks
*** RIVER *** [Ts 5h 5d 2d] [7s]
ba51e89: checks
abaed072: checks
ba51e89: shows [8c 7c] (Pair of Sevens and Pair of Fives)
abaed072: shows [9d Ks] (Pair of Fives)
*** SHOWDOWN ***
ba51e89 collected $0.66 from pot
*** SUMMARY ***
Total pot $0.69 | Rake $0.03 | Jackpot $0 | Bingo $0 | Fortune $0 | Tax $0
Board [Ts 5h 5d 2d 7s]
Seat 1: 7d604428 folded before Flop (didn't bet)
Seat 2: 2cd17490 folded before Flop (didn't bet)
Seat 3: Hero folded before Flop (didn't bet)
Seat 4: abaed072 (button) showed [9d Ks] and lost with Pair of Fives
Seat 5: 7ee49046 (small blind) folded on the Flop
Seat 6: ba51e89 (big blind) showed [8c 7c] and won ($0.66) with Pair of Sevens and Pair of Fives


Poker Hand #HD1597128873: Hold'em No Limit ($0.02/$0.05) - 2024/01/20 11:12:40
Table 'NLHBlue35' 6-max Seat #3 is the button
Seat 1: 7d604428 ($5 in chips)
Seat 2: 2cd17490 ($10.24 in chips)
Seat 3: Hero ($5.36 in chips)
Seat 4: abaed072 ($7.09 in chips)
Seat 5: 7ee49046 ($5.05 in chips)
Seat 6: ba51e89 ($4.28 in chips)
abaed072: posts small blind $0.02
7ee49046: posts big blind $0.05
*** HOLE CARDS ***
Dealt to 7d604428 
Dealt to 2cd17490 
Dealt to Hero [Qs Ah]
Dealt to abaed072 
Dealt to 7ee49046 
Dealt to ba51e89 
ba51e89: folds
7d604428: folds
2cd17490: folds
Hero: raises $0.07 to $0.12
abaed072: raises $0.33 to $0.45
7ee49046: folds
Hero: calls $0.33
*** FLOP *** [3c 2d 5d]
abaed072: bets $0.9
Hero: folds
Uncalled bet ($0.9) returned to abaed072
*** SHOWDOWN ***
abaed072 collected $0.91 from pot
*** SUMMARY ***
Total pot $0.95 | Rake $0.04 | Jackpot $0 | Bingo $0 | Fortune $0 | Tax $0
Board [3c 2d 5d]
Seat 1: 7d604428 folded before Flop (didn't bet)
Seat 2: 2cd17490 folded before Flop (didn't bet)
Seat 3: Hero (button) folded on the Flop
Seat 4: abaed072 (small blind) won ($0.91)
Seat 5: 7ee49046 (big blind) folded before Flop
Seat 6: ba51e89 folded before Flop (didn't bet)


Poker Hand #HD1597128839: Hold'em No Limit ($0.02/$0.05) - 2024/01/20 11:12:12
Table 'NLHBlue35' 6-max Seat #2 is the button
Seat 1: 7d604428 ($5 in chips)
Seat 2: 2cd17490 ($10.24 in chips)
Seat 3: Hero ($5.38 in chips)
Seat 4: abaed072 ($7.14 in chips)
Seat 5: 7ee49046 ($5.05 in chips)
Seat 6: ba51e89 ($4.21 in chips)
Hero: posts small blind $0.02
abaed072: posts big blind $0.05
*** HOLE CARDS ***
Dealt to 7d604428 
Dealt to 2cd17490 
Dealt to Hero [6s 2c]
Dealt to abaed072 
Dealt to 7ee49046 
Dealt to ba51e89 
7ee49046: folds
ba51e89: raises $0.08 to $0.13
7d604428: folds
2cd17490: folds
Hero: folds
abaed072: folds
Uncalled bet ($0.08) returned to ba51e89
*** SHOWDOWN ***
ba51e89 collected $0.12 from pot
*** SUMMARY ***
Total pot $0.12 | Rake $0 | Jackpot $0 | Bingo $0 | Fortune $0 | Tax $0
Seat 1: 7d604428 folded before Flop (didn't bet)
Seat 2: 2cd17490 (button) folded before Flop (didn't bet)
Seat 3: Hero (small blind) folded before Flop
Seat 4: abaed072 (big blind) folded before Flop
Seat 5: 7ee49046 folded before Flop (didn't bet)
Seat 6: ba51e89 collected ($0.12)


Poker Hand #HD1597128807: Hold'em No Limit ($0.02/$0.05) - 2024/01/20 11:11:49
Table 'NLHBlue35' 6-max Seat #1 is the button
Seat 1: 7d604428 ($5 in chips)
Seat 2: 2cd17490 ($10.26 in chips)
Seat 3: Hero ($5.36 in chips)
Seat 4: abaed072 ($7.14 in chips)
Seat 5: 7ee49046 ($5.05 in chips)
Seat 6: ba51e89 ($4.21 in chips)
2cd17490: posts small blind $0.02
Hero: posts big blind $0.05
*** HOLE CARDS ***
Dealt to 7d604428 
Dealt to 2cd17490 
Dealt to Hero [5s 9c]
Dealt to abaed072 
Dealt to 7ee49046 
Dealt to ba51e89 
abaed072: folds
7ee49046: folds
ba51e89: folds
7d604428: folds
2cd17490: folds
Uncalled bet ($0.03) returned to Hero
*** SHOWDOWN ***
Hero collected $0.04 from pot
*** SUMMARY ***
Total pot $0.04 | Rake $0 | Jackpot $0 | Bingo $0 | Fortune $0 | Tax $0
Seat 1: 7d604428 (button) folded before Flop (didn't bet)
Seat 2: 2cd17490 (small blind) folded before Flop
Seat 3: Hero (big blind) collected ($0.04)
Seat 4: abaed072 folded before Flop (didn't bet)
Seat 5: 7ee49046 folded before Flop (didn't bet)
Seat 6: ba51e89 folded before Flop (didn't bet)


Poker Hand #HD1597128691: Hold'em No Limit ($0.02/$0.05) - 2024/01/20 11:10:31
Table 'NLHBlue35' 6-max Seat #6 is the button
Seat 1: 7d604428 ($4.95 in chips)
Seat 2: 2cd17490 ($9.72 in chips)
Seat 3: Hero ($5.36 in chips)
Seat 4: abaed072 ($7.14 in chips)
Seat 5: 7ee49046 ($5.05 in chips)
Seat 6: ba51e89 ($4.21 in chips)
7d604428: posts small blind $0.02
2cd17490: posts big blind $0.05
*** HOLE CARDS ***
Dealt to 7d604428 
Dealt to 2cd17490 
Dealt to Hero [Qs 4s]
Dealt to abaed072 
Dealt to 7ee49046 
Dealt to ba51e89 
Hero: folds
abaed072: folds
7ee49046: folds
ba51e89: folds
7d604428: raises $0.09 to $0.14
2cd17490: calls $0.09
*** FLOP *** [Ks 7d 5c]
7d604428: bets $0.1
2cd17490: calls $0.1
*** TURN *** [Ks 7d 5c] [8c]
7d604428: checks
2cd17490: bets $0.36
7d604428: calls $0.36
*** RIVER *** [Ks 7d 5c 8c] [3h]
7d604428: checks
2cd17490: bets $1.04
7d604428: folds
Uncalled bet ($1.04) returned to 2cd17490
*** SHOWDOWN ***
2cd17490 collected $1.14 from pot
*** SUMMARY ***
Total pot $1.2 | Rake $0.06 | Jackpot $0 | Bingo $0 | Fortune $0 | Tax $0
Board [Ks 7d 5c 8c 3h]
Seat 1: 7d604428 (small blind) folded on the River
Seat 2: 2cd17490 (big blind) won ($1.14)
Seat 3: Hero folded before Flop (didn't bet)
Seat 4: abaed072 folded before Flop (didn't bet)
Seat 5: 7ee49046 folded before Flop (didn't bet)
Seat 6: ba51e89 (button) folded before Flop (didn't bet)


Poker Hand #HD1597128663: Hold'em No Limit ($0.02/$0.05) - 2024/01/20 11:10:09
Table 'NLHBlue35' 6-max Seat #5 is the button
Seat 1: 7d604428 ($5 in chips)
Seat 2: 2cd17490 ($9.72 in chips)
Seat 3: Hero ($5.36 in chips)
Seat 4: abaed072 ($7.14 in chips)
Seat 5: 7ee49046 ($5.05 in chips)
Seat 6: ba51e89 ($4.16 in chips)
ba51e89: posts small blind $0.02
7d604428: posts big blind $0.05
*** HOLE CARDS ***
Dealt to 7d604428 
Dealt to 2cd17490 
Dealt to Hero [6d 4c]
Dealt to abaed072 
Dealt to 7ee49046 
Dealt to ba51e89 
2cd17490: folds
Hero: folds
abaed072: folds
7ee49046: folds
ba51e89: raises $0.08 to $0.13
7d604428: folds
Uncalled bet ($0.08) returned to ba51e89
*** SHOWDOWN ***
ba51e89 collected $0.1 from pot
*** SUMMARY ***
Total pot $0.1 | Rake $0 | Jackpot $0 | Bingo $0 | Fortune $0 | Tax $0
Seat 1: 7d604428 (big blind) folded before Flop
Seat 2: 2cd17490 folded before Flop (didn't bet)
Seat 3: Hero folded before Flop (didn't bet)
Seat 4: abaed072 folded before Flop (didn't bet)
Seat 5: 7ee49046 (button) folded before Flop (didn't bet)
Seat 6: ba51e89 (small blind) collected ($0.1)


Poker Hand #HD1597128616: Hold'em No Limit ($0.02/$0.05) - 2024/01/20 11:09:36
Table 'NLHBlue35' 6-max Seat #4 is the button
Seat 1: 7d604428 ($5 in chips)
Seat 2: 2cd17490 ($9.72 in chips)
Seat 3: Hero ($5.36 in chips)
Seat 4: abaed072 ($7 in chips)
Seat 5: 7ee49046 ($5.07 in chips)
Seat 6: ba51e89 ($4.29 in chips)
7ee49046: posts small blind $0.02
ba51e89: posts big blind $0.05
*** HOLE CARDS ***
Dealt to 7d604428 
Dealt to 2cd17490 
Dealt to Hero [Kh 4s]
Dealt to abaed072 
Dealt to 7ee49046 
Dealt to ba51e89 
7d604428: folds
2cd17490: folds
Hero: folds
abaed072: raises $0.08 to $0.13
7ee49046: folds
ba51e89: calls $0.08
*** FLOP *** [Td Jc 7h]
ba51e89: checks
abaed072: bets $0.25
ba51e89: folds
Uncalled bet ($0.25) returned to abaed072
*** SHOWDOWN ***
abaed072 collected $0.27 from pot
*** SUMMARY ***
Total pot $0.28 | Rake $0.01 | Jackpot $0 | Bingo $0 | Fortune $0 | Tax $0
Board [Td Jc 7h]
Seat 1: 7d604428 folded before Flop (didn't bet)
Seat 2: 2cd17490 folded before Flop (didn't bet)
Seat 3: Hero folded before Flop (didn't bet)
Seat 4: abaed072 (button) won ($0.27)
Seat 5: 7ee49046 (small blind) folded before Flop
Seat 6: ba51e89 (big blind) folded on the Flop


Poker Hand #HD1597128577: Hold'em No Limit ($0.02/$0.05) - 2024/01/20 11:09:15
Table 'NLHBlue35' 6-max Seat #3 is the button
Seat 1: 7d604428 ($5 in chips)
Seat 2: 2cd17490 ($9.72 in chips)
Seat 3: Hero ($5.36 in chips)
Seat 4: abaed072 ($7.02 in chips)
Seat 5: 7ee49046 ($5.05 in chips)
Seat 6: ba51e89 ($4.29 in chips)
abaed072: posts small blind $0.02
7ee49046: posts big blind $0.05
*** HOLE CARDS ***
Dealt to 7d604428 
Dealt to 2cd17490 
Dealt to Hero [5s Jc]
Dealt to abaed072 
Dealt to 7ee49046 
Dealt to ba51e89 
ba51e89: folds
7d604428: folds
2cd17490: folds
Hero: folds
abaed072: folds
Uncalled bet ($0.03) returned to 7ee49046
*** SHOWDOWN ***
7ee49046 collected $0.04 from pot
*** SUMMARY ***
Total pot $0.04 | Rake $0 | Jackpot $0 | Bingo $0 | Fortune $0 | Tax $0
Seat 1: 7d604428 folded before Flop (didn't bet)
Seat 2: 2cd17490 folded before Flop (didn't bet)
Seat 3: Hero (button) folded before Flop (didn't bet)
Seat 4: abaed072 (small blind) folded before Flop
Seat 5: 7ee49046 (big blind) collected ($0.04)
Seat 6: ba51e89 folded before Flop (didn't bet)


Poker Hand #HD1597128465: Hold'em No Limit ($0.02/$0.05) - 2024/01/20 11:08:06
Table 'NLHBlue35' 6-max Seat #2 is the button
Seat 1: 7d604428 ($5 in chips)
Seat 2: 2cd17490 ($9.72 in chips)
Seat 3: Hero ($5.38 in chips)
Seat 4: abaed072 ($6.59 in chips)
Seat 5: 7ee49046 ($5.05 in chips)
Seat 6: ba51e89 ($4.74 in chips)
Hero: posts small blind $0.02
abaed072: posts big blind $0.05
*** HOLE CARDS ***
Dealt to 7d604428 
Dealt to 2cd17490 
Dealt to Hero [Qh 5h]
Dealt to abaed072 
Dealt to 7ee49046 
Dealt to ba51e89 
7ee49046: folds
ba51e89: calls $0.05
7d604428: folds
2cd17490: folds
Hero: folds
abaed072: checks
*** FLOP *** [3d Qs Kd]
abaed072: bets $0.1
ba51e89: calls $0.1
*** TURN *** [3d Qs Kd] [8s]
abaed072: bets $0.3
ba51e89: calls $0.3
*** RIVER *** [3d Qs Kd 8s] [Kh]
abaed072: checks
ba51e89: checks
abaed072: shows [5d Qd] (Pair of Kings and Pair of Queens)
ba51e89: shows [As Td] (Pair of Kings)
*** SHOWDOWN ***
abaed072 collected $0.88 from pot
*** SUMMARY ***
Total pot $0.92 | Rake $0.04 | Jackpot $0 | Bingo $0 | Fortune $0 | Tax $0
Board [3d Qs Kd 8s Kh]
Seat 1: 7d604428 folded before Flop (didn't bet)
Seat 2: 2cd17490 (button) folded before Flop (didn't bet)
Seat 3: Hero (small blind) folded before Flop
Seat 4: abaed072 (big blind) showed [5d Qd] and won ($0.88) with Pair of Kings and Pair of Queens
Seat 5: 7ee49046 folded before Flop (didn't bet)
Seat 6: ba51e89 showed [As Td] and lost with Pair of Kings


Poker Hand #HD1597128419: Hold'em No Limit ($0.02/$0.05) - 2024/01/20 11:07:42
Table 'NLHBlue35' 6-max Seat #1 is the button
Seat 1: 7d604428 ($5 in chips)
Seat 2: 2cd17490 ($9.74 in chips)
Seat 3: Hero ($5.36 in chips)
Seat 4: abaed072 ($6.59 in chips)
Seat 5: 7ee49046 ($5.05 in chips)
Seat 6: ba51e89 ($4.74 in chips)
2cd17490: posts small blind $0.02
Hero: posts big blind $0.05
*** HOLE CARDS ***
Dealt to 7d604428 
Dealt to 2cd17490 
Dealt to Hero [Ad 6h]
Dealt to abaed072 
Dealt to 7ee49046 
Dealt to ba51e89 
abaed072: folds
7ee49046: folds
ba51e89: folds
7d604428: folds
2cd17490: folds
Uncalled bet ($0.03) returned to Hero
*** SHOWDOWN ***
Hero collected $0.04 from pot
*** SUMMARY ***
Total pot $0.04 | Rake $0 | Jackpot $0 | Bingo $0 | Fortune $0 | Tax $0
Seat 1: 7d604428 (button) folded before Flop (didn't bet)
Seat 2: 2cd17490 (small blind) folded before Flop
Seat 3: Hero (big blind) collected ($0.04)
Seat 4: abaed072 folded before Flop (didn't bet)
Seat 5: 7ee49046 folded before Flop (didn't bet)
Seat 6: ba51e89 folded before Flop (didn't bet)


Poker Hand #HD1597128376: Hold'em No Limit ($0.02/$0.05) - 2024/01/20 11:07:15
Table 'NLHBlue35' 6-max Seat #6 is the button
Seat 1: 7d604428 ($5.02 in chips)
Seat 2: 2cd17490 ($9.79 in chips)
Seat 3: Hero ($5.29 in chips)
Seat 4: abaed072 ($6.59 in chips)
Seat 5: 7ee49046 ($5.05 in chips)
Seat 6: ba51e89 ($4.74 in chips)
7d604428: posts small blind $0.02
2cd17490: posts big blind $0.05
*** HOLE CARDS ***
Dealt to 7d604428 
Dealt to 2cd17490 
Dealt to Hero [Kd Ah]
Dealt to abaed072 
Dealt to 7ee49046 
Dealt to ba51e89 
Hero: raises $0.07 to $0.12
abaed072: folds
7ee49046: folds
ba51e89: folds
7d604428: folds
2cd17490: folds
Uncalled bet ($0.07) returned to Hero
*** SHOWDOWN ***
Hero collected $0.12 from pot
*** SUMMARY ***
Total pot $0.12 | Rake $0 | Jackpot $0 | Bingo $0 | Fortune $0 | Tax $0
Seat 1: 7d604428 (small blind) folded before Flop
Seat 2: 2cd17490 (big blind) folded before Flop
Seat 3: Hero collected ($0.12)
Seat 4: abaed072 folded before Flop (didn't bet)
Seat 5: 7ee49046 folded before Flop (didn't bet)
Seat 6: ba51e89 (button) folded before Flop (didn't bet)


Poker Hand #HD1597128327: Hold'em No Limit ($0.02/$0.05) - 2024/01/20 11:06:43
Table 'NLHBlue35' 6-max Seat #5 is the button
Seat 1: 7d604428 ($5 in chips)
Seat 2: 2cd17490 ($9.79 in chips)
Seat 3: Hero ($5.29 in chips)
Seat 4: abaed072 ($6.59 in chips)
Seat 5: 7ee49046 ($5.05 in chips)
Seat 6: ba51e89 ($4.76 in chips)
ba51e89: posts small blind $0.02
7d604428: posts big blind $0.05
*** HOLE CARDS ***
Dealt to 7d604428 
Dealt to 2cd17490 
Dealt to Hero [7c 4h]
Dealt to abaed072 
Dealt to 7ee49046 
Dealt to ba51e89 
2cd17490: folds
Hero: folds
abaed072: folds
7ee49046: folds
ba51e89: folds
Uncalled bet ($0.03) returned to 7d604428
*** SHOWDOWN ***
7d604428 collected $0.04 from pot
*** SUMMARY ***
Total pot $0.04 | Rake $0 | Jackpot $0 | Bingo $0 | Fortune $0 | Tax $0
Seat 1: 7d604428 (big blind) collected ($0.04)
Seat 2: 2cd17490 folded before Flop (didn't bet)
Seat 3: Hero folded before Flop (didn't bet)
Seat 4: abaed072 folded before Flop (didn't bet)
Seat 5: 7ee49046 (button) folded before Flop (didn't bet)
Seat 6: ba51e89 (small blind) folded before Flop


Poker Hand #HD1597128233: Hold'em No Limit ($0.02/$0.05) - 2024/01/20 11:05:45
Table 'NLHBlue35' 6-max Seat #4 is the button
Seat 2: 2cd17490 ($9.79 in chips)
Seat 3: Hero ($5.16 in chips)
Seat 4: abaed072 ($6.59 in chips)
Seat 5: 7ee49046 ($5.07 in chips)
Seat 6: ba51e89 ($4.88 in chips)
7ee49046: posts small blind $0.02
ba51e89: posts big blind $0.05
*** HOLE CARDS ***
Dealt to 2cd17490 
Dealt to Hero [Kc Qh]
Dealt to abaed072 
Dealt to 7ee49046 
Dealt to ba51e89 
2cd17490: folds
Hero: raises $0.07 to $0.12
abaed072: folds
7ee49046: folds
ba51e89: calls $0.07
*** FLOP *** [Kd 8h 9h]
ba51e89: checks
Hero: bets $0.15
ba51e89: folds
Uncalled bet ($0.15) returned to Hero
*** SHOWDOWN ***
Hero collected $0.25 from pot
*** SUMMARY ***
Total pot $0.26 | Rake $0.01 | Jackpot $0 | Bingo $0 | Fortune $0 | Tax $0
Board [Kd 8h 9h]
Seat 2: 2cd17490 folded before Flop (didn't bet)
Seat 3: Hero won ($0.25)
Seat 4: abaed072 (button) folded before Flop (didn't bet)
Seat 5: 7ee49046 (small blind) folded before Flop
Seat 6: ba51e89 (big blind) folded on the Flop


Poker Hand #HD1597128181: Hold'em No Limit ($0.02/$0.05) - 2024/01/20 11:05:12
Table 'NLHBlue35' 6-max Seat #3 is the button
Seat 2: 2cd17490 ($9.72 in chips)
Seat 3: Hero ($5.16 in chips)
Seat 4: abaed072 ($6.61 in chips)
Seat 5: 7ee49046 ($5.12 in chips)
Seat 6: ba51e89 ($4.88 in chips)
abaed072: posts small blind $0.02
7ee49046: posts big blind $0.05
*** HOLE CARDS ***
Dealt to 2cd17490 
Dealt to Hero [Ts 3h]
Dealt to abaed072 
Dealt to 7ee49046 
Dealt to ba51e89 
ba51e89: folds
2cd17490: raises $0.06 to $0.11
Hero: folds
abaed072: folds
7ee49046: folds
Uncalled bet ($0.06) returned to 2cd17490
*** SHOWDOWN ***
2cd17490 collected $0.12 from pot
*** SUMMARY ***
Total pot $0.12 | Rake $0 | Jackpot $0 | Bingo $0 | Fortune $0 | Tax $0
Seat 2: 2cd17490 collected ($0.12)
Seat 3: Hero (button) folded before Flop (didn't bet)
Seat 4: abaed072 (small blind) folded before Flop
Seat 5: 7ee49046 (big blind) folded before Flop
Seat 6: ba51e89 folded before Flop (didn't bet)


Poker Hand #HD1597128146: Hold'em No Limit ($0.02/$0.05) - 2024/01/20 11:04:51
Table 'NLHBlue35' 6-max Seat #2 is the button
Seat 2: 2cd17490 ($9.72 in chips)
Seat 3: Hero ($5.11 in chips)
Seat 4: abaed072 ($6.66 in chips)
Seat 5: 7ee49046 ($5.12 in chips)
Seat 6: ba51e89 ($4.88 in chips)
Hero: posts small blind $0.02
abaed072: posts big blind $0.05
*** HOLE CARDS ***
Dealt to 2cd17490 
Dealt to Hero [9h Kd]
Dealt to abaed072 
Dealt to 7ee49046 
Dealt to ba51e89 
7ee49046: folds
ba51e89: folds
2cd17490: folds
Hero: raises $0.09 to $0.14
abaed072: folds
Uncalled bet ($0.09) returned to Hero
*** SHOWDOWN ***
Hero collected $0.1 from pot
*** SUMMARY ***
Total pot $0.1 | Rake $0 | Jackpot $0 | Bingo $0 | Fortune $0 | Tax $0
Seat 2: 2cd17490 (button) folded before Flop (didn't bet)
Seat 3: Hero (small blind) collected ($0.1)
Seat 4: abaed072 (big blind) folded before Flop
Seat 5: 7ee49046 folded before Flop (didn't bet)
Seat 6: ba51e89 folded before Flop (didn't bet)


Poker Hand #HD1597128107: Hold'em No Limit ($0.02/$0.05) - 2024/01/20 11:04:25
Table 'NLHBlue35' 6-max Seat #6 is the button
Seat 2: 2cd17490 ($9.67 in chips)
Seat 3: Hero ($5.16 in chips)
Seat 4: abaed072 ($6.66 in chips)
Seat 5: 7ee49046 ($5.12 in chips)
Seat 6: ba51e89 ($4.88 in chips)
2cd17490: posts small blind $0.02
Hero: posts big blind $0.05
*** HOLE CARDS ***
Dealt to 2cd17490 
Dealt to Hero [2d 5d]
Dealt to abaed072 
Dealt to 7ee49046 
Dealt to ba51e89 
abaed072: folds
7ee49046: folds
ba51e89: folds
2cd17490: raises $0.1 to $0.15
Hero: folds
Uncalled bet ($0.1) returned to 2cd17490
*** SHOWDOWN ***
2cd17490 collected $0.1 from pot
*** SUMMARY ***
Total pot $0.1 | Rake $0 | Jackpot $0 | Bingo $0 | Fortune $0 | Tax $0
Seat 2: 2cd17490 (small blind) collected ($0.1)
Seat 3: Hero (big blind) folded before Flop
Seat 4: abaed072 folded before Flop (didn't bet)
Seat 5: 7ee49046 folded before Flop (didn't bet)
Seat 6: ba51e89 (button) folded before Flop (didn't bet)


Poker Hand #HD1597128036: Hold'em No Limit ($0.02/$0.05) - 2024/01/20 11:03:35
Table 'NLHBlue35' 6-max Seat #5 is the button
Seat 1: f784b327 ($5.15 in chips)
Seat 2: 2cd17490 ($9.67 in chips)
Seat 3: Hero ($5 in chips)
Seat 4: abaed072 ($6.66 in chips)
Seat 5: 7ee49046 ($5.12 in chips)
Seat 6: ba51e89 ($5 in chips)
ba51e89: posts small blind $0.02
f784b327: posts big blind $0.05
*** HOLE CARDS ***
Dealt to f784b327 
Dealt to 2cd17490 
Dealt to Hero [5c 6c]
Dealt to abaed072 
Dealt to 7ee49046 
Dealt to ba51e89 
2cd17490: folds
Hero: raises $0.07 to $0.12
abaed072: folds
7ee49046: folds
ba51e89: calls $0.1
f784b327: folds
*** FLOP *** [Th 8c 5d]
ba51e89: checks
Hero: checks
*** TURN *** [Th 8c 5d] [Ah]
ba51e89: checks
Hero: checks
*** RIVER *** [Th 8c 5d Ah] [8s]
ba51e89: checks
Hero: checks
ba51e89: shows [3c Qc] (Pair of Eights)
Hero: shows [5c 6c] (Pair of Eights and Pair of Fives)
*** SHOWDOWN ***
Hero collected $0.28 from pot
*** SUMMARY ***
Total pot $0.29 | Rake $0.01 | Jackpot $0 | Bingo $0 | Fortune $0 | Tax $0
Board [Th 8c 5d Ah 8s]
Seat 1: f784b327 (big blind) folded before Flop
Seat 2: 2cd17490 folded before Flop (didn't bet)
Seat 3: Hero showed [5c 6c] and won ($0.28) with Pair of Eights and Pair of Fives
Seat 4: abaed072 folded before Flop (didn't bet)
Seat 5: 7ee49046 (button) folded before Flop (didn't bet)
Seat 6: ba51e89 (small blind) showed [3c Qc] and lost with Pair of Eights


Poker Hand #HD1597127925: Hold'em No Limit ($0.02/$0.05) - 2024/01/20 11:02:19
Table 'NLHBlue35' 6-max Seat #4 is the button
Seat 1: f784b327 ($3.45 in chips)
Seat 2: 2cd17490 ($9.67 in chips)
Seat 3: Hero ($5 in chips)
Seat 4: abaed072 ($6.66 in chips)
Seat 5: 7ee49046 ($5.14 in chips)
Seat 6: ba51e89 ($5 in chips)
7ee49046: posts small blind $0.02
ba51e89: posts big blind $0.05
*** HOLE CARDS ***
Dealt to f784b327 
Dealt to 2cd17490 
Dealt to Hero [5s 4s]
Dealt to abaed072 
Dealt to 7ee49046 
Dealt to ba51e89 
f784b327: raises $0.06 to $0.11
2cd17490: folds
Hero: folds
abaed072: folds
7ee49046: folds
ba51e89: raises $0.1 to $0.21
f784b327: calls $0.1
*** FLOP *** [9d 3h Td]
ba51e89: bets $0.27
f784b327: raises $2.97 to $3.24 and is all-in
ba51e89: calls $2.97
f784b327: shows [Qs Qc] (Pair of Queens)
ba51e89: shows [Ts As] (Pair of Tens)
f784b327: Chooses to EV Cashout 
*** TURN *** [9d 3h Td] [Kh]
*** RIVER *** [9d 3h Td Kh] [8h]
f784b327: Pays Cashout Risk ($1.38)
*** SHOWDOWN ***
f784b327 collected $6.53 from pot
*** SUMMARY ***
Total pot $6.92 | Rake $0.34 | Jackpot $0.05 | Bingo $0 | Fortune $0 | Tax $0
Board [9d 3h Td Kh 8h]
Seat 1: f784b327 showed [Qs Qc] and won ($6.53) with Pair of Queens, Cashout Risk ($1.38)
Seat 2: 2cd17490 folded before Flop (didn't bet)
Seat 3: Hero folded before Flop (didn't bet)
Seat 4: abaed072 (button) folded before Flop (didn't bet)
Seat 5: 7ee49046 (small blind) folded before Flop
Seat 6: ba51e89 (big blind) showed [Ts As] and lost with Pair of Tens


Poker Hand #HD1597127905: Hold'em No Limit ($0.02/$0.05) - 2024/01/20 11:02:05
Table 'NLHBlue35' 6-max Seat #3 is the button
Seat 1: f784b327 ($3.45 in chips)
Seat 2: 2cd17490 ($9.67 in chips)
Seat 3: Hero ($5 in chips)
Seat 4: abaed072 ($6.68 in chips)
Seat 5: 7ee49046 ($5.12 in chips)
abaed072: posts small blind $0.02
7ee49046: posts big blind $0.05
*** HOLE CARDS ***
Dealt to f784b327 
Dealt to 2cd17490 
Dealt to Hero [Kc 2h]
Dealt to abaed072 
Dealt to 7ee49046 
f784b327: folds
2cd17490: folds
Hero: folds
abaed072: folds
Uncalled bet ($0.03) returned to 7ee49046
*** SHOWDOWN ***
7ee49046 collected $0.04 from pot
*** SUMMARY ***
Total pot $0.04 | Rake $0 | Jackpot $0 | Bingo $0 | Fortune $0 | Tax $0
Seat 1: f784b327 folded before Flop (didn't bet)
Seat 2: 2cd17490 folded before Flop (didn't bet)
Seat 3: Hero (button) folded before Flop (didn't bet)
Seat 4: abaed072 (small blind) folded before Flop
Seat 5: 7ee49046 (big blind) collected ($0.04)


Poker Hand #HD1597127883: Hold'em No Limit ($0.02/$0.05) - 2024/01/20 11:01:48
Table 'NLHBlue35' 6-max Seat #2 is the button
Seat 1: f784b327 ($3.45 in chips)
Seat 2: 2cd17490 ($9.67 in chips)
Seat 3: Hero ($5 in chips)
Seat 4: abaed072 ($6.66 in chips)
Seat 5: 7ee49046 ($5.12 in chips)
Hero: posts small blind $0.02
abaed072: posts big blind $0.05
*** HOLE CARDS ***
Dealt to f784b327 
Dealt to 2cd17490 
Dealt to Hero [2d 9c]
Dealt to abaed072 
Dealt to 7ee49046 
7ee49046: folds
f784b327: folds
2cd17490: folds
Hero: folds
Uncalled bet ($0.03) returned to abaed072
*** SHOWDOWN ***
abaed072 collected $0.04 from pot
*** SUMMARY ***
Total pot $0.04 | Rake $0 | Jackpot $0 | Bingo $0 | Fortune $0 | Tax $0
Seat 1: f784b327 folded before Flop (didn't bet)
Seat 2: 2cd17490 (button) folded before Flop (didn't bet)
Seat 3: Hero (small blind) folded before Flop
Seat 4: abaed072 (big blind) collected ($0.04)
Seat 5: 7ee49046 folded before Flop (didn't bet)


Poker Hand #HD1597127799: Hold'em No Limit ($0.02/$0.05) - 2024/01/20 11:01:02
Table 'NLHBlue35' 6-max Seat #1 is the button
Seat 1: f784b327 ($3.45 in chips)
Seat 2: 2cd17490 ($9.69 in chips)
Seat 3: Hero ($5.07 in chips)
Seat 4: abaed072 ($6.66 in chips)
Seat 5: 7ee49046 ($5 in chips)
2cd17490: posts small blind $0.02
Hero: posts big blind $0.05
*** HOLE CARDS ***
Dealt to f784b327 
Dealt to 2cd17490 
Dealt to Hero [7s 5s]
Dealt to abaed072 
Dealt to 7ee49046 
abaed072: folds
7ee49046: raises $0.06 to $0.11
f784b327: folds
2cd17490: folds
Hero: calls $0.06
*** FLOP *** [Th Ks Tc]
Hero: checks
7ee49046: bets $0.1
Hero: folds
Uncalled bet ($0.1) returned to 7ee49046
*** SHOWDOWN ***
7ee49046 collected $0.23 from pot
*** SUMMARY ***
Total pot $0.24 | Rake $0.01 | Jackpot $0 | Bingo $0 | Fortune $0 | Tax $0
Board [Th Ks Tc]
Seat 1: f784b327 (button) folded before Flop (didn't bet)
Seat 2: 2cd17490 (small blind) folded before Flop
Seat 3: Hero (big blind) folded on the Flop
Seat 4: abaed072 folded before Flop (didn't bet)
Seat 5: 7ee49046 won ($0.23)


Poker Hand #HD1597127765: Hold'em No Limit ($0.02/$0.05) - 2024/01/20 11:00:35
Table 'NLHBlue35' 6-max Seat #5 is the button
Seat 1: f784b327 ($3.4 in chips)
Seat 2: 2cd17490 ($9.74 in chips)
Seat 3: Hero ($5.07 in chips)
Seat 4: abaed072 ($6.66 in chips)
Seat 5: 7ee49046 ($5 in chips)
f784b327: posts small blind $0.02
2cd17490: posts big blind $0.05
*** HOLE CARDS ***
Dealt to f784b327 
Dealt to 2cd17490 
Dealt to Hero [3c 6c]
Dealt to abaed072 
Dealt to 7ee49046 
Hero: folds
abaed072: folds
7ee49046: folds
f784b327: raises $0.06 to $0.11
2cd17490: folds
Uncalled bet ($0.06) returned to f784b327
*** SHOWDOWN ***
f784b327 collected $0.1 from pot
*** SUMMARY ***
Total pot $0.1 | Rake $0 | Jackpot $0 | Bingo $0 | Fortune $0 | Tax $0
Seat 1: f784b327 (small blind) collected ($0.1)
Seat 2: 2cd17490 (big blind) folded before Flop
Seat 3: Hero folded before Flop (didn't bet)
Seat 4: abaed072 folded before Flop (didn't bet)
Seat 5: 7ee49046 (button) folded before Flop (didn't bet)


Poker Hand #HD1597127698: Hold'em No Limit ($0.02/$0.05) - 2024/01/20 10:59:56
Table 'NLHBlue35' 6-max Seat #4 is the button
Seat 1: f784b327 ($3.26 in chips)
Seat 2: 2cd17490 ($9.74 in chips)
Seat 3: Hero ($5.07 in chips)
Seat 4: abaed072 ($6.79 in chips)
Seat 5: 7ee49046 ($5 in chips)
7ee49046: posts small blind $0.02
f784b327: posts big blind $0.05
*** HOLE CARDS ***
Dealt to f784b327 
Dealt to 2cd17490 
Dealt to Hero [7d Jd]
Dealt to abaed072 
Dealt to 7ee49046 
2cd17490: folds
Hero: folds
abaed072: raises $0.08 to $0.13
7ee49046: folds
f784b327: calls $0.08
*** FLOP *** [Jh 2d Qs]
f784b327: bets $0.07
abaed072: folds
Uncalled bet ($0.07) returned to f784b327
*** SHOWDOWN ***
f784b327 collected $0.27 from pot
*** SUMMARY ***
Total pot $0.28 | Rake $0.01 | Jackpot $0 | Bingo $0 | Fortune $0 | Tax $0
Board [Jh 2d Qs]
Seat 1: f784b327 (big blind) won ($0.27)
Seat 2: 2cd17490 folded before Flop (didn't bet)
Seat 3: Hero folded before Flop (didn't bet)
Seat 4: abaed072 (button) folded on the Flop
Seat 5: 7ee49046 (small blind) folded before Flop


Poker Hand #HD1597127640: Hold'em No Limit ($0.02/$0.05) - 2024/01/20 10:59:15
Table 'NLHBlue35' 6-max Seat #3 is the button
Seat 1: f784b327 ($3.26 in chips)
Seat 2: 2cd17490 ($9.74 in chips)
Seat 3: Hero ($5 in chips)
Seat 4: abaed072 ($6.81 in chips)
Seat 5: 7ee49046 ($5 in chips)
Seat 6: b3b384b5 ($5.17 in chips)
abaed072: posts small blind $0.02
7ee49046: posts big blind $0.05
*** HOLE CARDS ***
Dealt to f784b327 
Dealt to 2cd17490 
Dealt to Hero [Ah 5d]
Dealt to abaed072 
Dealt to 7ee49046 
Dealt to b3b384b5 
b3b384b5: folds
f784b327: folds
2cd17490: folds
Hero: raises $0.07 to $0.12
abaed072: folds
7ee49046: folds
Uncalled bet ($0.07) returned to Hero
*** SHOWDOWN ***
Hero collected $0.12 from pot
*** SUMMARY ***
Total pot $0.12 | Rake $0 | Jackpot $0 | Bingo $0 | Fortune $0 | Tax $0
Seat 1: f784b327 folded before Flop (didn't bet)
Seat 2: 2cd17490 folded before Flop (didn't bet)
Seat 3: Hero (button) collected ($0.12)
Seat 4: abaed072 (small blind) folded before Flop
Seat 5: 7ee49046 (big blind) folded before Flop
Seat 6: b3b384b5 folded before Flop (didn't bet)


Poker Hand #HD1597127595: Hold'em No Limit ($0.02/$0.05) - 2024/01/20 10:58:44
Table 'NLHBlue35' 6-max Seat #2 is the button
Seat 1: f784b327 ($3.26 in chips)
Seat 2: 2cd17490 ($9.51 in chips)
Seat 3: Hero ($5 in chips)
Seat 4: abaed072 ($6.86 in chips)
Seat 6: b3b384b5 ($5.35 in chips)
Hero: posts small blind $0.02
abaed072: posts big blind $0.05
*** HOLE CARDS ***
Dealt to f784b327 
Dealt to 2cd17490 
Dealt to Hero [Ad 7s]
Dealt to abaed072 
Dealt to b3b384b5 
b3b384b5: calls $0.05
f784b327: folds
2cd17490: raises $0.13 to $0.18
Hero: folds
abaed072: folds
b3b384b5: calls $0.13
*** FLOP *** [Jd Qc 4h]
b3b384b5: checks
2cd17490: bets $0.25
b3b384b5: folds
Uncalled bet ($0.25) returned to 2cd17490
*** SHOWDOWN ***
2cd17490 collected $0.41 from pot
*** SUMMARY ***
Total pot $0.43 | Rake $0.02 | Jackpot $0 | Bingo $0 | Fortune $0 | Tax $0
Board [Jd Qc 4h]
Seat 1: f784b327 folded before Flop (didn't bet)
Seat 2: 2cd17490 (button) won ($0.41)
Seat 3: Hero (small blind) folded before Flop
Seat 4: abaed072 (big blind) folded before Flop
Seat 6: b3b384b5 folded on the Flop


Poker Hand #HD1597127530: Hold'em No Limit ($0.02/$0.05) - 2024/01/20 10:58:01
Table 'NLHBlue35' 6-max Seat #1 is the button
Seat 1: f784b327 ($3.14 in chips)
Seat 2: 2cd17490 ($9.53 in chips)
Seat 3: Hero ($5 in chips)
Seat 4: abaed072 ($6.86 in chips)
Seat 6: b3b384b5 ($5.35 in chips)
2cd17490: posts small blind $0.02
Hero: posts big blind $0.05
*** HOLE CARDS ***
Dealt to f784b327 
Dealt to 2cd17490 
Dealt to Hero [Ah 6d]
Dealt to abaed072 
Dealt to b3b384b5 
abaed072: folds
b3b384b5: folds
f784b327: raises $0.06 to $0.11
2cd17490: folds
Hero: calls $0.06
*** FLOP *** [Jd 7d 4s]
Hero: checks
f784b327: bets $0.06
Hero: folds
Uncalled bet ($0.06) returned to f784b327
*** SHOWDOWN ***
f784b327 collected $0.23 from pot
*** SUMMARY ***
Total pot $0.24 | Rake $0.01 | Jackpot $0 | Bingo $0 | Fortune $0 | Tax $0
Board [Jd 7d 4s]
Seat 1: f784b327 (button) won ($0.23)
Seat 2: 2cd17490 (small blind) folded before Flop
Seat 3: Hero (big blind) folded on the Flop
Seat 4: abaed072 folded before Flop (didn't bet)
Seat 6: b3b384b5 folded before Flop (didn't bet)


Poker Hand #HD1597127488: Hold'em No Limit ($0.02/$0.05) - 2024/01/20 10:57:37
Table 'NLHBlue35' 6-max Seat #6 is the button
Seat 1: f784b327 ($3.16 in chips)
Seat 2: 2cd17490 ($9.58 in chips)
Seat 3: Hero ($5 in chips)
Seat 4: abaed072 ($7.01 in chips)
Seat 6: b3b384b5 ($5.14 in chips)
f784b327: posts small blind $0.02
2cd17490: posts big blind $0.05
*** HOLE CARDS ***
Dealt to f784b327 
Dealt to 2cd17490 
Dealt to Hero [3c As]
Dealt to abaed072 
Dealt to b3b384b5 
Hero: folds
abaed072: raises $0.1 to $0.15
b3b384b5: raises $0.13 to $0.28
f784b327: folds
2cd17490: folds
abaed072: folds
Uncalled bet ($0.13) returned to b3b384b5
*** SHOWDOWN ***
b3b384b5 collected $0.36 from pot
*** SUMMARY ***
Total pot $0.37 | Rake $0.01 | Jackpot $0 | Bingo $0 | Fortune $0 | Tax $0
Seat 1: f784b327 (small blind) folded before Flop
Seat 2: 2cd17490 (big blind) folded before Flop
Seat 3: Hero folded before Flop (didn't bet)
Seat 4: abaed072 folded before Flop
Seat 6: b3b384b5 (button) collected ($0.36)


Poker Hand #HD1597127415: Hold'em No Limit ($0.02/$0.05) - 2024/01/20 10:56:52
Table 'NLHBlue35' 6-max Seat #4 is the button
Seat 1: f784b327 ($3.21 in chips)
Seat 2: 2cd17490 ($9.58 in chips)
Seat 3: Hero ($5 in chips)
Seat 4: abaed072 ($7.01 in chips)
Seat 6: b3b384b5 ($5.09 in chips)
b3b384b5: posts small blind $0.02
f784b327: posts big blind $0.05
*** HOLE CARDS ***
Dealt to f784b327 
Dealt to 2cd17490 
Dealt to Hero [Td Qc]
Dealt to abaed072 
Dealt to b3b384b5 
2cd17490: folds
Hero: folds
abaed072: folds
b3b384b5: calls $0.03
f784b327: checks
*** FLOP *** [Qd 2h 6s]
b3b384b5: bets $0.1
f784b327: folds
Uncalled bet ($0.1) returned to b3b384b5
*** SHOWDOWN ***
b3b384b5 collected $0.1 from pot
*** SUMMARY ***
Total pot $0.1 | Rake $0 | Jackpot $0 | Bingo $0 | Fortune $0 | Tax $0
Board [Qd 2h 6s]
Seat 1: f784b327 (big blind) folded on the Flop
Seat 2: 2cd17490 folded before Flop (didn't bet)
Seat 3: Hero folded before Flop (didn't bet)
Seat 4: abaed072 (button) folded before Flop (didn't bet)
Seat 6: b3b384b5 (small blind) won ($0.1)


Poker Hand #HD1597127395: Hold'em No Limit ($0.02/$0.05) - 2024/01/20 10:56:41
Table 'NLHBlue35' 6-max Seat #3 is the button
Seat 1: f784b327 ($3.21 in chips)
Seat 2: 2cd17490 ($9.58 in chips)
Seat 3: Hero ($5 in chips)
Seat 4: abaed072 ($7.03 in chips)
Seat 6: b3b384b5 ($5.07 in chips)
abaed072: posts small blind $0.02
b3b384b5: posts big blind $0.05
*** HOLE CARDS ***
Dealt to f784b327 
Dealt to 2cd17490 
Dealt to Hero [Td 2s]
Dealt to abaed072 
Dealt to b3b384b5 
f784b327: folds
2cd17490: folds
Hero: folds
abaed072: folds
Uncalled bet ($0.03) returned to b3b384b5
*** SHOWDOWN ***
b3b384b5 collected $0.04 from pot
*** SUMMARY ***
Total pot $0.04 | Rake $0 | Jackpot $0 | Bingo $0 | Fortune $0 | Tax $0
Seat 1: f784b327 folded before Flop (didn't bet)
Seat 2: 2cd17490 folded before Flop (didn't bet)
Seat 3: Hero (button) folded before Flop (didn't bet)
Seat 4: abaed072 (small blind) folded before Flop
Seat 6: b3b384b5 (big blind) collected ($0.04)


Poker Hand #HD1597127366: Hold'em No Limit ($0.02/$0.05) - 2024/01/20 10:56:26
Table 'NLHBlue35' 6-max Seat #2 is the button
Seat 1: f784b327 ($3.21 in chips)
Seat 2: 2cd17490 ($9.58 in chips)
Seat 3: Hero ($5 in chips)
Seat 4: abaed072 ($7.08 in chips)
Seat 5: 220afca2 ($6.58 in chips)
Seat 6: b3b384b5 ($5 in chips)
Hero: posts small blind $0.02
abaed072: posts big blind $0.05
*** HOLE CARDS ***
Dealt to f784b327 
Dealt to 2cd17490 
Dealt to Hero [4d 9s]
Dealt to abaed072 
Dealt to 220afca2 
Dealt to b3b384b5 
220afca2: folds
b3b384b5: raises $0.1 to $0.15
f784b327: folds
2cd17490: folds
Hero: folds
abaed072: folds
Uncalled bet ($0.1) returned to b3b384b5
*** SHOWDOWN ***
b3b384b5 collected $0.12 from pot
*** SUMMARY ***
Total pot $0.12 | Rake $0 | Jackpot $0 | Bingo $0 | Fortune $0 | Tax $0
Seat 1: f784b327 folded before Flop (didn't bet)
Seat 2: 2cd17490 (button) folded before Flop (didn't bet)
Seat 3: Hero (small blind) folded before Flop
Seat 4: abaed072 (big blind) folded before Flop
Seat 5: 220afca2 folded before Flop (didn't bet)
Seat 6: b3b384b5 collected ($0.12)


Poker Hand #HD1597127339: Hold'em No Limit ($0.02/$0.05) - 2024/01/20 10:56:09
Table 'NLHBlue35' 6-max Seat #1 is the button
Seat 1: f784b327 ($3.21 in chips)
Seat 2: 2cd17490 ($9.53 in chips)
Seat 3: Hero ($5 in chips)
Seat 4: abaed072 ($7.08 in chips)
Seat 5: 220afca2 ($6.58 in chips)
Seat 6: b3b384b5 ($5 in chips)
2cd17490: posts small blind $0.02
Hero: posts big blind $0.05
*** HOLE CARDS ***
Dealt to f784b327 
Dealt to 2cd17490 
Dealt to Hero [6s 4c]
Dealt to abaed072 
Dealt to 220afca2 
Dealt to b3b384b5 
abaed072: folds
220afca2: folds
b3b384b5: folds
f784b327: folds
2cd17490: raises $0.1 to $0.15
Hero: folds
Uncalled bet ($0.1) returned to 2cd17490
*** SHOWDOWN ***
2cd17490 collected $0.1 from pot
*** SUMMARY ***
Total pot $0.1 | Rake $0 | Jackpot $0 | Bingo $0 | Fortune $0 | Tax $0
Seat 1: f784b327 (button) folded before Flop (didn't bet)
Seat 2: 2cd17490 (small blind) collected ($0.1)
Seat 3: Hero (big blind) folded before Flop
Seat 4: abaed072 folded before Flop (didn't bet)
Seat 5: 220afca2 folded before Flop (didn't bet)
Seat 6: b3b384b5 folded before Flop (didn't bet)


