Poker Hand #HD1151763816: Hold'em No Limit  ($0.02/$0.05) - 2023/03/08 21:42:09
Table 'NLHBlue20' 6-max Seat #5 is the button
Seat 1: f11f0f73 ($3.74 in chips)
Seat 2: Hero ($15.48 in chips)
Seat 3: 22793581 ($5.9 in chips)
Seat 4: 189d5a7d ($5 in chips)
Seat 5: 2b63cce5 ($1.02 in chips)
Seat 6: 4c24a719 ($9.62 in chips)
4c24a719: posts small blind $0.02
f11f0f73: posts big blind $0.05
*** HOLE CARDS ***
Dealt to f11f0f73 
Dealt to Hero [3c 2s]
Dealt to 22793581 
Dealt to 189d5a7d 
Dealt to 2b63cce5 
Dealt to 4c24a719 
Hero: folds
22793581: folds
189d5a7d: folds
2b63cce5: calls $0.05
4c24a719: folds
f11f0f73: raises $3.69 to $3.74 and is all-in
2b63cce5: folds
Uncalled bet ($3.69) returned to f11f0f73
*** SHOWDOWN ***
f11f0f73 collected $0.12 from pot
*** SUMMARY ***
Total pot $0.12 | Rake $0 | Jackpot $0 | Bingo $0 | Fortune $0
Seat 1: f11f0f73 (big blind) collected ($0.12)
Seat 2: Hero folded before Flop (didn't bet)
Seat 3: 22793581 folded before Flop (didn't bet)
Seat 4: 189d5a7d folded before Flop (didn't bet)
Seat 5: 2b63cce5 (button) folded before Flop
Seat 6: 4c24a719 (small blind) folded before Flop


Poker Hand #HD1151763780: Hold'em No Limit  ($0.02/$0.05) - 2023/03/08 21:41:50
Table 'NLHBlue20' 6-max Seat #4 is the button
Seat 1: f11f0f73 ($3.74 in chips)
Seat 2: Hero ($15.48 in chips)
Seat 3: 22793581 ($5.9 in chips)
Seat 4: 189d5a7d ($5 in chips)
Seat 5: 2b63cce5 ($0.97 in chips)
Seat 6: 4c24a719 ($9.67 in chips)
2b63cce5: posts small blind $0.02
4c24a719: posts big blind $0.05
*** HOLE CARDS ***
Dealt to f11f0f73 
Dealt to Hero [6s Ks]
Dealt to 22793581 
Dealt to 189d5a7d 
Dealt to 2b63cce5 
Dealt to 4c24a719 
f11f0f73: folds
Hero: folds
22793581: folds
189d5a7d: folds
2b63cce5: raises $0.1 to $0.15
4c24a719: folds
Uncalled bet ($0.1) returned to 2b63cce5
*** SHOWDOWN ***
2b63cce5 collected $0.1 from pot
*** SUMMARY ***
Total pot $0.1 | Rake $0 | Jackpot $0 | Bingo $0 | Fortune $0
Seat 1: f11f0f73 folded before Flop (didn't bet)
Seat 2: Hero folded before Flop (didn't bet)
Seat 3: 22793581 folded before Flop (didn't bet)
Seat 4: 189d5a7d (button) folded before Flop (didn't bet)
Seat 5: 2b63cce5 (small blind) collected ($0.1)
Seat 6: 4c24a719 (big blind) folded before Flop


Poker Hand #HD1151763686: Hold'em No Limit  ($0.02/$0.05) - 2023/03/08 21:40:58
Table 'NLHBlue20' 6-max Seat #3 is the button
Seat 1: f11f0f73 ($4.12 in chips)
Seat 2: Hero ($15.48 in chips)
Seat 3: 22793581 ($5.17 in chips)
Seat 4: 189d5a7d ($5 in chips)
Seat 5: 2b63cce5 ($1.35 in chips)
Seat 6: 4c24a719 ($9.67 in chips)
189d5a7d: posts small blind $0.02
2b63cce5: posts big blind $0.05
*** HOLE CARDS ***
Dealt to f11f0f73 
Dealt to Hero [9c Ad]
Dealt to 22793581 
Dealt to 189d5a7d 
Dealt to 2b63cce5 
Dealt to 4c24a719 
4c24a719: folds
f11f0f73: raises $0.08 to $0.13
Hero: folds
22793581: raises $0.25 to $0.38
189d5a7d: folds
2b63cce5: calls $0.33
f11f0f73: calls $0.25
*** FLOP *** [Jd Ac 4c]
2b63cce5: checks
f11f0f73: checks
22793581: bets $0.39
2b63cce5: folds
f11f0f73: folds
Uncalled bet ($0.39) returned to 22793581
*** SHOWDOWN ***
22793581 collected $1.11 from pot
*** SUMMARY ***
Total pot $1.16 | Rake $0.05 | Jackpot $0 | Bingo $0 | Fortune $0
Board [Jd Ac 4c]
Seat 1: f11f0f73 folded on the Flop
Seat 2: Hero folded before Flop (didn't bet)
Seat 3: 22793581 (button) won ($1.11)
Seat 4: 189d5a7d (small blind) folded before Flop
Seat 5: 2b63cce5 (big blind) folded on the Flop
Seat 6: 4c24a719 folded before Flop (didn't bet)


Poker Hand #HD1151763536: Hold'em No Limit  ($0.02/$0.05) - 2023/03/08 21:39:40
Table 'NLHBlue20' 6-max Seat #2 is the button
Seat 1: f11f0f73 ($4.12 in chips)
Seat 2: Hero ($14.33 in chips)
Seat 3: 22793581 ($5.19 in chips)
Seat 4: 189d5a7d ($5.03 in chips)
Seat 6: 4c24a719 ($9.67 in chips)
22793581: posts small blind $0.02
189d5a7d: posts big blind $0.05
*** HOLE CARDS ***
Dealt to f11f0f73 
Dealt to Hero [8s 6s]
Dealt to 22793581 
Dealt to 189d5a7d 
Dealt to 4c24a719 
4c24a719: folds
f11f0f73: folds
Hero: raises $0.07 to $0.12
22793581: folds
189d5a7d: calls $0.07
*** FLOP *** [Ks 6h 6d]
189d5a7d: checks
Hero: bets $0.2
189d5a7d: calls $0.2
*** TURN *** [Ks 6h 6d] [9c]
189d5a7d: checks
Hero: bets $0.33
189d5a7d: calls $0.33
*** RIVER *** [Ks 6h 6d 9c] [2h]
189d5a7d: checks
Hero: bets $0.66
189d5a7d: calls $0.66
Hero: shows [8s 6s] (Three Sixes)
189d5a7d: shows [Kc Js] (Pair of Kings and Pair of Sixes)
*** SHOWDOWN ***
Hero collected $2.46 from pot
*** SUMMARY ***
Total pot $2.64 | Rake $0.13 | Jackpot $0.05 | Bingo $0 | Fortune $0
Board [Ks 6h 6d 9c 2h]
Seat 1: f11f0f73 folded before Flop (didn't bet)
Seat 2: Hero (button) showed [8s 6s] and won ($2.46) with Three Sixes
Seat 3: 22793581 (small blind) folded before Flop
Seat 4: 189d5a7d (big blind) showed [Kc Js] and lost with Pair of Kings and Pair of Sixes
Seat 6: 4c24a719 folded before Flop (didn't bet)


Poker Hand #HD1151763513: Hold'em No Limit  ($0.02/$0.05) - 2023/03/08 21:39:28
Table 'NLHBlue20' 6-max Seat #1 is the button
Seat 1: f11f0f73 ($4.05 in chips)
Seat 2: Hero ($14.35 in chips)
Seat 3: 22793581 ($5.24 in chips)
Seat 4: 189d5a7d ($5.03 in chips)
Seat 6: 4c24a719 ($9.67 in chips)
Hero: posts small blind $0.02
22793581: posts big blind $0.05
*** HOLE CARDS ***
Dealt to f11f0f73 
Dealt to Hero [3d Js]
Dealt to 22793581 
Dealt to 189d5a7d 
Dealt to 4c24a719 
189d5a7d: folds
4c24a719: folds
f11f0f73: raises $0.08 to $0.13
Hero: folds
22793581: folds
Uncalled bet ($0.08) returned to f11f0f73
*** SHOWDOWN ***
f11f0f73 collected $0.12 from pot
*** SUMMARY ***
Total pot $0.12 | Rake $0 | Jackpot $0 | Bingo $0 | Fortune $0
Seat 1: f11f0f73 (button) collected ($0.12)
Seat 2: Hero (small blind) folded before Flop
Seat 3: 22793581 (big blind) folded before Flop
Seat 4: 189d5a7d folded before Flop (didn't bet)
Seat 6: 4c24a719 folded before Flop (didn't bet)


Poker Hand #HD1151763450: Hold'em No Limit  ($0.02/$0.05) - 2023/03/08 21:38:51
Table 'NLHBlue20' 6-max Seat #6 is the button
Seat 1: f11f0f73 ($4.07 in chips)
Seat 2: Hero ($14.74 in chips)
Seat 3: 22793581 ($5.24 in chips)
Seat 4: 189d5a7d ($5.03 in chips)
Seat 6: 4c24a719 ($9.3 in chips)
f11f0f73: posts small blind $0.02
Hero: posts big blind $0.05
*** HOLE CARDS ***
Dealt to f11f0f73 
Dealt to Hero [9h 8h]
Dealt to 22793581 
Dealt to 189d5a7d 
Dealt to 4c24a719 
22793581: folds
189d5a7d: folds
4c24a719: raises $0.08 to $0.13
f11f0f73: folds
Hero: calls $0.08
*** FLOP *** [3s 8c Kd]
Hero: bets $0.1
4c24a719: calls $0.1
*** TURN *** [3s 8c Kd] [5h]
Hero: bets $0.16
4c24a719: raises $0.4 to $0.56
Hero: folds
Uncalled bet ($0.4) returned to 4c24a719
*** SHOWDOWN ***
4c24a719 collected $0.76 from pot
*** SUMMARY ***
Total pot $0.8 | Rake $0.04 | Jackpot $0 | Bingo $0 | Fortune $0
Board [3s 8c Kd 5h]
Seat 1: f11f0f73 (small blind) folded before Flop
Seat 2: Hero (big blind) folded on the Turn
Seat 3: 22793581 folded before Flop (didn't bet)
Seat 4: 189d5a7d folded before Flop (didn't bet)
Seat 6: 4c24a719 (button) won ($0.76)


Poker Hand #HD1151763420: Hold'em No Limit  ($0.02/$0.05) - 2023/03/08 21:38:37
Table 'NLHBlue20' 6-max Seat #4 is the button
Seat 1: f11f0f73 ($4.12 in chips)
Seat 2: Hero ($14.74 in chips)
Seat 3: 22793581 ($5.24 in chips)
Seat 4: 189d5a7d ($5.03 in chips)
Seat 6: 4c24a719 ($9.25 in chips)
4c24a719: posts small blind $0.02
f11f0f73: posts big blind $0.05
*** HOLE CARDS ***
Dealt to f11f0f73 
Dealt to Hero [9c Jh]
Dealt to 22793581 
Dealt to 189d5a7d 
Dealt to 4c24a719 
Hero: folds
22793581: folds
189d5a7d: folds
4c24a719: raises $0.08 to $0.13
f11f0f73: folds
Uncalled bet ($0.08) returned to 4c24a719
*** SHOWDOWN ***
4c24a719 collected $0.1 from pot
*** SUMMARY ***
Total pot $0.1 | Rake $0 | Jackpot $0 | Bingo $0 | Fortune $0
Seat 1: f11f0f73 (big blind) folded before Flop
Seat 2: Hero folded before Flop (didn't bet)
Seat 3: 22793581 folded before Flop (didn't bet)
Seat 4: 189d5a7d (button) folded before Flop (didn't bet)
Seat 6: 4c24a719 (small blind) collected ($0.1)


Poker Hand #HD1151763366: Hold'em No Limit  ($0.02/$0.05) - 2023/03/08 21:38:09
Table 'NLHBlue20' 6-max Seat #3 is the button
Seat 1: f11f0f73 ($4.12 in chips)
Seat 2: Hero ($14.67 in chips)
Seat 3: 22793581 ($5.24 in chips)
Seat 4: 189d5a7d ($5.05 in chips)
Seat 6: 4c24a719 ($9.3 in chips)
189d5a7d: posts small blind $0.02
4c24a719: posts big blind $0.05
*** HOLE CARDS ***
Dealt to f11f0f73 
Dealt to Hero [9c 9s]
Dealt to 22793581 
Dealt to 189d5a7d 
Dealt to 4c24a719 
f11f0f73: folds
Hero: raises $0.07 to $0.12
22793581: folds
189d5a7d: folds
4c24a719: folds
Uncalled bet ($0.07) returned to Hero
*** SHOWDOWN ***
Hero collected $0.12 from pot
*** SUMMARY ***
Total pot $0.12 | Rake $0 | Jackpot $0 | Bingo $0 | Fortune $0
Seat 1: f11f0f73 folded before Flop (didn't bet)
Seat 2: Hero collected ($0.12)
Seat 3: 22793581 (button) folded before Flop (didn't bet)
Seat 4: 189d5a7d (small blind) folded before Flop
Seat 6: 4c24a719 (big blind) folded before Flop


Poker Hand #HD1151763339: Hold'em No Limit  ($0.02/$0.05) - 2023/03/08 21:37:53
Table 'NLHBlue20' 6-max Seat #2 is the button
Seat 1: f11f0f73 ($4.12 in chips)
Seat 2: Hero ($14.6 in chips)
Seat 3: 22793581 ($5.26 in chips)
Seat 4: 189d5a7d ($5 in chips)
Seat 6: 4c24a719 ($9.3 in chips)
22793581: posts small blind $0.02
189d5a7d: posts big blind $0.05
*** HOLE CARDS ***
Dealt to f11f0f73 
Dealt to Hero [Ah Tc]
Dealt to 22793581 
Dealt to 189d5a7d 
Dealt to 4c24a719 
4c24a719: folds
f11f0f73: folds
Hero: raises $0.07 to $0.12
22793581: folds
189d5a7d: folds
Uncalled bet ($0.07) returned to Hero
*** SHOWDOWN ***
Hero collected $0.12 from pot
*** SUMMARY ***
Total pot $0.12 | Rake $0 | Jackpot $0 | Bingo $0 | Fortune $0
Seat 1: f11f0f73 folded before Flop (didn't bet)
Seat 2: Hero (button) collected ($0.12)
Seat 3: 22793581 (small blind) folded before Flop
Seat 4: 189d5a7d (big blind) folded before Flop
Seat 6: 4c24a719 folded before Flop (didn't bet)


Poker Hand #HD1151763307: Hold'em No Limit  ($0.02/$0.05) - 2023/03/08 21:37:39
Table 'NLHBlue20' 6-max Seat #1 is the button
Seat 1: f11f0f73 ($4.12 in chips)
Seat 2: Hero ($14.62 in chips)
Seat 3: 22793581 ($5.24 in chips)
Seat 4: 189d5a7d ($5 in chips)
Seat 6: 4c24a719 ($9.3 in chips)
Hero: posts small blind $0.02
22793581: posts big blind $0.05
*** HOLE CARDS ***
Dealt to f11f0f73 
Dealt to Hero [3d 8c]
Dealt to 22793581 
Dealt to 189d5a7d 
Dealt to 4c24a719 
189d5a7d: folds
4c24a719: folds
f11f0f73: folds
Hero: folds
Uncalled bet ($0.03) returned to 22793581
*** SHOWDOWN ***
22793581 collected $0.04 from pot
*** SUMMARY ***
Total pot $0.04 | Rake $0 | Jackpot $0 | Bingo $0 | Fortune $0
Seat 1: f11f0f73 (button) folded before Flop (didn't bet)
Seat 2: Hero (small blind) folded before Flop
Seat 3: 22793581 (big blind) collected ($0.04)
Seat 4: 189d5a7d folded before Flop (didn't bet)
Seat 6: 4c24a719 folded before Flop (didn't bet)


Poker Hand #HD1151763276: Hold'em No Limit  ($0.02/$0.05) - 2023/03/08 21:37:24
Table 'NLHBlue20' 6-max Seat #6 is the button
Seat 1: f11f0f73 ($4.14 in chips)
Seat 2: Hero ($14.67 in chips)
Seat 3: 22793581 ($5.24 in chips)
Seat 4: 189d5a7d ($5 in chips)
Seat 5: 5d487f9d ($4.93 in chips)
Seat 6: 4c24a719 ($9.3 in chips)
f11f0f73: posts small blind $0.02
Hero: posts big blind $0.05
*** HOLE CARDS ***
Dealt to f11f0f73 
Dealt to Hero [6s Qh]
Dealt to 22793581 
Dealt to 189d5a7d 
Dealt to 5d487f9d 
Dealt to 4c24a719 
22793581: folds
189d5a7d: folds
5d487f9d: raises $0.08 to $0.13
4c24a719: folds
f11f0f73: folds
Hero: folds
Uncalled bet ($0.08) returned to 5d487f9d
*** SHOWDOWN ***
5d487f9d collected $0.12 from pot
*** SUMMARY ***
Total pot $0.12 | Rake $0 | Jackpot $0 | Bingo $0 | Fortune $0
Seat 1: f11f0f73 (small blind) folded before Flop
Seat 2: Hero (big blind) folded before Flop
Seat 3: 22793581 folded before Flop (didn't bet)
Seat 4: 189d5a7d folded before Flop (didn't bet)
Seat 5: 5d487f9d collected ($0.12)
Seat 6: 4c24a719 (button) folded before Flop (didn't bet)


Poker Hand #HD1151763242: Hold'em No Limit  ($0.02/$0.05) - 2023/03/08 21:37:04
Table 'NLHBlue20' 6-max Seat #5 is the button
Seat 1: f11f0f73 ($4.12 in chips)
Seat 2: Hero ($14.67 in chips)
Seat 3: 22793581 ($5.24 in chips)
Seat 4: 189d5a7d ($5 in chips)
Seat 5: 5d487f9d ($4.93 in chips)
Seat 6: 4c24a719 ($9.32 in chips)
4c24a719: posts small blind $0.02
f11f0f73: posts big blind $0.05
*** HOLE CARDS ***
Dealt to f11f0f73 
Dealt to Hero [4s 7c]
Dealt to 22793581 
Dealt to 189d5a7d 
Dealt to 5d487f9d 
Dealt to 4c24a719 
Hero: folds
22793581: folds
189d5a7d: folds
5d487f9d: folds
4c24a719: folds
Uncalled bet ($0.03) returned to f11f0f73
*** SHOWDOWN ***
f11f0f73 collected $0.04 from pot
*** SUMMARY ***
Total pot $0.04 | Rake $0 | Jackpot $0 | Bingo $0 | Fortune $0
Seat 1: f11f0f73 (big blind) collected ($0.04)
Seat 2: Hero folded before Flop (didn't bet)
Seat 3: 22793581 folded before Flop (didn't bet)
Seat 4: 189d5a7d folded before Flop (didn't bet)
Seat 5: 5d487f9d (button) folded before Flop (didn't bet)
Seat 6: 4c24a719 (small blind) folded before Flop


Poker Hand #HD1151763160: Hold'em No Limit  ($0.02/$0.05) - 2023/03/08 21:36:20
Table 'NLHBlue20' 6-max Seat #4 is the button
Seat 1: f11f0f73 ($4.12 in chips)
Seat 2: Hero ($14.92 in chips)
Seat 3: 22793581 ($5.24 in chips)
Seat 4: 189d5a7d ($5 in chips)
Seat 5: 5d487f9d ($4.95 in chips)
Seat 6: 4c24a719 ($9.07 in chips)
5d487f9d: posts small blind $0.02
4c24a719: posts big blind $0.05
*** HOLE CARDS ***
Dealt to f11f0f73 
Dealt to Hero [Ah Qs]
Dealt to 22793581 
Dealt to 189d5a7d 
Dealt to 5d487f9d 
Dealt to 4c24a719 
f11f0f73: folds
Hero: raises $0.07 to $0.12
22793581: folds
189d5a7d: folds
5d487f9d: folds
4c24a719: calls $0.07
*** FLOP *** [9h Ks 8h]
4c24a719: checks
Hero: bets $0.13
4c24a719: raises $0.27 to $0.4
Hero: folds
Uncalled bet ($0.27) returned to 4c24a719
*** SHOWDOWN ***
4c24a719 collected $0.5 from pot
*** SUMMARY ***
Total pot $0.52 | Rake $0.02 | Jackpot $0 | Bingo $0 | Fortune $0
Board [9h Ks 8h]
Seat 1: f11f0f73 folded before Flop (didn't bet)
Seat 2: Hero folded on the Flop
Seat 3: 22793581 folded before Flop (didn't bet)
Seat 4: 189d5a7d (button) folded before Flop (didn't bet)
Seat 5: 5d487f9d (small blind) folded before Flop
Seat 6: 4c24a719 (big blind) won ($0.5)


Poker Hand #HD1151763114: Hold'em No Limit  ($0.02/$0.05) - 2023/03/08 21:35:52
Table 'NLHBlue20' 6-max Seat #3 is the button
Seat 1: f11f0f73 ($4.12 in chips)
Seat 2: Hero ($14.92 in chips)
Seat 3: 22793581 ($5.05 in chips)
Seat 4: 189d5a7d ($5 in chips)
Seat 5: 5d487f9d ($5 in chips)
Seat 6: 4c24a719 ($9.2 in chips)
189d5a7d: posts small blind $0.02
5d487f9d: posts big blind $0.05
*** HOLE CARDS ***
Dealt to f11f0f73 
Dealt to Hero [3c 5d]
Dealt to 22793581 
Dealt to 189d5a7d 
Dealt to 5d487f9d 
Dealt to 4c24a719 
4c24a719: raises $0.08 to $0.13
f11f0f73: folds
Hero: folds
22793581: raises $0.25 to $0.38
189d5a7d: folds
5d487f9d: folds
4c24a719: folds
Uncalled bet ($0.25) returned to 22793581
*** SHOWDOWN ***
22793581 collected $0.32 from pot
*** SUMMARY ***
Total pot $0.33 | Rake $0.01 | Jackpot $0 | Bingo $0 | Fortune $0
Seat 1: f11f0f73 folded before Flop (didn't bet)
Seat 2: Hero folded before Flop (didn't bet)
Seat 3: 22793581 (button) collected ($0.32)
Seat 4: 189d5a7d (small blind) folded before Flop
Seat 5: 5d487f9d (big blind) folded before Flop
Seat 6: 4c24a719 folded before Flop


Poker Hand #HD1151763098: Hold'em No Limit  ($0.02/$0.05) - 2023/03/08 21:35:43
Table 'NLHBlue20' 6-max Seat #2 is the button
Seat 1: f11f0f73 ($4.12 in chips)
Seat 2: Hero ($14.92 in chips)
Seat 3: 22793581 ($5 in chips)
Seat 4: 189d5a7d ($5 in chips)
Seat 5: 5d487f9d ($5 in chips)
Seat 6: 4c24a719 ($9.2 in chips)
22793581: posts small blind $0.02
189d5a7d: posts big blind $0.05
*** HOLE CARDS ***
Dealt to f11f0f73 
Dealt to Hero [5h Ks]
Dealt to 22793581 
Dealt to 189d5a7d 
Dealt to 5d487f9d 
Dealt to 4c24a719 
5d487f9d: folds
4c24a719: folds
f11f0f73: folds
Hero: folds
22793581: raises $0.1 to $0.15
189d5a7d: folds
Uncalled bet ($0.1) returned to 22793581
*** SHOWDOWN ***
22793581 collected $0.1 from pot
*** SUMMARY ***
Total pot $0.1 | Rake $0 | Jackpot $0 | Bingo $0 | Fortune $0
Seat 1: f11f0f73 folded before Flop (didn't bet)
Seat 2: Hero (button) folded before Flop (didn't bet)
Seat 3: 22793581 (small blind) collected ($0.1)
Seat 4: 189d5a7d (big blind) folded before Flop
Seat 5: 5d487f9d folded before Flop (didn't bet)
Seat 6: 4c24a719 folded before Flop (didn't bet)


Poker Hand #HD1151763008: Hold'em No Limit  ($0.02/$0.05) - 2023/03/08 21:34:54
Table 'NLHBlue20' 6-max Seat #1 is the button
Seat 1: f11f0f73 ($3.65 in chips)
Seat 2: Hero ($14.94 in chips)
Seat 3: 22793581 ($5.08 in chips)
Seat 4: 189d5a7d ($5 in chips)
Seat 5: 5d487f9d ($5 in chips)
Seat 6: 4c24a719 ($9.2 in chips)
Hero: posts small blind $0.02
22793581: posts big blind $0.05
*** HOLE CARDS ***
Dealt to f11f0f73 
Dealt to Hero [Qd Jc]
Dealt to 22793581 
Dealt to 189d5a7d 
Dealt to 5d487f9d 
Dealt to 4c24a719 
189d5a7d: folds
5d487f9d: folds
4c24a719: folds
f11f0f73: raises $0.08 to $0.13
Hero: folds
22793581: calls $0.08
*** FLOP *** [2c 3d 7s]
22793581: checks
f11f0f73: checks
*** TURN *** [2c 3d 7s] [Td]
22793581: bets $0.37
f11f0f73: calls $0.37
*** RIVER *** [2c 3d 7s Td] [8h]
22793581: checks
f11f0f73: bets $0.57
22793581: folds
Uncalled bet ($0.57) returned to f11f0f73
*** SHOWDOWN ***
f11f0f73 collected $0.97 from pot
*** SUMMARY ***
Total pot $1.02 | Rake $0.05 | Jackpot $0 | Bingo $0 | Fortune $0
Board [2c 3d 7s Td 8h]
Seat 1: f11f0f73 (button) won ($0.97)
Seat 2: Hero (small blind) folded before Flop
Seat 3: 22793581 (big blind) folded on the River
Seat 4: 189d5a7d folded before Flop (didn't bet)
Seat 5: 5d487f9d folded before Flop (didn't bet)
Seat 6: 4c24a719 folded before Flop (didn't bet)


Poker Hand #HD1151762961: Hold'em No Limit  ($0.02/$0.05) - 2023/03/08 21:34:28
Table 'NLHBlue20' 6-max Seat #6 is the button
Seat 1: f11f0f73 ($3.67 in chips)
Seat 2: Hero ($14.99 in chips)
Seat 3: 22793581 ($5.08 in chips)
Seat 4: 189d5a7d ($5 in chips)
Seat 5: 5d487f9d ($4.93 in chips)
Seat 6: 4c24a719 ($9.2 in chips)
f11f0f73: posts small blind $0.02
Hero: posts big blind $0.05
*** HOLE CARDS ***
Dealt to f11f0f73 
Dealt to Hero [8h Kd]
Dealt to 22793581 
Dealt to 189d5a7d 
Dealt to 5d487f9d 
Dealt to 4c24a719 
22793581: folds
189d5a7d: folds
5d487f9d: raises $0.08 to $0.13
4c24a719: folds
f11f0f73: folds
Hero: folds
Uncalled bet ($0.08) returned to 5d487f9d
*** SHOWDOWN ***
5d487f9d collected $0.12 from pot
*** SUMMARY ***
Total pot $0.12 | Rake $0 | Jackpot $0 | Bingo $0 | Fortune $0
Seat 1: f11f0f73 (small blind) folded before Flop
Seat 2: Hero (big blind) folded before Flop
Seat 3: 22793581 folded before Flop (didn't bet)
Seat 4: 189d5a7d folded before Flop (didn't bet)
Seat 5: 5d487f9d collected ($0.12)
Seat 6: 4c24a719 (button) folded before Flop (didn't bet)


Poker Hand #HD1151762894: Hold'em No Limit  ($0.02/$0.05) - 2023/03/08 21:33:52
Table 'NLHBlue20' 6-max Seat #5 is the button
Seat 1: f11f0f73 ($3.72 in chips)
Seat 2: Hero ($14.99 in chips)
Seat 3: 22793581 ($5.08 in chips)
Seat 4: 189d5a7d ($5 in chips)
Seat 5: 5d487f9d ($4.93 in chips)
Seat 6: 4c24a719 ($9.15 in chips)
4c24a719: posts small blind $0.02
f11f0f73: posts big blind $0.05
*** HOLE CARDS ***
Dealt to f11f0f73 
Dealt to Hero [2h 4d]
Dealt to 22793581 
Dealt to 189d5a7d 
Dealt to 5d487f9d 
Dealt to 4c24a719 
Hero: folds
22793581: folds
189d5a7d: folds
5d487f9d: folds
4c24a719: raises $0.1 to $0.15
f11f0f73: folds
Uncalled bet ($0.1) returned to 4c24a719
*** SHOWDOWN ***
4c24a719 collected $0.1 from pot
*** SUMMARY ***
Total pot $0.1 | Rake $0 | Jackpot $0 | Bingo $0 | Fortune $0
Seat 1: f11f0f73 (big blind) folded before Flop
Seat 2: Hero folded before Flop (didn't bet)
Seat 3: 22793581 folded before Flop (didn't bet)
Seat 4: 189d5a7d folded before Flop (didn't bet)
Seat 5: 5d487f9d (button) folded before Flop (didn't bet)
Seat 6: 4c24a719 (small blind) collected ($0.1)


Poker Hand #HD1151762804: Hold'em No Limit  ($0.02/$0.05) - 2023/03/08 21:32:57
Table 'NLHBlue20' 6-max Seat #4 is the button
Seat 1: f11f0f73 ($3.72 in chips)
Seat 2: Hero ($14.99 in chips)
Seat 3: 22793581 ($5.29 in chips)
Seat 4: 189d5a7d ($5 in chips)
Seat 5: 5d487f9d ($4.95 in chips)
Seat 6: 4c24a719 ($8.94 in chips)
5d487f9d: posts small blind $0.02
4c24a719: posts big blind $0.05
*** HOLE CARDS ***
Dealt to f11f0f73 
Dealt to Hero [8d Jd]
Dealt to 22793581 
Dealt to 189d5a7d 
Dealt to 5d487f9d 
Dealt to 4c24a719 
f11f0f73: folds
Hero: folds
22793581: raises $0.07 to $0.12
189d5a7d: folds
5d487f9d: folds
4c24a719: calls $0.07
*** FLOP *** [4d Ts 3c]
4c24a719: checks
22793581: bets $0.09
4c24a719: calls $0.09
*** TURN *** [4d Ts 3c] [2d]
4c24a719: checks
22793581: checks
*** RIVER *** [4d Ts 3c 2d] [3d]
4c24a719: bets $0.22
22793581: folds
Uncalled bet ($0.22) returned to 4c24a719
*** SHOWDOWN ***
4c24a719 collected $0.42 from pot
*** SUMMARY ***
Total pot $0.44 | Rake $0.02 | Jackpot $0 | Bingo $0 | Fortune $0
Board [4d Ts 3c 2d 3d]
Seat 1: f11f0f73 folded before Flop (didn't bet)
Seat 2: Hero folded before Flop (didn't bet)
Seat 3: 22793581 folded on the River
Seat 4: 189d5a7d (button) folded before Flop (didn't bet)
Seat 5: 5d487f9d (small blind) folded before Flop
Seat 6: 4c24a719 (big blind) won ($0.42)


Poker Hand #HD1151762775: Hold'em No Limit  ($0.02/$0.05) - 2023/03/08 21:32:43
Table 'NLHBlue20' 6-max Seat #3 is the button
Seat 1: f11f0f73 ($3.72 in chips)
Seat 2: Hero ($14.99 in chips)
Seat 3: 22793581 ($5.29 in chips)
Seat 4: 189d5a7d ($5.02 in chips)
Seat 5: 5d487f9d ($4.93 in chips)
Seat 6: 4c24a719 ($8.94 in chips)
189d5a7d: posts small blind $0.02
5d487f9d: posts big blind $0.05
*** HOLE CARDS ***
Dealt to f11f0f73 
Dealt to Hero [As 4c]
Dealt to 22793581 
Dealt to 189d5a7d 
Dealt to 5d487f9d 
Dealt to 4c24a719 
4c24a719: folds
f11f0f73: folds
Hero: folds
22793581: folds
189d5a7d: folds
Uncalled bet ($0.03) returned to 5d487f9d
*** SHOWDOWN ***
5d487f9d collected $0.04 from pot
*** SUMMARY ***
Total pot $0.04 | Rake $0 | Jackpot $0 | Bingo $0 | Fortune $0
Seat 1: f11f0f73 folded before Flop (didn't bet)
Seat 2: Hero folded before Flop (didn't bet)
Seat 3: 22793581 (button) folded before Flop (didn't bet)
Seat 4: 189d5a7d (small blind) folded before Flop
Seat 5: 5d487f9d (big blind) collected ($0.04)
Seat 6: 4c24a719 folded before Flop (didn't bet)


Poker Hand #HD1151762765: Hold'em No Limit  ($0.02/$0.05) - 2023/03/08 21:32:33
Table 'NLHBlue20' 6-max Seat #2 is the button
Seat 1: f11f0f73 ($3.72 in chips)
Seat 2: Hero ($14.99 in chips)
Seat 3: 22793581 ($5.31 in chips)
Seat 4: 189d5a7d ($5 in chips)
Seat 5: 5d487f9d ($4.93 in chips)
Seat 6: 4c24a719 ($8.94 in chips)
22793581: posts small blind $0.02
189d5a7d: posts big blind $0.05
*** HOLE CARDS ***
Dealt to f11f0f73 
Dealt to Hero [5s 6c]
Dealt to 22793581 
Dealt to 189d5a7d 
Dealt to 5d487f9d 
Dealt to 4c24a719 
5d487f9d: folds
4c24a719: folds
f11f0f73: folds
Hero: folds
22793581: folds
Uncalled bet ($0.03) returned to 189d5a7d
*** SHOWDOWN ***
189d5a7d collected $0.04 from pot
*** SUMMARY ***
Total pot $0.04 | Rake $0 | Jackpot $0 | Bingo $0 | Fortune $0
Seat 1: f11f0f73 folded before Flop (didn't bet)
Seat 2: Hero (button) folded before Flop (didn't bet)
Seat 3: 22793581 (small blind) folded before Flop
Seat 4: 189d5a7d (big blind) collected ($0.04)
Seat 5: 5d487f9d folded before Flop (didn't bet)
Seat 6: 4c24a719 folded before Flop (didn't bet)


Poker Hand #HD1151762711: Hold'em No Limit  ($0.02/$0.05) - 2023/03/08 21:32:02
Table 'NLHBlue20' 6-max Seat #1 is the button
Seat 1: f11f0f73 ($3.72 in chips)
Seat 2: Hero ($15.01 in chips)
Seat 3: 22793581 ($5.36 in chips)
Seat 4: 189d5a7d ($5 in chips)
Seat 5: 5d487f9d ($4.93 in chips)
Seat 6: 4c24a719 ($8.87 in chips)
Hero: posts small blind $0.02
22793581: posts big blind $0.05
*** HOLE CARDS ***
Dealt to f11f0f73 
Dealt to Hero [Ac 2s]
Dealt to 22793581 
Dealt to 189d5a7d 
Dealt to 5d487f9d 
Dealt to 4c24a719 
189d5a7d: folds
5d487f9d: folds
4c24a719: raises $0.08 to $0.13
f11f0f73: folds
Hero: folds
22793581: folds
Uncalled bet ($0.08) returned to 4c24a719
*** SHOWDOWN ***
4c24a719 collected $0.12 from pot
*** SUMMARY ***
Total pot $0.12 | Rake $0 | Jackpot $0 | Bingo $0 | Fortune $0
Seat 1: f11f0f73 (button) folded before Flop (didn't bet)
Seat 2: Hero (small blind) folded before Flop
Seat 3: 22793581 (big blind) folded before Flop
Seat 4: 189d5a7d folded before Flop (didn't bet)
Seat 5: 5d487f9d folded before Flop (didn't bet)
Seat 6: 4c24a719 collected ($0.12)


Poker Hand #HD1151762634: Hold'em No Limit  ($0.02/$0.05) - 2023/03/08 21:31:14
Table 'NLHBlue20' 6-max Seat #6 is the button
Seat 1: f11f0f73 ($4.06 in chips)
Seat 2: Hero ($15.06 in chips)
Seat 3: 22793581 ($5 in chips)
Seat 4: 189d5a7d ($5 in chips)
Seat 5: 5d487f9d ($4.93 in chips)
Seat 6: 4c24a719 ($8.87 in chips)
f11f0f73: posts small blind $0.02
Hero: posts big blind $0.05
*** HOLE CARDS ***
Dealt to f11f0f73 
Dealt to Hero [Kc 5s]
Dealt to 22793581 
Dealt to 189d5a7d 
Dealt to 5d487f9d 
Dealt to 4c24a719 
22793581: raises $0.07 to $0.12
189d5a7d: folds
5d487f9d: folds
4c24a719: folds
f11f0f73: calls $0.1
Hero: folds
*** FLOP *** [6s 8h As]
f11f0f73: checks
22793581: bets $0.22
f11f0f73: calls $0.22
*** TURN *** [6s 8h As] [Qs]
f11f0f73: checks
22793581: checks
*** RIVER *** [6s 8h As Qs] [7s]
f11f0f73: checks
22793581: checks
f11f0f73: shows [4d 4h] (Pair of Fours)
22793581: shows [9d Ad] (Pair of Aces)
*** SHOWDOWN ***
22793581 collected $0.7 from pot
*** SUMMARY ***
Total pot $0.73 | Rake $0.03 | Jackpot $0 | Bingo $0 | Fortune $0
Board [6s 8h As Qs 7s]
Seat 1: f11f0f73 (small blind) showed [4d 4h] and lost with Pair of Fours
Seat 2: Hero (big blind) folded before Flop
Seat 3: 22793581 showed [9d Ad] and won ($0.7) with Pair of Aces
Seat 4: 189d5a7d folded before Flop (didn't bet)
Seat 5: 5d487f9d folded before Flop (didn't bet)
Seat 6: 4c24a719 (button) folded before Flop (didn't bet)


Poker Hand #HD1151762542: Hold'em No Limit  ($0.02/$0.05) - 2023/03/08 21:30:22
Table 'NLHBlue20' 6-max Seat #5 is the button
Seat 1: f11f0f73 ($3.85 in chips)
Seat 2: Hero ($15.06 in chips)
Seat 3: 22793581 ($5.09 in chips)
Seat 4: 189d5a7d ($5 in chips)
Seat 5: 5d487f9d ($4.93 in chips)
Seat 6: 4c24a719 ($8.89 in chips)
4c24a719: posts small blind $0.02
f11f0f73: posts big blind $0.05
*** HOLE CARDS ***
Dealt to f11f0f73 
Dealt to Hero [Js Qh]
Dealt to 22793581 
Dealt to 189d5a7d 
Dealt to 5d487f9d 
Dealt to 4c24a719 
Hero: folds
22793581: raises $0.07 to $0.12
189d5a7d: folds
5d487f9d: folds
4c24a719: folds
f11f0f73: calls $0.07
*** FLOP *** [Qs Jh 2h]
f11f0f73: checks
22793581: bets $0.09
f11f0f73: calls $0.09
*** TURN *** [Qs Jh 2h] [9h]
f11f0f73: checks
22793581: checks
*** RIVER *** [Qs Jh 2h 9h] [7c]
f11f0f73: bets $0.44
22793581: folds
Uncalled bet ($0.44) returned to f11f0f73
*** SHOWDOWN ***
f11f0f73 collected $0.42 from pot
*** SUMMARY ***
Total pot $0.44 | Rake $0.02 | Jackpot $0 | Bingo $0 | Fortune $0
Board [Qs Jh 2h 9h 7c]
Seat 1: f11f0f73 (big blind) won ($0.42)
Seat 2: Hero folded before Flop (didn't bet)
Seat 3: 22793581 folded on the River
Seat 4: 189d5a7d folded before Flop (didn't bet)
Seat 5: 5d487f9d (button) folded before Flop (didn't bet)
Seat 6: 4c24a719 (small blind) folded before Flop


Poker Hand #HD1151762512: Hold'em No Limit  ($0.02/$0.05) - 2023/03/08 21:30:05
Table 'NLHBlue20' 6-max Seat #4 is the button
Seat 1: f11f0f73 ($3.85 in chips)
Seat 2: Hero ($15.06 in chips)
Seat 3: 22793581 ($5.09 in chips)
Seat 4: 189d5a7d ($5 in chips)
Seat 5: 5d487f9d ($4.95 in chips)
Seat 6: 4c24a719 ($8.87 in chips)
5d487f9d: posts small blind $0.02
4c24a719: posts big blind $0.05
*** HOLE CARDS ***
Dealt to f11f0f73 
Dealt to Hero [8c 5s]
Dealt to 22793581 
Dealt to 189d5a7d 
Dealt to 5d487f9d 
Dealt to 4c24a719 
f11f0f73: folds
Hero: folds
22793581: folds
189d5a7d: folds
5d487f9d: folds
Uncalled bet ($0.03) returned to 4c24a719
*** SHOWDOWN ***
4c24a719 collected $0.04 from pot
*** SUMMARY ***
Total pot $0.04 | Rake $0 | Jackpot $0 | Bingo $0 | Fortune $0
Seat 1: f11f0f73 folded before Flop (didn't bet)
Seat 2: Hero folded before Flop (didn't bet)
Seat 3: 22793581 folded before Flop (didn't bet)
Seat 4: 189d5a7d (button) folded before Flop (didn't bet)
Seat 5: 5d487f9d (small blind) folded before Flop
Seat 6: 4c24a719 (big blind) collected ($0.04)


Poker Hand #HD1151762409: Hold'em No Limit  ($0.02/$0.05) - 2023/03/08 21:29:06
Table 'NLHBlue20' 6-max Seat #3 is the button
Seat 1: f11f0f73 ($3.85 in chips)
Seat 2: Hero ($15.06 in chips)
Seat 3: 22793581 ($5.09 in chips)
Seat 4: 189d5a7d ($5.13 in chips)
Seat 5: 5d487f9d ($5 in chips)
Seat 6: 4c24a719 ($8.56 in chips)
189d5a7d: posts small blind $0.02
5d487f9d: posts big blind $0.05
*** HOLE CARDS ***
Dealt to f11f0f73 
Dealt to Hero [4h 7c]
Dealt to 22793581 
Dealt to 189d5a7d 
Dealt to 5d487f9d 
Dealt to 4c24a719 
4c24a719: raises $0.08 to $0.13
f11f0f73: folds
Hero: folds
22793581: folds
189d5a7d: calls $0.11
5d487f9d: folds
*** FLOP *** [2s 9h 5h]
189d5a7d: checks
4c24a719: checks
*** TURN *** [2s 9h 5h] [Th]
189d5a7d: checks
4c24a719: bets $0.16
189d5a7d: calls $0.16
*** RIVER *** [2s 9h 5h Th] [9c]
189d5a7d: checks
4c24a719: bets $0.48
189d5a7d: folds
Uncalled bet ($0.48) returned to 4c24a719
*** SHOWDOWN ***
4c24a719 collected $0.6 from pot
*** SUMMARY ***
Total pot $0.63 | Rake $0.03 | Jackpot $0 | Bingo $0 | Fortune $0
Board [2s 9h 5h Th 9c]
Seat 1: f11f0f73 folded before Flop (didn't bet)
Seat 2: Hero folded before Flop (didn't bet)
Seat 3: 22793581 (button) folded before Flop (didn't bet)
Seat 4: 189d5a7d (small blind) folded on the River
Seat 5: 5d487f9d (big blind) folded before Flop
Seat 6: 4c24a719 won ($0.6)


Poker Hand #HD1151762338: Hold'em No Limit  ($0.02/$0.05) - 2023/03/08 21:28:39
Table 'NLHBlue20' 6-max Seat #2 is the button
Seat 1: f11f0f73 ($3.85 in chips)
Seat 2: Hero ($14.99 in chips)
Seat 3: 22793581 ($5.11 in chips)
Seat 4: 189d5a7d ($5.18 in chips)
Seat 5: 5d487f9d ($5 in chips)
Seat 6: 4c24a719 ($8.56 in chips)
22793581: posts small blind $0.02
189d5a7d: posts big blind $0.05
*** HOLE CARDS ***
Dealt to f11f0f73 
Dealt to Hero [2c 2d]
Dealt to 22793581 
Dealt to 189d5a7d 
Dealt to 5d487f9d 
Dealt to 4c24a719 
5d487f9d: folds
4c24a719: folds
f11f0f73: folds
Hero: raises $0.07 to $0.12
22793581: folds
189d5a7d: folds
Uncalled bet ($0.07) returned to Hero
*** SHOWDOWN ***
Hero collected $0.12 from pot
*** SUMMARY ***
Total pot $0.12 | Rake $0 | Jackpot $0 | Bingo $0 | Fortune $0
Seat 1: f11f0f73 folded before Flop (didn't bet)
Seat 2: Hero (button) collected ($0.12)
Seat 3: 22793581 (small blind) folded before Flop
Seat 4: 189d5a7d (big blind) folded before Flop
Seat 5: 5d487f9d folded before Flop (didn't bet)
Seat 6: 4c24a719 folded before Flop (didn't bet)


Poker Hand #HD1151762310: Hold'em No Limit  ($0.02/$0.05) - 2023/03/08 21:28:21
Table 'NLHBlue20' 6-max Seat #1 is the button
Seat 1: f11f0f73 ($3.85 in chips)
Seat 2: Hero ($15.01 in chips)
Seat 3: 22793581 ($5.09 in chips)
Seat 4: 189d5a7d ($5.18 in chips)
Seat 5: 5d487f9d ($5 in chips)
Seat 6: 4c24a719 ($8.56 in chips)
Hero: posts small blind $0.02
22793581: posts big blind $0.05
*** HOLE CARDS ***
Dealt to f11f0f73 
Dealt to Hero [5s 4c]
Dealt to 22793581 
Dealt to 189d5a7d 
Dealt to 5d487f9d 
Dealt to 4c24a719 
189d5a7d: folds
5d487f9d: folds
4c24a719: folds
f11f0f73: folds
Hero: folds
Uncalled bet ($0.03) returned to 22793581
*** SHOWDOWN ***
22793581 collected $0.04 from pot
*** SUMMARY ***
Total pot $0.04 | Rake $0 | Jackpot $0 | Bingo $0 | Fortune $0
Seat 1: f11f0f73 (button) folded before Flop (didn't bet)
Seat 2: Hero (small blind) folded before Flop
Seat 3: 22793581 (big blind) collected ($0.04)
Seat 4: 189d5a7d folded before Flop (didn't bet)
Seat 5: 5d487f9d folded before Flop (didn't bet)
Seat 6: 4c24a719 folded before Flop (didn't bet)


Poker Hand #HD1151762255: Hold'em No Limit  ($0.02/$0.05) - 2023/03/08 21:27:51
Table 'NLHBlue20' 6-max Seat #6 is the button
Seat 1: f11f0f73 ($3.87 in chips)
Seat 2: Hero ($15.06 in chips)
Seat 3: 22793581 ($5.21 in chips)
Seat 4: 189d5a7d ($5 in chips)
Seat 5: 5d487f9d ($5 in chips)
Seat 6: 4c24a719 ($8.56 in chips)
f11f0f73: posts small blind $0.02
Hero: posts big blind $0.05
*** HOLE CARDS ***
Dealt to f11f0f73 
Dealt to Hero [Kh 2c]
Dealt to 22793581 
Dealt to 189d5a7d 
Dealt to 5d487f9d 
Dealt to 4c24a719 
22793581: raises $0.07 to $0.12
189d5a7d: calls $0.12
5d487f9d: folds
4c24a719: folds
f11f0f73: folds
Hero: folds
*** FLOP *** [6d 4s 7c]
22793581: checks
189d5a7d: bets $0.16
22793581: folds
Uncalled bet ($0.16) returned to 189d5a7d
*** SHOWDOWN ***
189d5a7d collected $0.3 from pot
*** SUMMARY ***
Total pot $0.31 | Rake $0.01 | Jackpot $0 | Bingo $0 | Fortune $0
Board [6d 4s 7c]
Seat 1: f11f0f73 (small blind) folded before Flop
Seat 2: Hero (big blind) folded before Flop
Seat 3: 22793581 folded on the Flop
Seat 4: 189d5a7d won ($0.3)
Seat 5: 5d487f9d folded before Flop (didn't bet)
Seat 6: 4c24a719 (button) folded before Flop (didn't bet)


Poker Hand #HD1151762156: Hold'em No Limit  ($0.02/$0.05) - 2023/03/08 21:26:51
Table 'NLHBlue20' 6-max Seat #5 is the button
Seat 1: f11f0f73 ($3.73 in chips)
Seat 2: Hero ($15.06 in chips)
Seat 3: 22793581 ($5.21 in chips)
Seat 4: 189d5a7d ($5.02 in chips)
Seat 5: 5d487f9d ($5 in chips)
Seat 6: 4c24a719 ($8.58 in chips)
4c24a719: posts small blind $0.02
f11f0f73: posts big blind $0.05
*** HOLE CARDS ***
Dealt to f11f0f73 
Dealt to Hero [Jc 6s]
Dealt to 22793581 
Dealt to 189d5a7d 
Dealt to 5d487f9d 
Dealt to 4c24a719 
Hero: folds
22793581: folds
189d5a7d: raises $0.08 to $0.13
5d487f9d: folds
4c24a719: folds
f11f0f73: calls $0.08
*** FLOP *** [As Kc 8s]
f11f0f73: checks
189d5a7d: checks
*** TURN *** [As Kc 8s] [8c]
f11f0f73: bets $0.16
189d5a7d: folds
Uncalled bet ($0.16) returned to f11f0f73
*** SHOWDOWN ***
f11f0f73 collected $0.27 from pot
*** SUMMARY ***
Total pot $0.28 | Rake $0.01 | Jackpot $0 | Bingo $0 | Fortune $0
Board [As Kc 8s 8c]
Seat 1: f11f0f73 (big blind) won ($0.27)
Seat 2: Hero folded before Flop (didn't bet)
Seat 3: 22793581 folded before Flop (didn't bet)
Seat 4: 189d5a7d folded on the Turn
Seat 5: 5d487f9d (button) folded before Flop (didn't bet)
Seat 6: 4c24a719 (small blind) folded before Flop


Poker Hand #HD1151762136: Hold'em No Limit  ($0.02/$0.05) - 2023/03/08 21:26:39
Table 'NLHBlue20' 6-max Seat #4 is the button
Seat 1: f11f0f73 ($3.73 in chips)
Seat 2: Hero ($15.06 in chips)
Seat 3: 22793581 ($5.21 in chips)
Seat 4: 189d5a7d ($5.02 in chips)
Seat 5: 5d487f9d ($0.48 in chips)
Seat 6: 4c24a719 ($8.56 in chips)
5d487f9d: posts small blind $0.02
4c24a719: posts big blind $0.05
*** HOLE CARDS ***
Dealt to f11f0f73 
Dealt to Hero [9h Ks]
Dealt to 22793581 
Dealt to 189d5a7d 
Dealt to 5d487f9d 
Dealt to 4c24a719 
f11f0f73: folds
Hero: folds
22793581: folds
189d5a7d: folds
5d487f9d: folds
Uncalled bet ($0.03) returned to 4c24a719
*** SHOWDOWN ***
4c24a719 collected $0.04 from pot
*** SUMMARY ***
Total pot $0.04 | Rake $0 | Jackpot $0 | Bingo $0 | Fortune $0
Seat 1: f11f0f73 folded before Flop (didn't bet)
Seat 2: Hero folded before Flop (didn't bet)
Seat 3: 22793581 folded before Flop (didn't bet)
Seat 4: 189d5a7d (button) folded before Flop (didn't bet)
Seat 5: 5d487f9d (small blind) folded before Flop
Seat 6: 4c24a719 (big blind) collected ($0.04)


Poker Hand #HD1151761950: Hold'em No Limit  ($0.02/$0.05) - 2023/03/08 21:25:02
Table 'NLHBlue20' 6-max Seat #3 is the button
Seat 1: f11f0f73 ($3.73 in chips)
Seat 2: Hero ($15.06 in chips)
Seat 3: 22793581 ($5.21 in chips)
Seat 4: 189d5a7d ($5.04 in chips)
Seat 5: 5d487f9d ($5 in chips)
Seat 6: 4c24a719 ($4.52 in chips)
189d5a7d: posts small blind $0.02
5d487f9d: posts big blind $0.05
*** HOLE CARDS ***
Dealt to f11f0f73 
Dealt to Hero [6d Qd]
Dealt to 22793581 
Dealt to 189d5a7d 
Dealt to 5d487f9d 
Dealt to 4c24a719 
4c24a719: raises $0.08 to $0.13
f11f0f73: folds
Hero: folds
22793581: folds
189d5a7d: folds
5d487f9d: raises $0.27 to $0.4
4c24a719: calls $0.27
*** FLOP *** [Kh 9d 5h]
5d487f9d: bets $0.28
4c24a719: calls $0.28
*** TURN *** [Kh 9d 5h] [7d]
5d487f9d: bets $1.05
4c24a719: calls $1.05
*** RIVER *** [Kh 9d 5h 7d] [Ks]
5d487f9d: bets $3.27 and is all-in
4c24a719: calls $2.79 and is all-in
Uncalled bet ($0.48) returned to 5d487f9d
5d487f9d: shows [Qh As] (Pair of Kings)
4c24a719: shows [Kc Qc] (Three Kings)
*** SHOWDOWN ***
4c24a719 collected $8.56 from pot
*** SUMMARY ***
Total pot $9.06 | Rake $0.45 | Jackpot $0.05 | Bingo $0 | Fortune $0
Board [Kh 9d 5h 7d Ks]
Seat 1: f11f0f73 folded before Flop (didn't bet)
Seat 2: Hero folded before Flop (didn't bet)
Seat 3: 22793581 (button) folded before Flop (didn't bet)
Seat 4: 189d5a7d (small blind) folded before Flop
Seat 5: 5d487f9d (big blind) showed [Qh As] and lost with Pair of Kings
Seat 6: 4c24a719 showed [Kc Qc] and won ($8.56) with Three Kings


Poker Hand #HD1151761913: Hold'em No Limit  ($0.02/$0.05) - 2023/03/08 21:24:46
Table 'NLHBlue20' 6-max Seat #2 is the button
Seat 1: f11f0f73 ($3.73 in chips)
Seat 2: Hero ($15.06 in chips)
Seat 3: 22793581 ($5.23 in chips)
Seat 4: 189d5a7d ($5.09 in chips)
Seat 6: 4c24a719 ($4.45 in chips)
22793581: posts small blind $0.02
189d5a7d: posts big blind $0.05
*** HOLE CARDS ***
Dealt to f11f0f73 
Dealt to Hero [3d 9s]
Dealt to 22793581 
Dealt to 189d5a7d 
Dealt to 4c24a719 
4c24a719: raises $0.08 to $0.13
f11f0f73: folds
Hero: folds
22793581: folds
189d5a7d: folds
Uncalled bet ($0.08) returned to 4c24a719
*** SHOWDOWN ***
4c24a719 collected $0.12 from pot
*** SUMMARY ***
Total pot $0.12 | Rake $0 | Jackpot $0 | Bingo $0 | Fortune $0
Seat 1: f11f0f73 folded before Flop (didn't bet)
Seat 2: Hero (button) folded before Flop (didn't bet)
Seat 3: 22793581 (small blind) folded before Flop
Seat 4: 189d5a7d (big blind) folded before Flop
Seat 6: 4c24a719 collected ($0.12)


Poker Hand #HD1151761882: Hold'em No Limit  ($0.02/$0.05) - 2023/03/08 21:24:29
Table 'NLHBlue20' 6-max Seat #1 is the button
Seat 1: f11f0f73 ($3.66 in chips)
Seat 2: Hero ($15.08 in chips)
Seat 3: 22793581 ($5.28 in chips)
Seat 4: 189d5a7d ($5.09 in chips)
Seat 6: 4c24a719 ($4.45 in chips)
Hero: posts small blind $0.02
22793581: posts big blind $0.05
*** HOLE CARDS ***
Dealt to f11f0f73 
Dealt to Hero [5c Qs]
Dealt to 22793581 
Dealt to 189d5a7d 
Dealt to 4c24a719 
189d5a7d: folds
4c24a719: folds
f11f0f73: raises $0.08 to $0.13
Hero: folds
22793581: folds
Uncalled bet ($0.08) returned to f11f0f73
*** SHOWDOWN ***
f11f0f73 collected $0.12 from pot
*** SUMMARY ***
Total pot $0.12 | Rake $0 | Jackpot $0 | Bingo $0 | Fortune $0
Seat 1: f11f0f73 (button) collected ($0.12)
Seat 2: Hero (small blind) folded before Flop
Seat 3: 22793581 (big blind) folded before Flop
Seat 4: 189d5a7d folded before Flop (didn't bet)
Seat 6: 4c24a719 folded before Flop (didn't bet)


Poker Hand #HD1151761803: Hold'em No Limit  ($0.02/$0.05) - 2023/03/08 21:23:44
Table 'NLHBlue20' 6-max Seat #6 is the button
Seat 1: f11f0f73 ($3.88 in chips)
Seat 2: Hero ($15.13 in chips)
Seat 3: 22793581 ($5.03 in chips)
Seat 4: 189d5a7d ($5.09 in chips)
Seat 6: 4c24a719 ($4.45 in chips)
f11f0f73: posts small blind $0.02
Hero: posts big blind $0.05
*** HOLE CARDS ***
Dealt to f11f0f73 
Dealt to Hero [4s 9c]
Dealt to 22793581 
Dealt to 189d5a7d 
Dealt to 4c24a719 
22793581: raises $0.07 to $0.12
189d5a7d: folds
4c24a719: folds
f11f0f73: calls $0.1
Hero: folds
*** FLOP *** [Ah Ac As]
f11f0f73: checks
22793581: bets $0.1
f11f0f73: calls $0.1
*** TURN *** [Ah Ac As] [2c]
f11f0f73: checks
22793581: bets $0.64
f11f0f73: folds
Uncalled bet ($0.64) returned to 22793581
*** SHOWDOWN ***
22793581 collected $0.47 from pot
*** SUMMARY ***
Total pot $0.49 | Rake $0.02 | Jackpot $0 | Bingo $0 | Fortune $0
Board [Ah Ac As 2c]
Seat 1: f11f0f73 (small blind) folded on the Turn
Seat 2: Hero (big blind) folded before Flop
Seat 3: 22793581 won ($0.47)
Seat 4: 189d5a7d folded before Flop (didn't bet)
Seat 6: 4c24a719 (button) folded before Flop (didn't bet)


Poker Hand #HD1151761780: Hold'em No Limit  ($0.02/$0.05) - 2023/03/08 21:23:28
Table 'NLHBlue20' 6-max Seat #4 is the button
Seat 1: f11f0f73 ($3.86 in chips)
Seat 2: Hero ($15.13 in chips)
Seat 3: 22793581 ($5.03 in chips)
Seat 4: 189d5a7d ($5.09 in chips)
Seat 6: 4c24a719 ($4.47 in chips)
4c24a719: posts small blind $0.02
f11f0f73: posts big blind $0.05
*** HOLE CARDS ***
Dealt to f11f0f73 
Dealt to Hero [5h Ks]
Dealt to 22793581 
Dealt to 189d5a7d 
Dealt to 4c24a719 
Hero: folds
22793581: folds
189d5a7d: folds
4c24a719: folds
Uncalled bet ($0.03) returned to f11f0f73
*** SHOWDOWN ***
f11f0f73 collected $0.04 from pot
*** SUMMARY ***
Total pot $0.04 | Rake $0 | Jackpot $0 | Bingo $0 | Fortune $0
Seat 1: f11f0f73 (big blind) collected ($0.04)
Seat 2: Hero folded before Flop (didn't bet)
Seat 3: 22793581 folded before Flop (didn't bet)
Seat 4: 189d5a7d (button) folded before Flop (didn't bet)
Seat 6: 4c24a719 (small blind) folded before Flop


Poker Hand #HD1151761697: Hold'em No Limit  ($0.02/$0.05) - 2023/03/08 21:22:43
Table 'NLHBlue20' 6-max Seat #3 is the button
Seat 1: f11f0f73 ($4.44 in chips)
Seat 2: Hero ($15.13 in chips)
Seat 3: 22793581 ($5.03 in chips)
Seat 4: 189d5a7d ($5.11 in chips)
Seat 6: 4c24a719 ($3.92 in chips)
189d5a7d: posts small blind $0.02
4c24a719: posts big blind $0.05
*** HOLE CARDS ***
Dealt to f11f0f73 
Dealt to Hero [7d 2h]
Dealt to 22793581 
Dealt to 189d5a7d 
Dealt to 4c24a719 
f11f0f73: raises $0.08 to $0.13
Hero: folds
22793581: folds
189d5a7d: folds
4c24a719: calls $0.08
*** FLOP *** [Qd 6s 3s]
4c24a719: checks
f11f0f73: bets $0.14
4c24a719: raises $0.31 to $0.45
f11f0f73: calls $0.31
*** TURN *** [Qd 6s 3s] [4c]
4c24a719: bets $0.59
f11f0f73: folds
Uncalled bet ($0.59) returned to 4c24a719
*** SHOWDOWN ***
4c24a719 collected $1.13 from pot
*** SUMMARY ***
Total pot $1.18 | Rake $0.05 | Jackpot $0 | Bingo $0 | Fortune $0
Board [Qd 6s 3s 4c]
Seat 1: f11f0f73 folded on the Turn
Seat 2: Hero folded before Flop (didn't bet)
Seat 3: 22793581 (button) folded before Flop (didn't bet)
Seat 4: 189d5a7d (small blind) folded before Flop
Seat 6: 4c24a719 (big blind) won ($1.13)


Poker Hand #HD1151761660: Hold'em No Limit  ($0.02/$0.05) - 2023/03/08 21:22:23
Table 'NLHBlue20' 6-max Seat #2 is the button
Seat 1: f11f0f73 ($4.44 in chips)
Seat 2: Hero ($15.13 in chips)
Seat 3: 22793581 ($5.05 in chips)
Seat 4: 189d5a7d ($5.09 in chips)
Seat 6: 4c24a719 ($3.92 in chips)
22793581: posts small blind $0.02
189d5a7d: posts big blind $0.05
*** HOLE CARDS ***
Dealt to f11f0f73 
Dealt to Hero [Td 8s]
Dealt to 22793581 
Dealt to 189d5a7d 
Dealt to 4c24a719 
4c24a719: folds
f11f0f73: folds
Hero: folds
22793581: folds
Uncalled bet ($0.03) returned to 189d5a7d
*** SHOWDOWN ***
189d5a7d collected $0.04 from pot
*** SUMMARY ***
Total pot $0.04 | Rake $0 | Jackpot $0 | Bingo $0 | Fortune $0
Seat 1: f11f0f73 folded before Flop (didn't bet)
Seat 2: Hero (button) folded before Flop (didn't bet)
Seat 3: 22793581 (small blind) folded before Flop
Seat 4: 189d5a7d (big blind) collected ($0.04)
Seat 6: 4c24a719 folded before Flop (didn't bet)


Poker Hand #HD1151761624: Hold'em No Limit  ($0.02/$0.05) - 2023/03/08 21:22:05
Table 'NLHBlue20' 6-max Seat #1 is the button
Seat 1: f11f0f73 ($4.37 in chips)
Seat 2: Hero ($15.15 in chips)
Seat 3: 22793581 ($5 in chips)
Seat 4: 189d5a7d ($5.09 in chips)
Seat 6: 4c24a719 ($3.92 in chips)
Hero: posts small blind $0.02
22793581: posts big blind $0.05
*** HOLE CARDS ***
Dealt to f11f0f73 
Dealt to Hero [4s Jd]
Dealt to 22793581 
Dealt to 189d5a7d 
Dealt to 4c24a719 
189d5a7d: folds
4c24a719: folds
f11f0f73: raises $0.08 to $0.13
Hero: folds
22793581: folds
Uncalled bet ($0.08) returned to f11f0f73
*** SHOWDOWN ***
f11f0f73 collected $0.12 from pot
*** SUMMARY ***
Total pot $0.12 | Rake $0 | Jackpot $0 | Bingo $0 | Fortune $0
Seat 1: f11f0f73 (button) collected ($0.12)
Seat 2: Hero (small blind) folded before Flop
Seat 3: 22793581 (big blind) folded before Flop
Seat 4: 189d5a7d folded before Flop (didn't bet)
Seat 6: 4c24a719 folded before Flop (didn't bet)


Poker Hand #HD1151761589: Hold'em No Limit  ($0.02/$0.05) - 2023/03/08 21:21:51
Table 'NLHBlue20' 6-max Seat #6 is the button
Seat 1: f11f0f73 ($4.32 in chips)
Seat 2: Hero ($15.2 in chips)
Seat 3: 22793581 ($5 in chips)
Seat 4: 189d5a7d ($5.09 in chips)
Seat 6: 4c24a719 ($3.92 in chips)
f11f0f73: posts small blind $0.02
Hero: posts big blind $0.05
*** HOLE CARDS ***
Dealt to f11f0f73 
Dealt to Hero [7d 2c]
Dealt to 22793581 
Dealt to 189d5a7d 
Dealt to 4c24a719 
22793581: folds
189d5a7d: folds
4c24a719: folds
f11f0f73: raises $0.08 to $0.13
Hero: folds
Uncalled bet ($0.08) returned to f11f0f73
*** SHOWDOWN ***
f11f0f73 collected $0.1 from pot
*** SUMMARY ***
Total pot $0.1 | Rake $0 | Jackpot $0 | Bingo $0 | Fortune $0
Seat 1: f11f0f73 (small blind) collected ($0.1)
Seat 2: Hero (big blind) folded before Flop
Seat 3: 22793581 folded before Flop (didn't bet)
Seat 4: 189d5a7d folded before Flop (didn't bet)
Seat 6: 4c24a719 (button) folded before Flop (didn't bet)


Poker Hand #HD1151761541: Hold'em No Limit  ($0.02/$0.05) - 2023/03/08 21:21:29
Table 'NLHBlue20' 6-max Seat #4 is the button
Seat 1: f11f0f73 ($4.3 in chips)
Seat 2: Hero ($15.2 in chips)
Seat 3: 22793581 ($5 in chips)
Seat 4: 189d5a7d ($5.09 in chips)
Seat 6: 4c24a719 ($3.94 in chips)
4c24a719: posts small blind $0.02
f11f0f73: posts big blind $0.05
*** HOLE CARDS ***
Dealt to f11f0f73 
Dealt to Hero [6s 5d]
Dealt to 22793581 
Dealt to 189d5a7d 
Dealt to 4c24a719 
Hero: folds
22793581: folds
189d5a7d: folds
4c24a719: folds
Uncalled bet ($0.03) returned to f11f0f73
*** SHOWDOWN ***
f11f0f73 collected $0.04 from pot
*** SUMMARY ***
Total pot $0.04 | Rake $0 | Jackpot $0 | Bingo $0 | Fortune $0
Seat 1: f11f0f73 (big blind) collected ($0.04)
Seat 2: Hero folded before Flop (didn't bet)
Seat 3: 22793581 folded before Flop (didn't bet)
Seat 4: 189d5a7d (button) folded before Flop (didn't bet)
Seat 6: 4c24a719 (small blind) folded before Flop


Poker Hand #HD1151761526: Hold'em No Limit  ($0.02/$0.05) - 2023/03/08 21:21:17
Table 'NLHBlue20' 6-max Seat #3 is the button
Seat 1: f11f0f73 ($4.3 in chips)
Seat 2: Hero ($15.2 in chips)
Seat 3: 22793581 ($5 in chips)
Seat 4: 189d5a7d ($5.11 in chips)
Seat 6: 4c24a719 ($3.92 in chips)
189d5a7d: posts small blind $0.02
4c24a719: posts big blind $0.05
*** HOLE CARDS ***
Dealt to f11f0f73 
Dealt to Hero [9s Kd]
Dealt to 22793581 
Dealt to 189d5a7d 
Dealt to 4c24a719 
f11f0f73: folds
Hero: folds
22793581: folds
189d5a7d: folds
Uncalled bet ($0.03) returned to 4c24a719
*** SHOWDOWN ***
4c24a719 collected $0.04 from pot
*** SUMMARY ***
Total pot $0.04 | Rake $0 | Jackpot $0 | Bingo $0 | Fortune $0
Seat 1: f11f0f73 folded before Flop (didn't bet)
Seat 2: Hero folded before Flop (didn't bet)
Seat 3: 22793581 (button) folded before Flop (didn't bet)
Seat 4: 189d5a7d (small blind) folded before Flop
Seat 6: 4c24a719 (big blind) collected ($0.04)


Poker Hand #HD1151761486: Hold'em No Limit  ($0.02/$0.05) - 2023/03/08 21:20:56
Table 'NLHBlue20' 6-max Seat #2 is the button
Seat 1: f11f0f73 ($4.23 in chips)
Seat 2: Hero ($15.2 in chips)
Seat 3: 22793581 ($5.02 in chips)
Seat 4: 189d5a7d ($5.16 in chips)
Seat 6: 4c24a719 ($3.92 in chips)
22793581: posts small blind $0.02
189d5a7d: posts big blind $0.05
*** HOLE CARDS ***
Dealt to f11f0f73 
Dealt to Hero [4s Kc]
Dealt to 22793581 
Dealt to 189d5a7d 
Dealt to 4c24a719 
4c24a719: folds
f11f0f73: raises $0.08 to $0.13
Hero: folds
22793581: folds
189d5a7d: folds
Uncalled bet ($0.08) returned to f11f0f73
*** SHOWDOWN ***
f11f0f73 collected $0.12 from pot
*** SUMMARY ***
Total pot $0.12 | Rake $0 | Jackpot $0 | Bingo $0 | Fortune $0
Seat 1: f11f0f73 collected ($0.12)
Seat 2: Hero (button) folded before Flop (didn't bet)
Seat 3: 22793581 (small blind) folded before Flop
Seat 4: 189d5a7d (big blind) folded before Flop
Seat 6: 4c24a719 folded before Flop (didn't bet)


Poker Hand #HD1151761469: Hold'em No Limit  ($0.02/$0.05) - 2023/03/08 21:20:46
Table 'NLHBlue20' 6-max Seat #1 is the button
Seat 1: f11f0f73 ($4.23 in chips)
Seat 2: Hero ($15.22 in chips)
Seat 3: 22793581 ($5 in chips)
Seat 4: 189d5a7d ($5.16 in chips)
Seat 5: 37f3e490 ($5 in chips)
Seat 6: 4c24a719 ($3.92 in chips)
Hero: posts small blind $0.02
22793581: posts big blind $0.05
*** HOLE CARDS ***
Dealt to f11f0f73 
Dealt to Hero [6d 3c]
Dealt to 22793581 
Dealt to 189d5a7d 
Dealt to 37f3e490 
Dealt to 4c24a719 
189d5a7d: folds
37f3e490: folds
4c24a719: folds
f11f0f73: folds
Hero: folds
Uncalled bet ($0.03) returned to 22793581
*** SHOWDOWN ***
22793581 collected $0.04 from pot
*** SUMMARY ***
Total pot $0.04 | Rake $0 | Jackpot $0 | Bingo $0 | Fortune $0
Seat 1: f11f0f73 (button) folded before Flop (didn't bet)
Seat 2: Hero (small blind) folded before Flop
Seat 3: 22793581 (big blind) collected ($0.04)
Seat 4: 189d5a7d folded before Flop (didn't bet)
Seat 5: 37f3e490 folded before Flop (didn't bet)
Seat 6: 4c24a719 folded before Flop (didn't bet)


Poker Hand #HD1151761408: Hold'em No Limit  ($0.02/$0.05) - 2023/03/08 21:20:11
Table 'NLHBlue20' 6-max Seat #6 is the button
Seat 1: f11f0f73 ($3.99 in chips)
Seat 2: Hero ($15.35 in chips)
Seat 4: 189d5a7d ($5.16 in chips)
Seat 5: 37f3e490 ($5 in chips)
Seat 6: 4c24a719 ($4.05 in chips)
f11f0f73: posts small blind $0.02
Hero: posts big blind $0.05
*** HOLE CARDS ***
Dealt to f11f0f73 
Dealt to Hero [3h As]
Dealt to 189d5a7d 
Dealt to 37f3e490 
Dealt to 4c24a719 
189d5a7d: folds
37f3e490: folds
4c24a719: raises $0.08 to $0.13
f11f0f73: calls $0.11
Hero: calls $0.08
*** FLOP *** [2s 9s 6d]
f11f0f73: checks
Hero: checks
4c24a719: checks
*** TURN *** [2s 9s 6d] [Kc]
f11f0f73: bets $0.22
Hero: folds
4c24a719: folds
Uncalled bet ($0.22) returned to f11f0f73
*** SHOWDOWN ***
f11f0f73 collected $0.37 from pot
*** SUMMARY ***
Total pot $0.39 | Rake $0.02 | Jackpot $0 | Bingo $0 | Fortune $0
Board [2s 9s 6d Kc]
Seat 1: f11f0f73 (small blind) won ($0.37)
Seat 2: Hero (big blind) folded on the Turn
Seat 4: 189d5a7d folded before Flop (didn't bet)
Seat 5: 37f3e490 folded before Flop (didn't bet)
Seat 6: 4c24a719 (button) folded on the Turn


Poker Hand #HD1151761233: Hold'em No Limit  ($0.02/$0.05) - 2023/03/08 21:18:43
Table 'NLHBlue20' 6-max Seat #5 is the button
Seat 1: f11f0f73 ($3.31 in chips)
Seat 2: Hero ($15.35 in chips)
Seat 4: 189d5a7d ($5.16 in chips)
Seat 5: 37f3e490 ($5.29 in chips)
Seat 6: 4c24a719 ($4.17 in chips)
4c24a719: posts small blind $0.02
f11f0f73: posts big blind $0.05
*** HOLE CARDS ***
Dealt to f11f0f73 
Dealt to Hero [4c 3d]
Dealt to 189d5a7d 
Dealt to 37f3e490 
Dealt to 4c24a719 
Hero: folds
189d5a7d: folds
37f3e490: raises $0.07 to $0.12
4c24a719: calls $0.1
f11f0f73: calls $0.07
*** FLOP *** [7d Ah Js]
4c24a719: checks
f11f0f73: checks
37f3e490: checks
*** TURN *** [7d Ah Js] [Kh]
4c24a719: checks
f11f0f73: bets $0.18
37f3e490: raises $0.32 to $0.5
4c24a719: folds
f11f0f73: calls $0.32
*** RIVER *** [7d Ah Js Kh] [Qc]
f11f0f73: checks
37f3e490: checks
f11f0f73: shows [Kd Td] (Aces-High Straight)
37f3e490: shows [Ad As] (Three Aces)
*** SHOWDOWN ***
f11f0f73 collected $1.3 from pot
*** SUMMARY ***
Total pot $1.36 | Rake $0.06 | Jackpot $0 | Bingo $0 | Fortune $0
Board [7d Ah Js Kh Qc]
Seat 1: f11f0f73 (big blind) showed [Kd Td] and won ($1.3) with Aces-High Straight
Seat 2: Hero folded before Flop (didn't bet)
Seat 4: 189d5a7d folded before Flop (didn't bet)
Seat 5: 37f3e490 (button) showed [Ad As] and lost with Three Aces
Seat 6: 4c24a719 (small blind) folded on the Turn


Poker Hand #HD1151761187: Hold'em No Limit  ($0.02/$0.05) - 2023/03/08 21:18:21
Table 'NLHBlue20' 6-max Seat #4 is the button
Seat 1: f11f0f73 ($3.31 in chips)
Seat 2: Hero ($15.35 in chips)
Seat 4: 189d5a7d ($5.09 in chips)
Seat 5: 37f3e490 ($5.31 in chips)
Seat 6: 4c24a719 ($4.22 in chips)
37f3e490: posts small blind $0.02
4c24a719: posts big blind $0.05
*** HOLE CARDS ***
Dealt to f11f0f73 
Dealt to Hero [2d Tc]
Dealt to 189d5a7d 
Dealt to 37f3e490 
Dealt to 4c24a719 
f11f0f73: folds
Hero: folds
189d5a7d: raises $0.13 to $0.18
37f3e490: folds
4c24a719: folds
Uncalled bet ($0.13) returned to 189d5a7d
*** SHOWDOWN ***
189d5a7d collected $0.12 from pot
*** SUMMARY ***
Total pot $0.12 | Rake $0 | Jackpot $0 | Bingo $0 | Fortune $0
Seat 1: f11f0f73 folded before Flop (didn't bet)
Seat 2: Hero folded before Flop (didn't bet)
Seat 4: 189d5a7d (button) collected ($0.12)
Seat 5: 37f3e490 (small blind) folded before Flop
Seat 6: 4c24a719 (big blind) folded before Flop


Poker Hand #HD1151761164: Hold'em No Limit  ($0.02/$0.05) - 2023/03/08 21:18:09
Table 'NLHBlue20' 6-max Seat #2 is the button
Seat 1: f11f0f73 ($3.31 in chips)
Seat 2: Hero ($15.35 in chips)
Seat 4: 189d5a7d ($5.04 in chips)
Seat 5: 37f3e490 ($5.36 in chips)
Seat 6: 4c24a719 ($4.22 in chips)
189d5a7d: posts small blind $0.02
37f3e490: posts big blind $0.05
*** HOLE CARDS ***
Dealt to f11f0f73 
Dealt to Hero [3s Tc]
Dealt to 189d5a7d 
Dealt to 37f3e490 
Dealt to 4c24a719 
4c24a719: folds
f11f0f73: folds
Hero: folds
189d5a7d: raises $0.08 to $0.13
37f3e490: folds
Uncalled bet ($0.08) returned to 189d5a7d
*** SHOWDOWN ***
189d5a7d collected $0.1 from pot
*** SUMMARY ***
Total pot $0.1 | Rake $0 | Jackpot $0 | Bingo $0 | Fortune $0
Seat 1: f11f0f73 folded before Flop (didn't bet)
Seat 2: Hero (button) folded before Flop (didn't bet)
Seat 4: 189d5a7d (small blind) collected ($0.1)
Seat 5: 37f3e490 (big blind) folded before Flop
Seat 6: 4c24a719 folded before Flop (didn't bet)


Poker Hand #HD1151761045: Hold'em No Limit  ($0.02/$0.05) - 2023/03/08 21:17:10
Table 'NLHBlue20' 6-max Seat #1 is the button
Seat 1: f11f0f73 ($3.31 in chips)
Seat 2: Hero ($9.19 in chips)
Seat 3: 51f379a5 ($6.71 in chips)
Seat 4: 189d5a7d ($5.04 in chips)
Seat 5: 37f3e490 ($5.36 in chips)
Seat 6: 4c24a719 ($4.22 in chips)
Hero: posts small blind $0.02
51f379a5: posts big blind $0.05
51f379a5: straddle $0.1
51f379a5: straddle $0.2
*** HOLE CARDS ***
Dealt to f11f0f73 
Dealt to Hero [Kc Js]
Dealt to 51f379a5 
Dealt to 189d5a7d 
Dealt to 37f3e490 
Dealt to 4c24a719 
189d5a7d: folds
37f3e490: folds
4c24a719: folds
f11f0f73: folds
Hero: calls $0.18
51f379a5: raises $0.2 to $0.4
Hero: calls $0.2
*** FLOP *** [Jh 9c 3h]
Hero: checks
51f379a5: bets $0.35
Hero: calls $0.35
*** TURN *** [Jh 9c 3h] [Ts]
Hero: checks
51f379a5: bets $1.5
Hero: calls $1.5
*** RIVER *** [Jh 9c 3h Ts] [Jd]
Hero: checks
51f379a5: bets $4.46 and is all-in
Hero: calls $4.46
51f379a5: shows [Qh 2d] (Pair of Jacks)
Hero: shows [Kc Js] (Three Jacks)
*** SHOWDOWN ***
Hero collected $12.87 from pot
*** SUMMARY ***
Total pot $13.42 | Rake $0.5 | Jackpot $0.05 | Bingo $0 | Fortune $0
Board [Jh 9c 3h Ts Jd]
Seat 1: f11f0f73 (button) folded before Flop (didn't bet)
Seat 2: Hero (small blind) showed [Kc Js] and won ($12.87) with Three Jacks
Seat 3: 51f379a5 (big blind) showed [Qh 2d] and lost with Pair of Jacks
Seat 4: 189d5a7d folded before Flop (didn't bet)
Seat 5: 37f3e490 folded before Flop (didn't bet)
Seat 6: 4c24a719 folded before Flop (didn't bet)


Poker Hand #HD1151760951: Hold'em No Limit  ($0.02/$0.05) - 2023/03/08 21:16:16
Table 'NLHBlue20' 6-max Seat #6 is the button
Seat 1: f11f0f73 ($2.46 in chips)
Seat 2: Hero ($9.24 in chips)
Seat 3: 51f379a5 ($7.65 in chips)
Seat 4: 189d5a7d ($5.04 in chips)
Seat 5: 37f3e490 ($5.36 in chips)
Seat 6: 4c24a719 ($4.22 in chips)
f11f0f73: posts small blind $0.02
Hero: posts big blind $0.05
51f379a5: straddle $0.1
51f379a5: straddle $0.2
*** HOLE CARDS ***
Dealt to f11f0f73 
Dealt to Hero [Qd Ts]
Dealt to 51f379a5 
Dealt to 189d5a7d 
Dealt to 37f3e490 
Dealt to 4c24a719 
189d5a7d: folds
37f3e490: folds
4c24a719: folds
f11f0f73: calls $0.18
Hero: folds
51f379a5: checks
*** FLOP *** [Js Jh Qc]
f11f0f73: checks
51f379a5: checks
*** TURN *** [Js Jh Qc] [9h]
f11f0f73: bets $0.23
51f379a5: calls $0.23
*** RIVER *** [Js Jh Qc 9h] [6h]
f11f0f73: bets $0.51
51f379a5: calls $0.51
f11f0f73: shows [9c Td] (Pair of Jacks and Pair of Nines)
51f379a5: shows [3h 3c] (Pair of Jacks and Pair of Treys)
*** SHOWDOWN ***
f11f0f73 collected $1.79 from pot
*** SUMMARY ***
Total pot $1.93 | Rake $0.09 | Jackpot $0.05 | Bingo $0 | Fortune $0
Board [Js Jh Qc 9h 6h]
Seat 1: f11f0f73 (small blind) showed [9c Td] and won ($1.79) with Pair of Jacks and Pair of Nines
Seat 2: Hero (big blind) folded before Flop
Seat 3: 51f379a5 showed [3h 3c] and lost with Pair of Jacks and Pair of Treys
Seat 4: 189d5a7d folded before Flop (didn't bet)
Seat 5: 37f3e490 folded before Flop (didn't bet)
Seat 6: 4c24a719 (button) folded before Flop (didn't bet)


Poker Hand #HD1151760823: Hold'em No Limit  ($0.02/$0.05) - 2023/03/08 21:15:03
Table 'NLHBlue20' 6-max Seat #5 is the button
Seat 1: f11f0f73 ($3.01 in chips)
Seat 2: Hero ($9.24 in chips)
Seat 3: 51f379a5 ($7.06 in chips)
Seat 4: 189d5a7d ($5.04 in chips)
Seat 5: 37f3e490 ($5.36 in chips)
Seat 6: 4c24a719 ($4.32 in chips)
4c24a719: posts small blind $0.02
f11f0f73: posts big blind $0.05
51f379a5: straddle $0.1
*** HOLE CARDS ***
Dealt to f11f0f73 
Dealt to Hero [5s 2s]
Dealt to 51f379a5 
Dealt to 189d5a7d 
Dealt to 37f3e490 
Dealt to 4c24a719 
189d5a7d: folds
37f3e490: folds
4c24a719: calls $0.08
f11f0f73: calls $0.05
Hero: folds
51f379a5: checks
*** FLOP *** [8c 2d 2h]
4c24a719: checks
f11f0f73: checks
51f379a5: bets $0.15
4c24a719: folds
f11f0f73: calls $0.15
*** TURN *** [8c 2d 2h] [9h]
f11f0f73: checks
51f379a5: bets $0.3
f11f0f73: calls $0.3
*** RIVER *** [8c 2d 2h 9h] [5c]
f11f0f73: checks
51f379a5: bets $1.2
f11f0f73: folds
Uncalled bet ($1.2) returned to 51f379a5
*** SHOWDOWN ***
51f379a5 collected $1.14 from pot
*** SUMMARY ***
Total pot $1.2 | Rake $0.06 | Jackpot $0 | Bingo $0 | Fortune $0
Board [8c 2d 2h 9h 5c]
Seat 1: f11f0f73 (big blind) folded on the River
Seat 2: Hero folded before Flop (didn't bet)
Seat 3: 51f379a5 won ($1.14)
Seat 4: 189d5a7d folded before Flop (didn't bet)
Seat 5: 37f3e490 (button) folded before Flop (didn't bet)
Seat 6: 4c24a719 (small blind) folded on the Flop


Poker Hand #HD1151760771: Hold'em No Limit  ($0.02/$0.05) - 2023/03/08 21:14:33
Table 'NLHBlue20' 6-max Seat #4 is the button
Seat 1: f11f0f73 ($3.01 in chips)
Seat 2: Hero ($9.24 in chips)
Seat 3: 51f379a5 ($7.16 in chips)
Seat 4: 189d5a7d ($5.04 in chips)
Seat 5: 37f3e490 ($5.38 in chips)
Seat 6: 4c24a719 ($4.21 in chips)
37f3e490: posts small blind $0.02
4c24a719: posts big blind $0.05
51f379a5: straddle $0.1
*** HOLE CARDS ***
Dealt to f11f0f73 
Dealt to Hero [7c 9d]
Dealt to 51f379a5 
Dealt to 189d5a7d 
Dealt to 37f3e490 
Dealt to 4c24a719 
189d5a7d: folds
37f3e490: folds
4c24a719: calls $0.05
f11f0f73: folds
Hero: folds
51f379a5: checks
*** FLOP *** [Ah 6d Qs]
4c24a719: checks
51f379a5: checks
*** TURN *** [Ah 6d Qs] [Kh]
4c24a719: bets $0.17
51f379a5: folds
Uncalled bet ($0.17) returned to 4c24a719
*** SHOWDOWN ***
4c24a719 collected $0.21 from pot
*** SUMMARY ***
Total pot $0.22 | Rake $0.01 | Jackpot $0 | Bingo $0 | Fortune $0
Board [Ah 6d Qs Kh]
Seat 1: f11f0f73 folded before Flop (didn't bet)
Seat 2: Hero folded before Flop (didn't bet)
Seat 3: 51f379a5 folded on the Turn
Seat 4: 189d5a7d (button) folded before Flop (didn't bet)
Seat 5: 37f3e490 (small blind) folded before Flop
Seat 6: 4c24a719 (big blind) won ($0.21)


Poker Hand #HD1151760734: Hold'em No Limit  ($0.02/$0.05) - 2023/03/08 21:14:11
Table 'NLHBlue20' 6-max Seat #3 is the button
Seat 1: f11f0f73 ($3.01 in chips)
Seat 2: Hero ($9.24 in chips)
Seat 3: 51f379a5 ($7.09 in chips)
Seat 4: 189d5a7d ($5.06 in chips)
Seat 5: 37f3e490 ($5.43 in chips)
Seat 6: 4c24a719 ($4.21 in chips)
189d5a7d: posts small blind $0.02
37f3e490: posts big blind $0.05
51f379a5: straddle $0.1
51f379a5: straddle $0.2
51f379a5: straddle $0.4
*** HOLE CARDS ***
Dealt to f11f0f73 
Dealt to Hero [7d 5h]
Dealt to 51f379a5 
Dealt to 189d5a7d 
Dealt to 37f3e490 
Dealt to 4c24a719 
189d5a7d: folds
37f3e490: folds
4c24a719: folds
f11f0f73: folds
Hero: folds
Uncalled bet ($0.35) returned to 51f379a5
*** SHOWDOWN ***
51f379a5 collected $0.12 from pot
*** SUMMARY ***
Total pot $0.12 | Rake $0 | Jackpot $0 | Bingo $0 | Fortune $0
Seat 1: f11f0f73 folded before Flop (didn't bet)
Seat 2: Hero folded before Flop (didn't bet)
Seat 3: 51f379a5 (button) collected ($0.12)
Seat 4: 189d5a7d (small blind) folded before Flop
Seat 5: 37f3e490 (big blind) folded before Flop
Seat 6: 4c24a719 folded before Flop (didn't bet)


Poker Hand #HD1151760623: Hold'em No Limit  ($0.02/$0.05) - 2023/03/08 21:13:15
Table 'NLHBlue20' 6-max Seat #2 is the button
Seat 1: f11f0f73 ($3.01 in chips)
Seat 2: Hero ($9.24 in chips)
Seat 3: 51f379a5 ($5.65 in chips)
Seat 4: 189d5a7d ($5.86 in chips)
Seat 5: 37f3e490 ($6.23 in chips)
Seat 6: 4c24a719 ($4.21 in chips)
51f379a5: posts small blind $0.02
189d5a7d: posts big blind $0.05
51f379a5: straddle $0.1
51f379a5: straddle $0.2
*** HOLE CARDS ***
Dealt to f11f0f73 
Dealt to Hero [2d Td]
Dealt to 51f379a5 
Dealt to 189d5a7d 
Dealt to 37f3e490 
Dealt to 4c24a719 
189d5a7d: calls $0.15
37f3e490: calls $0.2
4c24a719: folds
f11f0f73: folds
Hero: folds
51f379a5: raises $0.6 to $0.8
189d5a7d: calls $0.6
37f3e490: calls $0.6
*** FLOP *** [Qc 8d Ad]
51f379a5: bets $2.4
189d5a7d: folds
37f3e490: folds
Uncalled bet ($2.4) returned to 51f379a5
*** SHOWDOWN ***
51f379a5 collected $2.24 from pot
*** SUMMARY ***
Total pot $2.4 | Rake $0.11 | Jackpot $0.05 | Bingo $0 | Fortune $0
Board [Qc 8d Ad]
Seat 1: f11f0f73 folded before Flop (didn't bet)
Seat 2: Hero (button) folded before Flop (didn't bet)
Seat 3: 51f379a5 (small blind) won ($2.24)
Seat 4: 189d5a7d (big blind) folded on the Flop
Seat 5: 37f3e490 folded on the Flop
Seat 6: 4c24a719 folded before Flop (didn't bet)


Poker Hand #HD1151760585: Hold'em No Limit  ($0.02/$0.05) - 2023/03/08 21:12:57
Table 'NLHBlue20' 6-max Seat #1 is the button
Seat 1: f11f0f73 ($3.01 in chips)
Seat 2: Hero ($9.26 in chips)
Seat 3: 51f379a5 ($5.63 in chips)
Seat 4: 189d5a7d ($5.86 in chips)
Seat 5: 37f3e490 ($6.23 in chips)
Seat 6: 4c24a719 ($4.21 in chips)
Hero: posts small blind $0.02
51f379a5: posts big blind $0.05
51f379a5: straddle $0.1
51f379a5: straddle $0.2
*** HOLE CARDS ***
Dealt to f11f0f73 
Dealt to Hero [9s 2c]
Dealt to 51f379a5 
Dealt to 189d5a7d 
Dealt to 37f3e490 
Dealt to 4c24a719 
189d5a7d: folds
37f3e490: folds
4c24a719: folds
f11f0f73: folds
Hero: folds
Uncalled bet ($0.18) returned to 51f379a5
*** SHOWDOWN ***
51f379a5 collected $0.04 from pot
*** SUMMARY ***
Total pot $0.04 | Rake $0 | Jackpot $0 | Bingo $0 | Fortune $0
Seat 1: f11f0f73 (button) folded before Flop (didn't bet)
Seat 2: Hero (small blind) folded before Flop
Seat 3: 51f379a5 (big blind) collected ($0.04)
Seat 4: 189d5a7d folded before Flop (didn't bet)
Seat 5: 37f3e490 folded before Flop (didn't bet)
Seat 6: 4c24a719 folded before Flop (didn't bet)


Poker Hand #HD1151760491: Hold'em No Limit  ($0.02/$0.05) - 2023/03/08 21:12:13
Table 'NLHBlue20' 6-max Seat #6 is the button
Seat 1: f11f0f73 ($3.21 in chips)
Seat 2: Hero ($9.46 in chips)
Seat 3: 51f379a5 ($5.07 in chips)
Seat 4: 189d5a7d ($5.86 in chips)
Seat 5: 37f3e490 ($6.23 in chips)
Seat 6: 4c24a719 ($4.41 in chips)
f11f0f73: posts small blind $0.02
Hero: posts big blind $0.05
51f379a5: straddle $0.1
51f379a5: straddle $0.2
*** HOLE CARDS ***
Dealt to f11f0f73 
Dealt to Hero [Tc Ah]
Dealt to 51f379a5 
Dealt to 189d5a7d 
Dealt to 37f3e490 
Dealt to 4c24a719 
189d5a7d: folds
37f3e490: folds
4c24a719: calls $0.2
f11f0f73: calls $0.18
Hero: calls $0.15
51f379a5: raises $4.87 to $5.07 and is all-in
4c24a719: folds
f11f0f73: folds
Hero: folds
Uncalled bet ($4.87) returned to 51f379a5
*** SHOWDOWN ***
51f379a5 collected $0.76 from pot
*** SUMMARY ***
Total pot $0.8 | Rake $0.04 | Jackpot $0 | Bingo $0 | Fortune $0
Seat 1: f11f0f73 (small blind) folded before Flop
Seat 2: Hero (big blind) folded before Flop
Seat 3: 51f379a5 collected ($0.76)
Seat 4: 189d5a7d folded before Flop (didn't bet)
Seat 5: 37f3e490 folded before Flop (didn't bet)
Seat 6: 4c24a719 (button) folded before Flop


Poker Hand #HD1151760446: Hold'em No Limit  ($0.02/$0.05) - 2023/03/08 21:11:48
Table 'NLHBlue20' 6-max Seat #5 is the button
Seat 1: f11f0f73 ($3.26 in chips)
Seat 2: Hero ($9.46 in chips)
Seat 3: 51f379a5 ($5 in chips)
Seat 4: 189d5a7d ($5.86 in chips)
Seat 5: 37f3e490 ($6.23 in chips)
Seat 6: 4c24a719 ($4.43 in chips)
4c24a719: posts small blind $0.02
f11f0f73: posts big blind $0.05
51f379a5: straddle $0.1
51f379a5: straddle $0.2
*** HOLE CARDS ***
Dealt to f11f0f73 
Dealt to Hero [7d 2d]
Dealt to 51f379a5 
Dealt to 189d5a7d 
Dealt to 37f3e490 
Dealt to 4c24a719 
189d5a7d: folds
37f3e490: folds
4c24a719: folds
f11f0f73: folds
Hero: folds
Uncalled bet ($0.15) returned to 51f379a5
*** SHOWDOWN ***
51f379a5 collected $0.12 from pot
*** SUMMARY ***
Total pot $0.12 | Rake $0 | Jackpot $0 | Bingo $0 | Fortune $0
Seat 1: f11f0f73 (big blind) folded before Flop
Seat 2: Hero folded before Flop (didn't bet)
Seat 3: 51f379a5 collected ($0.12)
Seat 4: 189d5a7d folded before Flop (didn't bet)
Seat 5: 37f3e490 (button) folded before Flop (didn't bet)
Seat 6: 4c24a719 (small blind) folded before Flop


Poker Hand #HD1151760418: Hold'em No Limit  ($0.02/$0.05) - 2023/03/08 21:11:33
Table 'NLHBlue20' 6-max Seat #4 is the button
Seat 1: f11f0f73 ($3.26 in chips)
Seat 2: Hero ($9.46 in chips)
Seat 4: 189d5a7d ($5.86 in chips)
Seat 5: 37f3e490 ($6.18 in chips)
Seat 6: 4c24a719 ($4.48 in chips)
37f3e490: posts small blind $0.02
4c24a719: posts big blind $0.05
*** HOLE CARDS ***
Dealt to f11f0f73 
Dealt to Hero [2s 3h]
Dealt to 189d5a7d 
Dealt to 37f3e490 
Dealt to 4c24a719 
f11f0f73: folds
Hero: folds
189d5a7d: folds
37f3e490: raises $0.1 to $0.15
4c24a719: folds
Uncalled bet ($0.1) returned to 37f3e490
*** SHOWDOWN ***
37f3e490 collected $0.1 from pot
*** SUMMARY ***
Total pot $0.1 | Rake $0 | Jackpot $0 | Bingo $0 | Fortune $0
Seat 1: f11f0f73 folded before Flop (didn't bet)
Seat 2: Hero folded before Flop (didn't bet)
Seat 4: 189d5a7d (button) folded before Flop (didn't bet)
Seat 5: 37f3e490 (small blind) collected ($0.1)
Seat 6: 4c24a719 (big blind) folded before Flop


Poker Hand #HD1151760341: Hold'em No Limit  ($0.02/$0.05) - 2023/03/08 21:10:48
Table 'NLHBlue20' 6-max Seat #2 is the button
Seat 1: f11f0f73 ($3.26 in chips)
Seat 2: Hero ($5.68 in chips)
Seat 3: 51f379a5 ($4.2 in chips)
Seat 4: 189d5a7d ($5.91 in chips)
Seat 5: 37f3e490 ($6.18 in chips)
Seat 6: 4c24a719 ($4.48 in chips)
51f379a5: posts small blind $0.02
189d5a7d: posts big blind $0.05
51f379a5: straddle $0.1
*** HOLE CARDS ***
Dealt to f11f0f73 
Dealt to Hero [8c 7c]
Dealt to 51f379a5 
Dealt to 189d5a7d 
Dealt to 37f3e490 
Dealt to 4c24a719 
189d5a7d: folds
37f3e490: folds
4c24a719: folds
f11f0f73: folds
Hero: calls $0.1
51f379a5: checks
*** FLOP *** [6s Ad 8s]
51f379a5: bets $0.13
Hero: calls $0.13
*** TURN *** [6s Ad 8s] [Td]
51f379a5: bets $0.26
Hero: calls $0.26
*** RIVER *** [6s Ad 8s Td] [8h]
51f379a5: bets $3.71 and is all-in
Hero: calls $3.71
51f379a5: shows [7h 4s] (Pair of Eights)
Hero: shows [8c 7c] (Three Eights)
*** SHOWDOWN ***
Hero collected $7.98 from pot
*** SUMMARY ***
Total pot $8.45 | Rake $0.42 | Jackpot $0.05 | Bingo $0 | Fortune $0
Board [6s Ad 8s Td 8h]
Seat 1: f11f0f73 folded before Flop (didn't bet)
Seat 2: Hero (button) showed [8c 7c] and won ($7.98) with Three Eights
Seat 3: 51f379a5 (small blind) showed [7h 4s] and lost with Pair of Eights
Seat 4: 189d5a7d (big blind) folded before Flop
Seat 5: 37f3e490 folded before Flop (didn't bet)
Seat 6: 4c24a719 folded before Flop (didn't bet)


Poker Hand #HD1151760253: Hold'em No Limit  ($0.02/$0.05) - 2023/03/08 21:10:02
Table 'NLHBlue20' 6-max Seat #1 is the button
Seat 1: f11f0f73 ($3.26 in chips)
Seat 2: Hero ($5 in chips)
Seat 3: 51f379a5 ($5 in chips)
Seat 4: 189d5a7d ($5.91 in chips)
Seat 5: 37f3e490 ($6.18 in chips)
Seat 6: 4c24a719 ($4.48 in chips)
Hero: posts small blind $0.02
51f379a5: posts big blind $0.05
51f379a5: straddle $0.1
*** HOLE CARDS ***
Dealt to f11f0f73 
Dealt to Hero [9h Qd]
Dealt to 51f379a5 
Dealt to 189d5a7d 
Dealt to 37f3e490 
Dealt to 4c24a719 
189d5a7d: folds
37f3e490: folds
4c24a719: folds
f11f0f73: folds
Hero: calls $0.08
51f379a5: checks
*** FLOP *** [7d Qs Qc]
Hero: checks
51f379a5: checks
*** TURN *** [7d Qs Qc] [8h]
Hero: bets $0.3
51f379a5: calls $0.3
*** RIVER *** [7d Qs Qc 8h] [Kh]
Hero: bets $0.4
51f379a5: calls $0.4
Hero: shows [9h Qd] (Three Queens)
51f379a5: shows [Ah Jc] (Pair of Queens)
*** SHOWDOWN ***
Hero collected $1.48 from pot
*** SUMMARY ***
Total pot $1.6 | Rake $0.07 | Jackpot $0.05 | Bingo $0 | Fortune $0
Board [7d Qs Qc 8h Kh]
Seat 1: f11f0f73 (button) folded before Flop (didn't bet)
Seat 2: Hero (small blind) showed [9h Qd] and won ($1.48) with Three Queens
Seat 3: 51f379a5 (big blind) showed [Ah Jc] and lost with Pair of Queens
Seat 4: 189d5a7d folded before Flop (didn't bet)
Seat 5: 37f3e490 folded before Flop (didn't bet)
Seat 6: 4c24a719 folded before Flop (didn't bet)


Poker Hand #HD1151760184: Hold'em No Limit  ($0.02/$0.05) - 2023/03/08 21:09:15
Table 'NLHBlue20' 6-max Seat #6 is the button
Seat 1: f11f0f73 ($3.39 in chips)
Seat 2: Hero ($5 in chips)
Seat 4: 189d5a7d ($5.91 in chips)
Seat 5: 37f3e490 ($6.18 in chips)
Seat 6: 4c24a719 ($4.31 in chips)
f11f0f73: posts small blind $0.02
Hero: posts big blind $0.05
*** HOLE CARDS ***
Dealt to f11f0f73 
Dealt to Hero [8h Kc]
Dealt to 189d5a7d 
Dealt to 37f3e490 
Dealt to 4c24a719 
189d5a7d: folds
37f3e490: folds
4c24a719: raises $0.08 to $0.13
f11f0f73: calls $0.11
Hero: folds
*** FLOP *** [4d 7d 4h]
f11f0f73: checks
4c24a719: checks
*** TURN *** [4d 7d 4h] [9d]
f11f0f73: checks
4c24a719: checks
*** RIVER *** [4d 7d 4h 9d] [3d]
f11f0f73: checks
4c24a719: bets $0.24
f11f0f73: folds
Uncalled bet ($0.24) returned to 4c24a719
*** SHOWDOWN ***
4c24a719 collected $0.3 from pot
*** SUMMARY ***
Total pot $0.31 | Rake $0.01 | Jackpot $0 | Bingo $0 | Fortune $0
Board [4d 7d 4h 9d 3d]
Seat 1: f11f0f73 (small blind) folded on the River
Seat 2: Hero (big blind) folded before Flop
Seat 4: 189d5a7d folded before Flop (didn't bet)
Seat 5: 37f3e490 folded before Flop (didn't bet)
Seat 6: 4c24a719 (button) won ($0.3)


