Poker Hand #HD1181565196: Hold'em No Limit  ($0.02/$0.05) - 2023/03/29 22:05:06
Table 'NLHBlue94' 6-max Seat #2 is the button
Seat 1: 28d42aef ($4.27 in chips)
Seat 2: fb597e0b ($5.23 in chips)
Seat 3: cfc0b2a7 ($6.44 in chips)
Seat 4: 95bdb4ae ($5 in chips)
Seat 5: Hero ($5.89 in chips)
Seat 6: e5bc3e68 ($5.37 in chips)
cfc0b2a7: posts small blind $0.02
95bdb4ae: posts big blind $0.05
*** HOLE CARDS ***
Dealt to 28d42aef 
Dealt to fb597e0b 
Dealt to cfc0b2a7 
Dealt to 95bdb4ae 
Dealt to Hero [Ad 7h]
Dealt to e5bc3e68 
Hero: folds
e5bc3e68: folds
28d42aef: raises $0.1 to $0.15
fb597e0b: folds
cfc0b2a7: folds
95bdb4ae: folds
Uncalled bet ($0.1) returned to 28d42aef
*** SHOWDOWN ***
28d42aef collected $0.12 from pot
*** SUMMARY ***
Total pot $0.12 | Rake $0 | Jackpot $0 | Bingo $0 | Fortune $0
Seat 1: 28d42aef collected ($0.12)
Seat 2: fb597e0b (button) folded before Flop (didn't bet)
Seat 3: cfc0b2a7 (small blind) folded before Flop
Seat 4: 95bdb4ae (big blind) folded before Flop
Seat 5: Hero folded before Flop (didn't bet)
Seat 6: e5bc3e68 folded before Flop (didn't bet)


Poker Hand #HD1181565184: Hold'em No Limit  ($0.02/$0.05) - 2023/03/29 22:05:00
Table 'NLHBlue94' 6-max Seat #1 is the button
Seat 1: 28d42aef ($4.27 in chips)
Seat 2: fb597e0b ($5.25 in chips)
Seat 3: cfc0b2a7 ($6.42 in chips)
Seat 5: Hero ($5.89 in chips)
Seat 6: e5bc3e68 ($5.37 in chips)
fb597e0b: posts small blind $0.02
cfc0b2a7: posts big blind $0.05
*** HOLE CARDS ***
Dealt to 28d42aef 
Dealt to fb597e0b 
Dealt to cfc0b2a7 
Dealt to Hero [8d 3s]
Dealt to e5bc3e68 
Hero: folds
e5bc3e68: folds
28d42aef: folds
fb597e0b: folds
Uncalled bet ($0.03) returned to cfc0b2a7
*** SHOWDOWN ***
cfc0b2a7 collected $0.04 from pot
*** SUMMARY ***
Total pot $0.04 | Rake $0 | Jackpot $0 | Bingo $0 | Fortune $0
Seat 1: 28d42aef (button) folded before Flop (didn't bet)
Seat 2: fb597e0b (small blind) folded before Flop
Seat 3: cfc0b2a7 (big blind) collected ($0.04)
Seat 5: Hero folded before Flop (didn't bet)
Seat 6: e5bc3e68 folded before Flop (didn't bet)


Poker Hand #HD1181564969: Hold'em No Limit  ($0.02/$0.05) - 2023/03/29 22:03:41
Table 'NLHBlue94' 6-max Seat #6 is the button
Seat 1: 28d42aef ($4.29 in chips)
Seat 2: fb597e0b ($5.03 in chips)
Seat 3: cfc0b2a7 ($6.42 in chips)
Seat 5: Hero ($6.11 in chips)
Seat 6: e5bc3e68 ($5.37 in chips)
28d42aef: posts small blind $0.02
fb597e0b: posts big blind $0.05
*** HOLE CARDS ***
Dealt to 28d42aef 
Dealt to fb597e0b 
Dealt to cfc0b2a7 
Dealt to Hero [3h 3d]
Dealt to e5bc3e68 
cfc0b2a7: folds
Hero: raises $0.07 to $0.12
e5bc3e68: folds
28d42aef: folds
fb597e0b: calls $0.07
*** FLOP *** [4c 9d Kh]
fb597e0b: checks
Hero: bets $0.1
fb597e0b: calls $0.1
*** TURN *** [4c 9d Kh] [Ac]
fb597e0b: checks
Hero: checks
*** RIVER *** [4c 9d Kh Ac] [Jh]
fb597e0b: bets $0.36
Hero: folds
Uncalled bet ($0.36) returned to fb597e0b
*** SHOWDOWN ***
fb597e0b collected $0.44 from pot
*** SUMMARY ***
Total pot $0.46 | Rake $0.02 | Jackpot $0 | Bingo $0 | Fortune $0
Board [4c 9d Kh Ac Jh]
Seat 1: 28d42aef (small blind) folded before Flop
Seat 2: fb597e0b (big blind) won ($0.44)
Seat 3: cfc0b2a7 folded before Flop (didn't bet)
Seat 5: Hero folded on the River
Seat 6: e5bc3e68 (button) folded before Flop (didn't bet)


Poker Hand #HD1181564859: Hold'em No Limit  ($0.02/$0.05) - 2023/03/29 22:02:59
Table 'NLHBlue94' 6-max Seat #5 is the button
Seat 1: 28d42aef ($4.15 in chips)
Seat 2: fb597e0b ($5.03 in chips)
Seat 3: cfc0b2a7 ($6.42 in chips)
Seat 5: Hero ($6.11 in chips)
Seat 6: e5bc3e68 ($5.52 in chips)
e5bc3e68: posts small blind $0.02
28d42aef: posts big blind $0.05
*** HOLE CARDS ***
Dealt to 28d42aef 
Dealt to fb597e0b 
Dealt to cfc0b2a7 
Dealt to Hero [6c Kd]
Dealt to e5bc3e68 
fb597e0b: folds
cfc0b2a7: folds
Hero: folds
e5bc3e68: raises $0.1 to $0.15
28d42aef: calls $0.1
*** FLOP *** [Jh 4h Js]
e5bc3e68: checks
28d42aef: checks
*** TURN *** [Jh 4h Js] [8d]
e5bc3e68: checks
28d42aef: bets $0.2
e5bc3e68: folds
Uncalled bet ($0.2) returned to 28d42aef
*** SHOWDOWN ***
28d42aef collected $0.29 from pot
*** SUMMARY ***
Total pot $0.3 | Rake $0.01 | Jackpot $0 | Bingo $0 | Fortune $0
Board [Jh 4h Js 8d]
Seat 1: 28d42aef (big blind) won ($0.29)
Seat 2: fb597e0b folded before Flop (didn't bet)
Seat 3: cfc0b2a7 folded before Flop (didn't bet)
Seat 5: Hero (button) folded before Flop (didn't bet)
Seat 6: e5bc3e68 (small blind) folded on the Turn


Poker Hand #HD1181564827: Hold'em No Limit  ($0.02/$0.05) - 2023/03/29 22:02:45
Table 'NLHBlue94' 6-max Seat #3 is the button
Seat 1: 28d42aef ($4.15 in chips)
Seat 2: fb597e0b ($5.03 in chips)
Seat 3: cfc0b2a7 ($6.42 in chips)
Seat 5: Hero ($6.13 in chips)
Seat 6: e5bc3e68 ($5.5 in chips)
Hero: posts small blind $0.02
e5bc3e68: posts big blind $0.05
*** HOLE CARDS ***
Dealt to 28d42aef 
Dealt to fb597e0b 
Dealt to cfc0b2a7 
Dealt to Hero [3s 8d]
Dealt to e5bc3e68 
28d42aef: folds
fb597e0b: folds
cfc0b2a7: folds
Hero: folds
Uncalled bet ($0.03) returned to e5bc3e68
*** SHOWDOWN ***
e5bc3e68 collected $0.04 from pot
*** SUMMARY ***
Total pot $0.04 | Rake $0 | Jackpot $0 | Bingo $0 | Fortune $0
Seat 1: 28d42aef folded before Flop (didn't bet)
Seat 2: fb597e0b folded before Flop (didn't bet)
Seat 3: cfc0b2a7 (button) folded before Flop (didn't bet)
Seat 5: Hero (small blind) folded before Flop
Seat 6: e5bc3e68 (big blind) collected ($0.04)


Poker Hand #HD1181564749: Hold'em No Limit  ($0.02/$0.05) - 2023/03/29 22:02:17
Table 'NLHBlue94' 6-max Seat #2 is the button
Seat 1: 28d42aef ($4.08 in chips)
Seat 2: fb597e0b ($5.03 in chips)
Seat 3: cfc0b2a7 ($6.44 in chips)
Seat 4: 95bdb4ae ($5.05 in chips)
Seat 5: Hero ($6.13 in chips)
Seat 6: e5bc3e68 ($5.5 in chips)
cfc0b2a7: posts small blind $0.02
95bdb4ae: posts big blind $0.05
*** HOLE CARDS ***
Dealt to 28d42aef 
Dealt to fb597e0b 
Dealt to cfc0b2a7 
Dealt to 95bdb4ae 
Dealt to Hero [5s Kd]
Dealt to e5bc3e68 
Hero: folds
e5bc3e68: folds
28d42aef: raises $0.1 to $0.15
fb597e0b: folds
cfc0b2a7: folds
95bdb4ae: folds
Uncalled bet ($0.1) returned to 28d42aef
*** SHOWDOWN ***
28d42aef collected $0.12 from pot
*** SUMMARY ***
Total pot $0.12 | Rake $0 | Jackpot $0 | Bingo $0 | Fortune $0
Seat 1: 28d42aef collected ($0.12)
Seat 2: fb597e0b (button) folded before Flop (didn't bet)
Seat 3: cfc0b2a7 (small blind) folded before Flop
Seat 4: 95bdb4ae (big blind) folded before Flop
Seat 5: Hero folded before Flop (didn't bet)
Seat 6: e5bc3e68 folded before Flop (didn't bet)


Poker Hand #HD1181564692: Hold'em No Limit  ($0.02/$0.05) - 2023/03/29 22:02:01
Table 'NLHBlue94' 6-max Seat #1 is the button
Seat 1: 28d42aef ($4.08 in chips)
Seat 2: fb597e0b ($5.05 in chips)
Seat 3: cfc0b2a7 ($6.42 in chips)
Seat 4: 95bdb4ae ($5.05 in chips)
Seat 5: Hero ($6.13 in chips)
Seat 6: e5bc3e68 ($5.5 in chips)
fb597e0b: posts small blind $0.02
cfc0b2a7: posts big blind $0.05
*** HOLE CARDS ***
Dealt to 28d42aef 
Dealt to fb597e0b 
Dealt to cfc0b2a7 
Dealt to 95bdb4ae 
Dealt to Hero [Jh Tc]
Dealt to e5bc3e68 
95bdb4ae: folds
Hero: folds
e5bc3e68: folds
28d42aef: folds
fb597e0b: folds
Uncalled bet ($0.03) returned to cfc0b2a7
*** SHOWDOWN ***
cfc0b2a7 collected $0.04 from pot
*** SUMMARY ***
Total pot $0.04 | Rake $0 | Jackpot $0 | Bingo $0 | Fortune $0
Seat 1: 28d42aef (button) folded before Flop (didn't bet)
Seat 2: fb597e0b (small blind) folded before Flop
Seat 3: cfc0b2a7 (big blind) collected ($0.04)
Seat 4: 95bdb4ae folded before Flop (didn't bet)
Seat 5: Hero folded before Flop (didn't bet)
Seat 6: e5bc3e68 folded before Flop (didn't bet)


Poker Hand #HD1181564638: Hold'em No Limit  ($0.02/$0.05) - 2023/03/29 22:01:41
Table 'NLHBlue94' 6-max Seat #6 is the button
Seat 1: 28d42aef ($4.1 in chips)
Seat 2: fb597e0b ($5 in chips)
Seat 3: cfc0b2a7 ($6.35 in chips)
Seat 4: 95bdb4ae ($5.05 in chips)
Seat 5: Hero ($6.13 in chips)
Seat 6: e5bc3e68 ($5.5 in chips)
28d42aef: posts small blind $0.02
fb597e0b: posts big blind $0.05
*** HOLE CARDS ***
Dealt to 28d42aef 
Dealt to fb597e0b 
Dealt to cfc0b2a7 
Dealt to 95bdb4ae 
Dealt to Hero [7c 7d]
Dealt to e5bc3e68 
cfc0b2a7: raises $0.1 to $0.15
95bdb4ae: folds
Hero: folds
e5bc3e68: folds
28d42aef: folds
fb597e0b: folds
Uncalled bet ($0.1) returned to cfc0b2a7
*** SHOWDOWN ***
cfc0b2a7 collected $0.12 from pot
*** SUMMARY ***
Total pot $0.12 | Rake $0 | Jackpot $0 | Bingo $0 | Fortune $0
Seat 1: 28d42aef (small blind) folded before Flop
Seat 2: fb597e0b (big blind) folded before Flop
Seat 3: cfc0b2a7 collected ($0.12)
Seat 4: 95bdb4ae folded before Flop (didn't bet)
Seat 5: Hero folded before Flop (didn't bet)
Seat 6: e5bc3e68 (button) folded before Flop (didn't bet)


Poker Hand #HD1181564592: Hold'em No Limit  ($0.02/$0.05) - 2023/03/29 22:01:27
Table 'NLHBlue94' 6-max Seat #5 is the button
Seat 1: 28d42aef ($4.15 in chips)
Seat 2: fb597e0b ($5 in chips)
Seat 3: cfc0b2a7 ($6.35 in chips)
Seat 4: 95bdb4ae ($5.05 in chips)
Seat 5: Hero ($6.13 in chips)
Seat 6: e5bc3e68 ($5.45 in chips)
e5bc3e68: posts small blind $0.02
28d42aef: posts big blind $0.05
*** HOLE CARDS ***
Dealt to 28d42aef 
Dealt to fb597e0b 
Dealt to cfc0b2a7 
Dealt to 95bdb4ae 
Dealt to Hero [2h 4c]
Dealt to e5bc3e68 
fb597e0b: folds
cfc0b2a7: folds
95bdb4ae: folds
Hero: folds
e5bc3e68: raises $0.1 to $0.15
28d42aef: folds
Uncalled bet ($0.1) returned to e5bc3e68
*** SHOWDOWN ***
e5bc3e68 collected $0.1 from pot
*** SUMMARY ***
Total pot $0.1 | Rake $0 | Jackpot $0 | Bingo $0 | Fortune $0
Seat 1: 28d42aef (big blind) folded before Flop
Seat 2: fb597e0b folded before Flop (didn't bet)
Seat 3: cfc0b2a7 folded before Flop (didn't bet)
Seat 4: 95bdb4ae folded before Flop (didn't bet)
Seat 5: Hero (button) folded before Flop (didn't bet)
Seat 6: e5bc3e68 (small blind) collected ($0.1)


Poker Hand #HD1181564552: Hold'em No Limit  ($0.02/$0.05) - 2023/03/29 22:01:14
Table 'NLHBlue94' 6-max Seat #4 is the button
Seat 1: 28d42aef ($4.15 in chips)
Seat 2: fb597e0b ($5 in chips)
Seat 3: cfc0b2a7 ($6.28 in chips)
Seat 4: 95bdb4ae ($5.05 in chips)
Seat 5: Hero ($6.15 in chips)
Seat 6: e5bc3e68 ($5.5 in chips)
Hero: posts small blind $0.02
e5bc3e68: posts big blind $0.05
*** HOLE CARDS ***
Dealt to 28d42aef 
Dealt to fb597e0b 
Dealt to cfc0b2a7 
Dealt to 95bdb4ae 
Dealt to Hero [5c 2c]
Dealt to e5bc3e68 
28d42aef: folds
fb597e0b: folds
cfc0b2a7: raises $0.1 to $0.15
95bdb4ae: folds
Hero: folds
e5bc3e68: folds
Uncalled bet ($0.1) returned to cfc0b2a7
*** SHOWDOWN ***
cfc0b2a7 collected $0.12 from pot
*** SUMMARY ***
Total pot $0.12 | Rake $0 | Jackpot $0 | Bingo $0 | Fortune $0
Seat 1: 28d42aef folded before Flop (didn't bet)
Seat 2: fb597e0b folded before Flop (didn't bet)
Seat 3: cfc0b2a7 collected ($0.12)
Seat 4: 95bdb4ae (button) folded before Flop (didn't bet)
Seat 5: Hero (small blind) folded before Flop
Seat 6: e5bc3e68 (big blind) folded before Flop


Poker Hand #HD1181564459: Hold'em No Limit  ($0.02/$0.05) - 2023/03/29 22:00:46
Table 'NLHBlue94' 6-max Seat #3 is the button
Seat 1: 28d42aef ($4.15 in chips)
Seat 2: fb597e0b ($5 in chips)
Seat 3: cfc0b2a7 ($6.28 in chips)
Seat 4: 95bdb4ae ($5 in chips)
Seat 5: Hero ($6.2 in chips)
Seat 6: e5bc3e68 ($5.5 in chips)
95bdb4ae: posts small blind $0.02
Hero: posts big blind $0.05
*** HOLE CARDS ***
Dealt to 28d42aef 
Dealt to fb597e0b 
Dealt to cfc0b2a7 
Dealt to 95bdb4ae 
Dealt to Hero [5d Td]
Dealt to e5bc3e68 
e5bc3e68: folds
28d42aef: folds
fb597e0b: folds
cfc0b2a7: folds
95bdb4ae: raises $0.08 to $0.13
Hero: folds
Uncalled bet ($0.08) returned to 95bdb4ae
*** SHOWDOWN ***
95bdb4ae collected $0.1 from pot
*** SUMMARY ***
Total pot $0.1 | Rake $0 | Jackpot $0 | Bingo $0 | Fortune $0
Seat 1: 28d42aef folded before Flop (didn't bet)
Seat 2: fb597e0b folded before Flop (didn't bet)
Seat 3: cfc0b2a7 (button) folded before Flop (didn't bet)
Seat 4: 95bdb4ae (small blind) collected ($0.1)
Seat 5: Hero (big blind) folded before Flop
Seat 6: e5bc3e68 folded before Flop (didn't bet)


Poker Hand #HD1181564349: Hold'em No Limit  ($0.02/$0.05) - 2023/03/29 22:00:03
Table 'NLHBlue94' 6-max Seat #2 is the button
Seat 1: 28d42aef ($4.15 in chips)
Seat 2: fb597e0b ($5 in chips)
Seat 3: cfc0b2a7 ($5.14 in chips)
Seat 4: 95bdb4ae ($5 in chips)
Seat 5: Hero ($6.2 in chips)
Seat 6: e5bc3e68 ($5.5 in chips)
cfc0b2a7: posts small blind $0.02
95bdb4ae: posts big blind $0.05
*** HOLE CARDS ***
Dealt to 28d42aef 
Dealt to fb597e0b 
Dealt to cfc0b2a7 
Dealt to 95bdb4ae 
Dealt to Hero [3d Th]
Dealt to e5bc3e68 
Hero: folds
e5bc3e68: folds
28d42aef: folds
fb597e0b: folds
cfc0b2a7: raises $0.1 to $0.15
95bdb4ae: raises $0.15 to $0.3
cfc0b2a7: calls $0.15
*** FLOP *** [4c 7s Ad]
cfc0b2a7: checks
95bdb4ae: checks
*** TURN *** [4c 7s Ad] [5d]
cfc0b2a7: checks
95bdb4ae: bets $0.3
cfc0b2a7: raises $0.72 to $1.02
95bdb4ae: calls $0.72
*** RIVER *** [4c 7s Ad 5d] [7c]
cfc0b2a7: bets $3.82 and is all-in
95bdb4ae: folds
Uncalled bet ($3.82) returned to cfc0b2a7
*** SHOWDOWN ***
cfc0b2a7 collected $2.46 from pot
*** SUMMARY ***
Total pot $2.64 | Rake $0.13 | Jackpot $0.05 | Bingo $0 | Fortune $0
Board [4c 7s Ad 5d 7c]
Seat 1: 28d42aef folded before Flop (didn't bet)
Seat 2: fb597e0b (button) folded before Flop (didn't bet)
Seat 3: cfc0b2a7 (small blind) won ($2.46)
Seat 4: 95bdb4ae (big blind) folded on the River
Seat 5: Hero folded before Flop (didn't bet)
Seat 6: e5bc3e68 folded before Flop (didn't bet)


Poker Hand #HD1181564236: Hold'em No Limit  ($0.02/$0.05) - 2023/03/29 21:59:22
Table 'NLHBlue94' 6-max Seat #1 is the button
Seat 1: 28d42aef ($4.15 in chips)
Seat 2: fb597e0b ($5 in chips)
Seat 3: cfc0b2a7 ($5 in chips)
Seat 5: Hero ($6.2 in chips)
Seat 6: e5bc3e68 ($5.63 in chips)
fb597e0b: posts small blind $0.02
cfc0b2a7: posts big blind $0.05
*** HOLE CARDS ***
Dealt to 28d42aef 
Dealt to fb597e0b 
Dealt to cfc0b2a7 
Dealt to Hero [7c Qd]
Dealt to e5bc3e68 
Hero: folds
e5bc3e68: raises $0.08 to $0.13
28d42aef: folds
fb597e0b: folds
cfc0b2a7: calls $0.08
*** FLOP *** [Th 5h 9s]
cfc0b2a7: checks
e5bc3e68: checks
*** TURN *** [Th 5h 9s] [Ts]
cfc0b2a7: checks
e5bc3e68: checks
*** RIVER *** [Th 5h 9s Ts] [7s]
cfc0b2a7: bets $0.21
e5bc3e68: folds
Uncalled bet ($0.21) returned to cfc0b2a7
*** SHOWDOWN ***
cfc0b2a7 collected $0.27 from pot
*** SUMMARY ***
Total pot $0.28 | Rake $0.01 | Jackpot $0 | Bingo $0 | Fortune $0
Board [Th 5h 9s Ts 7s]
Seat 1: 28d42aef (button) folded before Flop (didn't bet)
Seat 2: fb597e0b (small blind) folded before Flop
Seat 3: cfc0b2a7 (big blind) won ($0.27)
Seat 5: Hero folded before Flop (didn't bet)
Seat 6: e5bc3e68 folded on the River


Poker Hand #HD1181564162: Hold'em No Limit  ($0.02/$0.05) - 2023/03/29 21:58:56
Table 'NLHBlue94' 6-max Seat #6 is the button
Seat 1: 28d42aef ($4.17 in chips)
Seat 2: fb597e0b ($5 in chips)
Seat 3: cfc0b2a7 ($5.03 in chips)
Seat 5: Hero ($6.2 in chips)
Seat 6: e5bc3e68 ($5.42 in chips)
28d42aef: posts small blind $0.02
fb597e0b: posts big blind $0.05
*** HOLE CARDS ***
Dealt to 28d42aef 
Dealt to fb597e0b 
Dealt to cfc0b2a7 
Dealt to Hero [8h 3s]
Dealt to e5bc3e68 
cfc0b2a7: raises $0.1 to $0.15
Hero: folds
e5bc3e68: calls $0.15
28d42aef: folds
fb597e0b: folds
*** FLOP *** [2h Qd 5h]
cfc0b2a7: checks
e5bc3e68: bets $0.21
cfc0b2a7: folds
Uncalled bet ($0.21) returned to e5bc3e68
*** SHOWDOWN ***
e5bc3e68 collected $0.36 from pot
*** SUMMARY ***
Total pot $0.37 | Rake $0.01 | Jackpot $0 | Bingo $0 | Fortune $0
Board [2h Qd 5h]
Seat 1: 28d42aef (small blind) folded before Flop
Seat 2: fb597e0b (big blind) folded before Flop
Seat 3: cfc0b2a7 folded on the Flop
Seat 5: Hero folded before Flop (didn't bet)
Seat 6: e5bc3e68 (button) won ($0.36)


Poker Hand #HD1181564007: Hold'em No Limit  ($0.02/$0.05) - 2023/03/29 21:58:03
Table 'NLHBlue94' 6-max Seat #5 is the button
Seat 1: 28d42aef ($4.04 in chips)
Seat 2: fb597e0b ($5 in chips)
Seat 3: cfc0b2a7 ($5.03 in chips)
Seat 5: Hero ($6.32 in chips)
Seat 6: e5bc3e68 ($5.44 in chips)
e5bc3e68: posts small blind $0.02
28d42aef: posts big blind $0.05
*** HOLE CARDS ***
Dealt to 28d42aef 
Dealt to fb597e0b 
Dealt to cfc0b2a7 
Dealt to Hero [Qs Kc]
Dealt to e5bc3e68 
fb597e0b: folds
cfc0b2a7: folds
Hero: raises $0.07 to $0.12
e5bc3e68: folds
28d42aef: calls $0.07
*** FLOP *** [4c Jh 7h]
28d42aef: checks
Hero: checks
*** TURN *** [4c Jh 7h] [6s]
28d42aef: checks
Hero: checks
*** RIVER *** [4c Jh 7h 6s] [7s]
28d42aef: checks
Hero: checks
28d42aef: shows [As 8d] (Pair of Sevens)
Hero: shows [Qs Kc] (Pair of Sevens)
*** SHOWDOWN ***
28d42aef collected $0.25 from pot
*** SUMMARY ***
Total pot $0.26 | Rake $0.01 | Jackpot $0 | Bingo $0 | Fortune $0
Board [4c Jh 7h 6s 7s]
Seat 1: 28d42aef (big blind) showed [As 8d] and won ($0.25) with Pair of Sevens
Seat 2: fb597e0b folded before Flop (didn't bet)
Seat 3: cfc0b2a7 folded before Flop (didn't bet)
Seat 5: Hero (button) showed [Qs Kc] and lost with Pair of Sevens
Seat 6: e5bc3e68 (small blind) folded before Flop


Poker Hand #HD1181563962: Hold'em No Limit  ($0.02/$0.05) - 2023/03/29 21:57:47
Table 'NLHBlue94' 6-max Seat #3 is the button
Seat 1: 28d42aef ($4.04 in chips)
Seat 2: fb597e0b ($5 in chips)
Seat 3: cfc0b2a7 ($5.03 in chips)
Seat 5: Hero ($6.27 in chips)
Seat 6: e5bc3e68 ($5.49 in chips)
Hero: posts small blind $0.02
e5bc3e68: posts big blind $0.05
*** HOLE CARDS ***
Dealt to 28d42aef 
Dealt to fb597e0b 
Dealt to cfc0b2a7 
Dealt to Hero [Qd Ah]
Dealt to e5bc3e68 
28d42aef: folds
fb597e0b: folds
cfc0b2a7: folds
Hero: raises $0.09 to $0.14
e5bc3e68: folds
Uncalled bet ($0.09) returned to Hero
*** SHOWDOWN ***
Hero collected $0.1 from pot
*** SUMMARY ***
Total pot $0.1 | Rake $0 | Jackpot $0 | Bingo $0 | Fortune $0
Seat 1: 28d42aef folded before Flop (didn't bet)
Seat 2: fb597e0b folded before Flop (didn't bet)
Seat 3: cfc0b2a7 (button) folded before Flop (didn't bet)
Seat 5: Hero (small blind) collected ($0.1)
Seat 6: e5bc3e68 (big blind) folded before Flop


Poker Hand #HD1181563918: Hold'em No Limit  ($0.02/$0.05) - 2023/03/29 21:57:32
Table 'NLHBlue94' 6-max Seat #2 is the button
Seat 1: 28d42aef ($4.04 in chips)
Seat 2: fb597e0b ($5 in chips)
Seat 3: cfc0b2a7 ($5.05 in chips)
Seat 5: Hero ($6.25 in chips)
Seat 6: e5bc3e68 ($5.49 in chips)
cfc0b2a7: posts small blind $0.02
Hero: posts big blind $0.05
*** HOLE CARDS ***
Dealt to 28d42aef 
Dealt to fb597e0b 
Dealt to cfc0b2a7 
Dealt to Hero [5h 8s]
Dealt to e5bc3e68 
e5bc3e68: folds
28d42aef: folds
fb597e0b: folds
cfc0b2a7: folds
Uncalled bet ($0.03) returned to Hero
*** SHOWDOWN ***
Hero collected $0.04 from pot
*** SUMMARY ***
Total pot $0.04 | Rake $0 | Jackpot $0 | Bingo $0 | Fortune $0
Seat 1: 28d42aef folded before Flop (didn't bet)
Seat 2: fb597e0b (button) folded before Flop (didn't bet)
Seat 3: cfc0b2a7 (small blind) folded before Flop
Seat 5: Hero (big blind) collected ($0.04)
Seat 6: e5bc3e68 folded before Flop (didn't bet)


Poker Hand #HD1181563876: Hold'em No Limit  ($0.02/$0.05) - 2023/03/29 21:57:17
Table 'NLHBlue94' 6-max Seat #1 is the button
Seat 1: 28d42aef ($3.97 in chips)
Seat 2: fb597e0b ($5 in chips)
Seat 3: cfc0b2a7 ($5 in chips)
Seat 4: 7ba5f729 ($5.21 in chips)
Seat 5: Hero ($6.25 in chips)
Seat 6: e5bc3e68 ($5.49 in chips)
fb597e0b: posts small blind $0.02
cfc0b2a7: posts big blind $0.05
*** HOLE CARDS ***
Dealt to 28d42aef 
Dealt to fb597e0b 
Dealt to cfc0b2a7 
Dealt to 7ba5f729 
Dealt to Hero [9s 4h]
Dealt to e5bc3e68 
7ba5f729: folds
Hero: folds
e5bc3e68: folds
28d42aef: raises $0.1 to $0.15
fb597e0b: folds
cfc0b2a7: folds
Uncalled bet ($0.1) returned to 28d42aef
*** SHOWDOWN ***
28d42aef collected $0.12 from pot
*** SUMMARY ***
Total pot $0.12 | Rake $0 | Jackpot $0 | Bingo $0 | Fortune $0
Seat 1: 28d42aef (button) collected ($0.12)
Seat 2: fb597e0b (small blind) folded before Flop
Seat 3: cfc0b2a7 (big blind) folded before Flop
Seat 4: 7ba5f729 folded before Flop (didn't bet)
Seat 5: Hero folded before Flop (didn't bet)
Seat 6: e5bc3e68 folded before Flop (didn't bet)


Poker Hand #HD1181563824: Hold'em No Limit  ($0.02/$0.05) - 2023/03/29 21:57:02
Table 'NLHBlue94' 6-max Seat #6 is the button
Seat 1: 28d42aef ($3.99 in chips)
Seat 2: fb597e0b ($5 in chips)
Seat 3: cfc0b2a7 ($5 in chips)
Seat 4: 7ba5f729 ($5.21 in chips)
Seat 5: Hero ($6.18 in chips)
Seat 6: e5bc3e68 ($5.49 in chips)
28d42aef: posts small blind $0.02
fb597e0b: posts big blind $0.05
*** HOLE CARDS ***
Dealt to 28d42aef 
Dealt to fb597e0b 
Dealt to cfc0b2a7 
Dealt to 7ba5f729 
Dealt to Hero [Tc 9c]
Dealt to e5bc3e68 
cfc0b2a7: folds
7ba5f729: folds
Hero: raises $0.07 to $0.12
e5bc3e68: folds
28d42aef: folds
fb597e0b: folds
Uncalled bet ($0.07) returned to Hero
*** SHOWDOWN ***
Hero collected $0.12 from pot
*** SUMMARY ***
Total pot $0.12 | Rake $0 | Jackpot $0 | Bingo $0 | Fortune $0
Seat 1: 28d42aef (small blind) folded before Flop
Seat 2: fb597e0b (big blind) folded before Flop
Seat 3: cfc0b2a7 folded before Flop (didn't bet)
Seat 4: 7ba5f729 folded before Flop (didn't bet)
Seat 5: Hero collected ($0.12)
Seat 6: e5bc3e68 (button) folded before Flop (didn't bet)


Poker Hand #HD1181563759: Hold'em No Limit  ($0.02/$0.05) - 2023/03/29 21:56:37
Table 'NLHBlue94' 6-max Seat #5 is the button
Seat 1: 28d42aef ($3.83 in chips)
Seat 3: cfc0b2a7 ($5 in chips)
Seat 4: 7ba5f729 ($5.21 in chips)
Seat 5: Hero ($6.18 in chips)
Seat 6: e5bc3e68 ($5.51 in chips)
e5bc3e68: posts small blind $0.02
28d42aef: posts big blind $0.05
*** HOLE CARDS ***
Dealt to 28d42aef 
Dealt to cfc0b2a7 
Dealt to 7ba5f729 
Dealt to Hero [5c 6h]
Dealt to e5bc3e68 
cfc0b2a7: raises $0.1 to $0.15
7ba5f729: folds
Hero: folds
e5bc3e68: folds
28d42aef: raises $0.31 to $0.46
cfc0b2a7: folds
Uncalled bet ($0.31) returned to 28d42aef
*** SHOWDOWN ***
28d42aef collected $0.31 from pot
*** SUMMARY ***
Total pot $0.32 | Rake $0.01 | Jackpot $0 | Bingo $0 | Fortune $0
Seat 1: 28d42aef (big blind) collected ($0.31)
Seat 3: cfc0b2a7 folded before Flop
Seat 4: 7ba5f729 folded before Flop (didn't bet)
Seat 5: Hero (button) folded before Flop (didn't bet)
Seat 6: e5bc3e68 (small blind) folded before Flop


Poker Hand #HD1181563700: Hold'em No Limit  ($0.02/$0.05) - 2023/03/29 21:56:18
Table 'NLHBlue94' 6-max Seat #4 is the button
Seat 1: 28d42aef ($3.83 in chips)
Seat 3: cfc0b2a7 ($5 in chips)
Seat 4: 7ba5f729 ($5.21 in chips)
Seat 5: Hero ($6.2 in chips)
Seat 6: e5bc3e68 ($5.49 in chips)
Hero: posts small blind $0.02
e5bc3e68: posts big blind $0.05
*** HOLE CARDS ***
Dealt to 28d42aef 
Dealt to cfc0b2a7 
Dealt to 7ba5f729 
Dealt to Hero [Ts 2h]
Dealt to e5bc3e68 
28d42aef: folds
cfc0b2a7: folds
7ba5f729: folds
Hero: folds
Uncalled bet ($0.03) returned to e5bc3e68
*** SHOWDOWN ***
e5bc3e68 collected $0.04 from pot
*** SUMMARY ***
Total pot $0.04 | Rake $0 | Jackpot $0 | Bingo $0 | Fortune $0
Seat 1: 28d42aef folded before Flop (didn't bet)
Seat 3: cfc0b2a7 folded before Flop (didn't bet)
Seat 4: 7ba5f729 (button) folded before Flop (didn't bet)
Seat 5: Hero (small blind) folded before Flop
Seat 6: e5bc3e68 (big blind) collected ($0.04)


Poker Hand #HD1181563663: Hold'em No Limit  ($0.02/$0.05) - 2023/03/29 21:56:08
Table 'NLHBlue94' 6-max Seat #3 is the button
Seat 1: 28d42aef ($3.83 in chips)
Seat 3: cfc0b2a7 ($5 in chips)
Seat 4: 7ba5f729 ($5.16 in chips)
Seat 5: Hero ($6.25 in chips)
Seat 6: e5bc3e68 ($5.49 in chips)
7ba5f729: posts small blind $0.02
Hero: posts big blind $0.05
*** HOLE CARDS ***
Dealt to 28d42aef 
Dealt to cfc0b2a7 
Dealt to 7ba5f729 
Dealt to Hero [7h Jc]
Dealt to e5bc3e68 
e5bc3e68: folds
28d42aef: folds
cfc0b2a7: folds
7ba5f729: raises $0.1 to $0.15
Hero: folds
Uncalled bet ($0.1) returned to 7ba5f729
*** SHOWDOWN ***
7ba5f729 collected $0.1 from pot
*** SUMMARY ***
Total pot $0.1 | Rake $0 | Jackpot $0 | Bingo $0 | Fortune $0
Seat 1: 28d42aef folded before Flop (didn't bet)
Seat 3: cfc0b2a7 (button) folded before Flop (didn't bet)
Seat 4: 7ba5f729 (small blind) collected ($0.1)
Seat 5: Hero (big blind) folded before Flop
Seat 6: e5bc3e68 folded before Flop (didn't bet)


Poker Hand #HD1181563524: Hold'em No Limit  ($0.02/$0.05) - 2023/03/29 21:55:17
Table 'NLHBlue94' 6-max Seat #2 is the button
Seat 1: 28d42aef ($3.98 in chips)
Seat 2: 56c9e31d ($6.17 in chips)
Seat 3: cfc0b2a7 ($5 in chips)
Seat 4: 7ba5f729 ($5 in chips)
Seat 5: Hero ($6.25 in chips)
Seat 6: e5bc3e68 ($5.49 in chips)
cfc0b2a7: posts small blind $0.02
7ba5f729: posts big blind $0.05
*** HOLE CARDS ***
Dealt to 28d42aef 
Dealt to 56c9e31d 
Dealt to cfc0b2a7 
Dealt to 7ba5f729 
Dealt to Hero [9c 3s]
Dealt to e5bc3e68 
Hero: folds
e5bc3e68: folds
28d42aef: raises $0.1 to $0.15
56c9e31d: folds
cfc0b2a7: folds
7ba5f729: calls $0.1
*** FLOP *** [6h 5s 4d]
7ba5f729: checks
28d42aef: checks
*** TURN *** [6h 5s 4d] [3h]
7ba5f729: checks
28d42aef: checks
*** RIVER *** [6h 5s 4d 3h] [Qh]
7ba5f729: checks
28d42aef: checks
7ba5f729: shows [4s 4h] (Three Fours)
28d42aef: shows [6d 5d] (Pair of Sixes and Pair of Fives)
*** SHOWDOWN ***
7ba5f729 collected $0.31 from pot
*** SUMMARY ***
Total pot $0.32 | Rake $0.01 | Jackpot $0 | Bingo $0 | Fortune $0
Board [6h 5s 4d 3h Qh]
Seat 1: 28d42aef showed [6d 5d] and lost with Pair of Sixes and Pair of Fives
Seat 2: 56c9e31d (button) folded before Flop (didn't bet)
Seat 3: cfc0b2a7 (small blind) folded before Flop
Seat 4: 7ba5f729 (big blind) showed [4s 4h] and won ($0.31) with Three Fours
Seat 5: Hero folded before Flop (didn't bet)
Seat 6: e5bc3e68 folded before Flop (didn't bet)


Poker Hand #HD1181563491: Hold'em No Limit  ($0.02/$0.05) - 2023/03/29 21:55:06
Table 'NLHBlue94' 6-max Seat #1 is the button
Seat 1: 28d42aef ($3.98 in chips)
Seat 2: 56c9e31d ($6.19 in chips)
Seat 3: cfc0b2a7 ($5 in chips)
Seat 4: 7ba5f729 ($5 in chips)
Seat 5: Hero ($6.25 in chips)
Seat 6: e5bc3e68 ($5.42 in chips)
56c9e31d: posts small blind $0.02
cfc0b2a7: posts big blind $0.05
*** HOLE CARDS ***
Dealt to 28d42aef 
Dealt to 56c9e31d 
Dealt to cfc0b2a7 
Dealt to 7ba5f729 
Dealt to Hero [Th 2c]
Dealt to e5bc3e68 
7ba5f729: folds
Hero: folds
e5bc3e68: raises $0.08 to $0.13
28d42aef: folds
56c9e31d: folds
cfc0b2a7: folds
Uncalled bet ($0.08) returned to e5bc3e68
*** SHOWDOWN ***
e5bc3e68 collected $0.12 from pot
*** SUMMARY ***
Total pot $0.12 | Rake $0 | Jackpot $0 | Bingo $0 | Fortune $0
Seat 1: 28d42aef (button) folded before Flop (didn't bet)
Seat 2: 56c9e31d (small blind) folded before Flop
Seat 3: cfc0b2a7 (big blind) folded before Flop
Seat 4: 7ba5f729 folded before Flop (didn't bet)
Seat 5: Hero folded before Flop (didn't bet)
Seat 6: e5bc3e68 collected ($0.12)


Poker Hand #HD1181563374: Hold'em No Limit  ($0.02/$0.05) - 2023/03/29 21:54:27
Table 'NLHBlue94' 6-max Seat #6 is the button
Seat 1: 28d42aef ($4 in chips)
Seat 2: 56c9e31d ($5.85 in chips)
Seat 4: 7ba5f729 ($5 in chips)
Seat 5: Hero ($6.25 in chips)
Seat 6: e5bc3e68 ($5.42 in chips)
28d42aef: posts small blind $0.02
56c9e31d: posts big blind $0.05
*** HOLE CARDS ***
Dealt to 28d42aef 
Dealt to 56c9e31d 
Dealt to 7ba5f729 
Dealt to Hero [Th 5s]
Dealt to e5bc3e68 
7ba5f729: raises $0.1 to $0.15
Hero: folds
e5bc3e68: folds
28d42aef: folds
56c9e31d: calls $0.1
*** FLOP *** [Ks 4s 7c]
56c9e31d: checks
7ba5f729: bets $0.2
56c9e31d: calls $0.2
*** TURN *** [Ks 4s 7c] [5c]
56c9e31d: checks
7ba5f729: checks
*** RIVER *** [Ks 4s 7c 5c] [3c]
56c9e31d: bets $0.36
7ba5f729: folds
Uncalled bet ($0.36) returned to 56c9e31d
*** SHOWDOWN ***
56c9e31d collected $0.69 from pot
*** SUMMARY ***
Total pot $0.72 | Rake $0.03 | Jackpot $0 | Bingo $0 | Fortune $0
Board [Ks 4s 7c 5c 3c]
Seat 1: 28d42aef (small blind) folded before Flop
Seat 2: 56c9e31d (big blind) won ($0.69)
Seat 4: 7ba5f729 folded on the River
Seat 5: Hero folded before Flop (didn't bet)
Seat 6: e5bc3e68 (button) folded before Flop (didn't bet)


Poker Hand #HD1181563178: Hold'em No Limit  ($0.02/$0.05) - 2023/03/29 21:53:14
Table 'NLHBlue94' 6-max Seat #5 is the button
Seat 1: 28d42aef ($4.15 in chips)
Seat 2: 56c9e31d ($4.8 in chips)
Seat 4: 7ba5f729 ($5.07 in chips)
Seat 5: Hero ($6.25 in chips)
Seat 6: e5bc3e68 ($5.44 in chips)
e5bc3e68: posts small blind $0.02
28d42aef: posts big blind $0.05
*** HOLE CARDS ***
Dealt to 28d42aef 
Dealt to 56c9e31d 
Dealt to 7ba5f729 
Dealt to Hero [As 7c]
Dealt to e5bc3e68 
56c9e31d: raises $0.1 to $0.15
7ba5f729: calls $0.15
Hero: folds
e5bc3e68: folds
28d42aef: calls $0.1
*** FLOP *** [8d 5s 5h]
28d42aef: checks
56c9e31d: checks
7ba5f729: checks
*** TURN *** [8d 5s 5h] [2c]
28d42aef: checks
56c9e31d: bets $0.24
7ba5f729: calls $0.24
28d42aef: folds
*** RIVER *** [8d 5s 5h 2c] [Ts]
56c9e31d: checks
7ba5f729: bets $0.65
56c9e31d: calls $0.65
7ba5f729: shows [4c 3c] (Pair of Fives)
56c9e31d: shows [Qs Td] (Pair of Tens and Pair of Fives)
*** SHOWDOWN ***
56c9e31d collected $2.09 from pot
*** SUMMARY ***
Total pot $2.25 | Rake $0.11 | Jackpot $0.05 | Bingo $0 | Fortune $0
Board [8d 5s 5h 2c Ts]
Seat 1: 28d42aef (big blind) folded on the Turn
Seat 2: 56c9e31d showed [Qs Td] and won ($2.09) with Pair of Tens and Pair of Fives
Seat 4: 7ba5f729 showed [4c 3c] and lost with Pair of Fives
Seat 5: Hero (button) folded before Flop (didn't bet)
Seat 6: e5bc3e68 (small blind) folded before Flop


Poker Hand #HD1181563030: Hold'em No Limit  ($0.02/$0.05) - 2023/03/29 21:52:22
Table 'NLHBlue94' 6-max Seat #4 is the button
Seat 1: 28d42aef ($4.15 in chips)
Seat 2: 56c9e31d ($5 in chips)
Seat 4: 7ba5f729 ($5.07 in chips)
Seat 5: Hero ($6.27 in chips)
Seat 6: e5bc3e68 ($5.24 in chips)
Hero: posts small blind $0.02
e5bc3e68: posts big blind $0.05
56c9e31d: posts big blind $0.05
*** HOLE CARDS ***
Dealt to 28d42aef 
Dealt to 56c9e31d 
Dealt to 7ba5f729 
Dealt to Hero [4s 6c]
Dealt to e5bc3e68 
28d42aef: folds
56c9e31d: checks
7ba5f729: folds
Hero: folds
e5bc3e68: raises $0.15 to $0.2
56c9e31d: calls $0.15
*** FLOP *** [Ks Jd 3s]
e5bc3e68: checks
56c9e31d: checks
*** TURN *** [Ks Jd 3s] [Td]
e5bc3e68: bets $0.24
56c9e31d: folds
Uncalled bet ($0.24) returned to e5bc3e68
*** SHOWDOWN ***
e5bc3e68 collected $0.4 from pot
*** SUMMARY ***
Total pot $0.42 | Rake $0.02 | Jackpot $0 | Bingo $0 | Fortune $0
Board [Ks Jd 3s Td]
Seat 1: 28d42aef folded before Flop (didn't bet)
Seat 2: 56c9e31d folded on the Turn
Seat 4: 7ba5f729 (button) folded before Flop (didn't bet)
Seat 5: Hero (small blind) folded before Flop
Seat 6: e5bc3e68 (big blind) won ($0.4)


Poker Hand #HD1181563005: Hold'em No Limit  ($0.02/$0.05) - 2023/03/29 21:52:11
Table 'NLHBlue94' 6-max Seat #1 is the button
Seat 1: 28d42aef ($4.08 in chips)
Seat 4: 7ba5f729 ($5.09 in chips)
Seat 5: Hero ($6.32 in chips)
Seat 6: e5bc3e68 ($5.24 in chips)
7ba5f729: posts small blind $0.02
Hero: posts big blind $0.05
*** HOLE CARDS ***
Dealt to 28d42aef 
Dealt to 7ba5f729 
Dealt to Hero [2h Qd]
Dealt to e5bc3e68 
e5bc3e68: folds
28d42aef: raises $0.1 to $0.15
7ba5f729: folds
Hero: folds
Uncalled bet ($0.1) returned to 28d42aef
*** SHOWDOWN ***
28d42aef collected $0.12 from pot
*** SUMMARY ***
Total pot $0.12 | Rake $0 | Jackpot $0 | Bingo $0 | Fortune $0
Seat 1: 28d42aef (button) collected ($0.12)
Seat 4: 7ba5f729 (small blind) folded before Flop
Seat 5: Hero (big blind) folded before Flop
Seat 6: e5bc3e68 folded before Flop (didn't bet)


Poker Hand #HD1181562952: Hold'em No Limit  ($0.02/$0.05) - 2023/03/29 21:51:54
Table 'NLHBlue94' 6-max Seat #6 is the button
Seat 1: 28d42aef ($4.1 in chips)
Seat 4: 7ba5f729 ($5.14 in chips)
Seat 5: Hero ($6.25 in chips)
Seat 6: e5bc3e68 ($5.24 in chips)
28d42aef: posts small blind $0.02
7ba5f729: posts big blind $0.05
*** HOLE CARDS ***
Dealt to 28d42aef 
Dealt to 7ba5f729 
Dealt to Hero [Jd As]
Dealt to e5bc3e68 
Hero: raises $0.07 to $0.12
e5bc3e68: folds
28d42aef: folds
7ba5f729: folds
Uncalled bet ($0.07) returned to Hero
*** SHOWDOWN ***
Hero collected $0.12 from pot
*** SUMMARY ***
Total pot $0.12 | Rake $0 | Jackpot $0 | Bingo $0 | Fortune $0
Seat 1: 28d42aef (small blind) folded before Flop
Seat 4: 7ba5f729 (big blind) folded before Flop
Seat 5: Hero collected ($0.12)
Seat 6: e5bc3e68 (button) folded before Flop (didn't bet)


Poker Hand #HD1181562921: Hold'em No Limit  ($0.02/$0.05) - 2023/03/29 21:51:42
Table 'NLHBlue94' 6-max Seat #5 is the button
Seat 1: 28d42aef ($4.08 in chips)
Seat 4: 7ba5f729 ($5.14 in chips)
Seat 5: Hero ($6.25 in chips)
Seat 6: e5bc3e68 ($5.26 in chips)
e5bc3e68: posts small blind $0.02
28d42aef: posts big blind $0.05
*** HOLE CARDS ***
Dealt to 28d42aef 
Dealt to 7ba5f729 
Dealt to Hero [Ts 4s]
Dealt to e5bc3e68 
7ba5f729: folds
Hero: folds
e5bc3e68: folds
Uncalled bet ($0.03) returned to 28d42aef
*** SHOWDOWN ***
28d42aef collected $0.04 from pot
*** SUMMARY ***
Total pot $0.04 | Rake $0 | Jackpot $0 | Bingo $0 | Fortune $0
Seat 1: 28d42aef (big blind) collected ($0.04)
Seat 4: 7ba5f729 folded before Flop (didn't bet)
Seat 5: Hero (button) folded before Flop (didn't bet)
Seat 6: e5bc3e68 (small blind) folded before Flop


Poker Hand #HD1181562877: Hold'em No Limit  ($0.02/$0.05) - 2023/03/29 21:51:28
Table 'NLHBlue94' 6-max Seat #4 is the button
Seat 1: 28d42aef ($4.08 in chips)
Seat 4: 7ba5f729 ($5.14 in chips)
Seat 5: Hero ($6.2 in chips)
Seat 6: e5bc3e68 ($5.31 in chips)
Hero: posts small blind $0.02
e5bc3e68: posts big blind $0.05
*** HOLE CARDS ***
Dealt to 28d42aef 
Dealt to 7ba5f729 
Dealt to Hero [4h Qh]
Dealt to e5bc3e68 
28d42aef: folds
7ba5f729: folds
Hero: raises $0.09 to $0.14
e5bc3e68: folds
Uncalled bet ($0.09) returned to Hero
*** SHOWDOWN ***
Hero collected $0.1 from pot
*** SUMMARY ***
Total pot $0.1 | Rake $0 | Jackpot $0 | Bingo $0 | Fortune $0
Seat 1: 28d42aef folded before Flop (didn't bet)
Seat 4: 7ba5f729 (button) folded before Flop (didn't bet)
Seat 5: Hero (small blind) collected ($0.1)
Seat 6: e5bc3e68 (big blind) folded before Flop


Poker Hand #HD1181562836: Hold'em No Limit  ($0.02/$0.05) - 2023/03/29 21:51:13
Table 'NLHBlue94' 6-max Seat #1 is the button
Seat 1: 28d42aef ($4.08 in chips)
Seat 4: 7ba5f729 ($5.16 in chips)
Seat 5: Hero ($6.18 in chips)
Seat 6: e5bc3e68 ($5.31 in chips)
7ba5f729: posts small blind $0.02
Hero: posts big blind $0.05
*** HOLE CARDS ***
Dealt to 28d42aef 
Dealt to 7ba5f729 
Dealt to Hero [Ts 7c]
Dealt to e5bc3e68 
e5bc3e68: folds
28d42aef: folds
7ba5f729: folds
Uncalled bet ($0.03) returned to Hero
*** SHOWDOWN ***
Hero collected $0.04 from pot
*** SUMMARY ***
Total pot $0.04 | Rake $0 | Jackpot $0 | Bingo $0 | Fortune $0
Seat 1: 28d42aef (button) folded before Flop (didn't bet)
Seat 4: 7ba5f729 (small blind) folded before Flop
Seat 5: Hero (big blind) collected ($0.04)
Seat 6: e5bc3e68 folded before Flop (didn't bet)


Poker Hand #HD1181562791: Hold'em No Limit  ($0.02/$0.05) - 2023/03/29 21:50:57
Table 'NLHBlue94' 6-max Seat #6 is the button
Seat 1: 28d42aef ($4.1 in chips)
Seat 4: 7ba5f729 ($5.14 in chips)
Seat 5: Hero ($6.18 in chips)
Seat 6: e5bc3e68 ($5.31 in chips)
28d42aef: posts small blind $0.02
7ba5f729: posts big blind $0.05
*** HOLE CARDS ***
Dealt to 28d42aef 
Dealt to 7ba5f729 
Dealt to Hero [6h Qs]
Dealt to e5bc3e68 
Hero: folds
e5bc3e68: folds
28d42aef: folds
Uncalled bet ($0.03) returned to 7ba5f729
*** SHOWDOWN ***
7ba5f729 collected $0.04 from pot
*** SUMMARY ***
Total pot $0.04 | Rake $0 | Jackpot $0 | Bingo $0 | Fortune $0
Seat 1: 28d42aef (small blind) folded before Flop
Seat 4: 7ba5f729 (big blind) collected ($0.04)
Seat 5: Hero folded before Flop (didn't bet)
Seat 6: e5bc3e68 (button) folded before Flop (didn't bet)


Poker Hand #HD1181562745: Hold'em No Limit  ($0.02/$0.05) - 2023/03/29 21:50:41
Table 'NLHBlue94' 6-max Seat #5 is the button
Seat 1: 28d42aef ($4.15 in chips)
Seat 4: 7ba5f729 ($5.07 in chips)
Seat 5: Hero ($6.18 in chips)
Seat 6: e5bc3e68 ($5.33 in chips)
e5bc3e68: posts small blind $0.02
28d42aef: posts big blind $0.05
*** HOLE CARDS ***
Dealt to 28d42aef 
Dealt to 7ba5f729 
Dealt to Hero [Jh Qs]
Dealt to e5bc3e68 
7ba5f729: raises $0.15 to $0.2
Hero: folds
e5bc3e68: folds
28d42aef: folds
Uncalled bet ($0.15) returned to 7ba5f729
*** SHOWDOWN ***
7ba5f729 collected $0.12 from pot
*** SUMMARY ***
Total pot $0.12 | Rake $0 | Jackpot $0 | Bingo $0 | Fortune $0
Seat 1: 28d42aef (big blind) folded before Flop
Seat 4: 7ba5f729 collected ($0.12)
Seat 5: Hero (button) folded before Flop (didn't bet)
Seat 6: e5bc3e68 (small blind) folded before Flop


Poker Hand #HD1181562715: Hold'em No Limit  ($0.02/$0.05) - 2023/03/29 21:50:31
Table 'NLHBlue94' 6-max Seat #4 is the button
Seat 1: 28d42aef ($4.15 in chips)
Seat 4: 7ba5f729 ($5.07 in chips)
Seat 5: Hero ($6.2 in chips)
Seat 6: e5bc3e68 ($5.31 in chips)
Hero: posts small blind $0.02
e5bc3e68: posts big blind $0.05
*** HOLE CARDS ***
Dealt to 28d42aef 
Dealt to 7ba5f729 
Dealt to Hero [3h Kd]
Dealt to e5bc3e68 
28d42aef: folds
7ba5f729: folds
Hero: folds
Uncalled bet ($0.03) returned to e5bc3e68
*** SHOWDOWN ***
e5bc3e68 collected $0.04 from pot
*** SUMMARY ***
Total pot $0.04 | Rake $0 | Jackpot $0 | Bingo $0 | Fortune $0
Seat 1: 28d42aef folded before Flop (didn't bet)
Seat 4: 7ba5f729 (button) folded before Flop (didn't bet)
Seat 5: Hero (small blind) folded before Flop
Seat 6: e5bc3e68 (big blind) collected ($0.04)


Poker Hand #HD1181562620: Hold'em No Limit  ($0.02/$0.05) - 2023/03/29 21:49:53
Table 'NLHBlue94' 6-max Seat #1 is the button
Seat 1: 28d42aef ($4.15 in chips)
Seat 4: 7ba5f729 ($5.09 in chips)
Seat 5: Hero ($5.92 in chips)
Seat 6: e5bc3e68 ($5.6 in chips)
7ba5f729: posts small blind $0.02
Hero: posts big blind $0.05
*** HOLE CARDS ***
Dealt to 28d42aef 
Dealt to 7ba5f729 
Dealt to Hero [Js Qc]
Dealt to e5bc3e68 
e5bc3e68: raises $0.08 to $0.13
28d42aef: folds
7ba5f729: folds
Hero: calls $0.08
*** FLOP *** [4h 9c Jc]
Hero: checks
e5bc3e68: bets $0.16
Hero: raises $0.3 to $0.46
e5bc3e68: folds
Uncalled bet ($0.3) returned to Hero
*** SHOWDOWN ***
Hero collected $0.57 from pot
*** SUMMARY ***
Total pot $0.6 | Rake $0.03 | Jackpot $0 | Bingo $0 | Fortune $0
Board [4h 9c Jc]
Seat 1: 28d42aef (button) folded before Flop (didn't bet)
Seat 4: 7ba5f729 (small blind) folded before Flop
Seat 5: Hero (big blind) won ($0.57)
Seat 6: e5bc3e68 folded on the Flop


Poker Hand #HD1181562596: Hold'em No Limit  ($0.02/$0.05) - 2023/03/29 21:49:46
Table 'NLHBlue94' 6-max Seat #6 is the button
Seat 1: 28d42aef ($4.17 in chips)
Seat 4: 7ba5f729 ($5.07 in chips)
Seat 5: Hero ($5.92 in chips)
Seat 6: e5bc3e68 ($5.6 in chips)
28d42aef: posts small blind $0.02
7ba5f729: posts big blind $0.05
*** HOLE CARDS ***
Dealt to 28d42aef 
Dealt to 7ba5f729 
Dealt to Hero [9s Tc]
Dealt to e5bc3e68 
Hero: folds
e5bc3e68: folds
28d42aef: folds
Uncalled bet ($0.03) returned to 7ba5f729
*** SHOWDOWN ***
7ba5f729 collected $0.04 from pot
*** SUMMARY ***
Total pot $0.04 | Rake $0 | Jackpot $0 | Bingo $0 | Fortune $0
Seat 1: 28d42aef (small blind) folded before Flop
Seat 4: 7ba5f729 (big blind) collected ($0.04)
Seat 5: Hero folded before Flop (didn't bet)
Seat 6: e5bc3e68 (button) folded before Flop (didn't bet)


Poker Hand #HD1181562468: Hold'em No Limit  ($0.02/$0.05) - 2023/03/29 21:48:59
Table 'NLHBlue94' 6-max Seat #5 is the button
Seat 1: 28d42aef ($4.38 in chips)
Seat 4: 7ba5f729 ($5.07 in chips)
Seat 5: Hero ($5.71 in chips)
Seat 6: e5bc3e68 ($5.62 in chips)
e5bc3e68: posts small blind $0.02
28d42aef: posts big blind $0.05
*** HOLE CARDS ***
Dealt to 28d42aef 
Dealt to 7ba5f729 
Dealt to Hero [Qh Qc]
Dealt to e5bc3e68 
7ba5f729: folds
Hero: raises $0.07 to $0.12
e5bc3e68: folds
28d42aef: calls $1.  
*** FLOP *** [8c 2c Kc]
28d42aef: checks
Hero: bets $0.09
28d42aef: calls $0.09
*** TURN *** [8c 2c Kc] [7d]
28d42aef: checks
Hero: bets $0.22
28d42aef: folds
Uncalled bet ($0.22) returned to Hero
*** SHOWDOWN ***
Hero collected $0.42 from pot
*** SUMMARY ***
Total pot $0.44 | Rake $0.02 | Jackpot $0 | Bingo $0 | Fortune $0
Board [8c 2c Kc 7d]
Seat 1: 28d42aef (big blind) folded on the Turn
Seat 4: 7ba5f729 folded before Flop (didn't bet)
Seat 5: Hero (button) won ($0.42)
Seat 6: e5bc3e68 (small blind) folded before Flop


Poker Hand #HD1181562385: Hold'em No Limit  ($0.02/$0.05) - 2023/03/29 21:48:28
Table 'NLHBlue94' 6-max Seat #4 is the button
Seat 1: 28d42aef ($4.53 in chips)
Seat 4: 7ba5f729 ($5.07 in chips)
Seat 5: Hero ($5.73 in chips)
Seat 6: e5bc3e68 ($5.46 in chips)
Hero: posts small blind $0.02
e5bc3e68: posts big blind $0.05
*** HOLE CARDS ***
Dealt to 28d42aef 
Dealt to 7ba5f729 
Dealt to Hero [7s 3d]
Dealt to e5bc3e68 
28d42aef: raises $0.1 to $0.15
7ba5f729: folds
Hero: folds
e5bc3e68: raises $0.45 to $0.6
28d42aef: folds
Uncalled bet ($0.45) returned to e5bc3e68
*** SHOWDOWN ***
e5bc3e68 collected $0.31 from pot
*** SUMMARY ***
Total pot $0.32 | Rake $0.01 | Jackpot $0 | Bingo $0 | Fortune $0
Seat 1: 28d42aef folded before Flop
Seat 4: 7ba5f729 (button) folded before Flop (didn't bet)
Seat 5: Hero (small blind) folded before Flop
Seat 6: e5bc3e68 (big blind) collected ($0.31)


Poker Hand #HD1181562345: Hold'em No Limit  ($0.02/$0.05) - 2023/03/29 21:48:14
Table 'NLHBlue94' 6-max Seat #1 is the button
Seat 1: 28d42aef ($4.53 in chips)
Seat 4: 7ba5f729 ($5.09 in chips)
Seat 5: Hero ($5.78 in chips)
Seat 6: e5bc3e68 ($5.39 in chips)
7ba5f729: posts small blind $0.02
Hero: posts big blind $0.05
*** HOLE CARDS ***
Dealt to 28d42aef 
Dealt to 7ba5f729 
Dealt to Hero [3h 6s]
Dealt to e5bc3e68 
e5bc3e68: raises $0.08 to $0.13
28d42aef: folds
7ba5f729: folds
Hero: folds
Uncalled bet ($0.08) returned to e5bc3e68
*** SHOWDOWN ***
e5bc3e68 collected $0.12 from pot
*** SUMMARY ***
Total pot $0.12 | Rake $0 | Jackpot $0 | Bingo $0 | Fortune $0
Seat 1: 28d42aef (button) folded before Flop (didn't bet)
Seat 4: 7ba5f729 (small blind) folded before Flop
Seat 5: Hero (big blind) folded before Flop
Seat 6: e5bc3e68 collected ($0.12)


Poker Hand #HD1181562320: Hold'em No Limit  ($0.02/$0.05) - 2023/03/29 21:48:05
Table 'NLHBlue94' 6-max Seat #6 is the button
Seat 1: 28d42aef ($4.55 in chips)
Seat 4: 7ba5f729 ($5.07 in chips)
Seat 5: Hero ($5.78 in chips)
Seat 6: e5bc3e68 ($5.39 in chips)
28d42aef: posts small blind $0.02
7ba5f729: posts big blind $0.05
*** HOLE CARDS ***
Dealt to 28d42aef 
Dealt to 7ba5f729 
Dealt to Hero [6c 5h]
Dealt to e5bc3e68 
Hero: folds
e5bc3e68: folds
28d42aef: folds
Uncalled bet ($0.03) returned to 7ba5f729
*** SHOWDOWN ***
7ba5f729 collected $0.04 from pot
*** SUMMARY ***
Total pot $0.04 | Rake $0 | Jackpot $0 | Bingo $0 | Fortune $0
Seat 1: 28d42aef (small blind) folded before Flop
Seat 4: 7ba5f729 (big blind) collected ($0.04)
Seat 5: Hero folded before Flop (didn't bet)
Seat 6: e5bc3e68 (button) folded before Flop (didn't bet)


Poker Hand #HD1181562267: Hold'em No Limit  ($0.02/$0.05) - 2023/03/29 21:47:43
Table 'NLHBlue94' 6-max Seat #5 is the button
Seat 1: 28d42aef ($4.6 in chips)
Seat 4: 7ba5f729 ($5 in chips)
Seat 5: Hero ($5.78 in chips)
Seat 6: e5bc3e68 ($5.41 in chips)
e5bc3e68: posts small blind $0.02
28d42aef: posts big blind $0.05
*** HOLE CARDS ***
Dealt to 28d42aef 
Dealt to 7ba5f729 
Dealt to Hero [Qc 4d]
Dealt to e5bc3e68 
7ba5f729: raises $0.1 to $0.15
Hero: folds
e5bc3e68: folds
28d42aef: folds
Uncalled bet ($0.1) returned to 7ba5f729
*** SHOWDOWN ***
7ba5f729 collected $0.12 from pot
*** SUMMARY ***
Total pot $0.12 | Rake $0 | Jackpot $0 | Bingo $0 | Fortune $0
Seat 1: 28d42aef (big blind) folded before Flop
Seat 4: 7ba5f729 collected ($0.12)
Seat 5: Hero (button) folded before Flop (didn't bet)
Seat 6: e5bc3e68 (small blind) folded before Flop


Poker Hand #HD1181562148: Hold'em No Limit  ($0.02/$0.05) - 2023/03/29 21:47:04
Table 'NLHBlue94' 6-max Seat #4 is the button
Seat 1: 28d42aef ($4.6 in chips)
Seat 4: 7ba5f729 ($5 in chips)
Seat 5: Hero ($5.8 in chips)
Seat 6: e5bc3e68 ($5.07 in chips)
Hero: posts small blind $0.02
e5bc3e68: posts big blind $0.05
*** HOLE CARDS ***
Dealt to 28d42aef 
Dealt to 7ba5f729 
Dealt to Hero [Qc 6d]
Dealt to e5bc3e68 
28d42aef: folds
7ba5f729: raises $0.1 to $0.15
Hero: folds
e5bc3e68: calls $0.1
*** FLOP *** [Qh 8h 3s]
e5bc3e68: checks
7ba5f729: bets $0.2
e5bc3e68: calls $0.2
*** TURN *** [Qh 8h 3s] [4h]
e5bc3e68: checks
7ba5f729: checks
*** RIVER *** [Qh 8h 3s 4h] [9d]
e5bc3e68: checks
7ba5f729: checks
e5bc3e68: shows [8d 5d] (Pair of Eights)
7ba5f729: shows [Ts Ac] (Ace-High)
*** SHOWDOWN ***
e5bc3e68 collected $0.69 from pot
*** SUMMARY ***
Total pot $0.72 | Rake $0.03 | Jackpot $0 | Bingo $0 | Fortune $0
Board [Qh 8h 3s 4h 9d]
Seat 1: 28d42aef folded before Flop (didn't bet)
Seat 4: 7ba5f729 (button) showed [Ts Ac] and lost with Ace-High
Seat 5: Hero (small blind) folded before Flop
Seat 6: e5bc3e68 (big blind) showed [8d 5d] and won ($0.69) with Pair of Eights


Poker Hand #HD1181562102: Hold'em No Limit  ($0.02/$0.05) - 2023/03/29 21:46:46
Table 'NLHBlue94' 6-max Seat #1 is the button
Seat 1: 28d42aef ($4.6 in chips)
Seat 4: 7ba5f729 ($5.02 in chips)
Seat 5: Hero ($5.78 in chips)
Seat 6: e5bc3e68 ($5.07 in chips)
7ba5f729: posts small blind $0.02
Hero: posts big blind $0.05
*** HOLE CARDS ***
Dealt to 28d42aef 
Dealt to 7ba5f729 
Dealt to Hero [6d 9s]
Dealt to e5bc3e68 
e5bc3e68: folds
28d42aef: folds
7ba5f729: folds
Uncalled bet ($0.03) returned to Hero
*** SHOWDOWN ***
Hero collected $0.04 from pot
*** SUMMARY ***
Total pot $0.04 | Rake $0 | Jackpot $0 | Bingo $0 | Fortune $0
Seat 1: 28d42aef (button) folded before Flop (didn't bet)
Seat 4: 7ba5f729 (small blind) folded before Flop
Seat 5: Hero (big blind) collected ($0.04)
Seat 6: e5bc3e68 folded before Flop (didn't bet)


Poker Hand #HD1181562072: Hold'em No Limit  ($0.02/$0.05) - 2023/03/29 21:46:37
Table 'NLHBlue94' 6-max Seat #6 is the button
Seat 1: 28d42aef ($4.62 in chips)
Seat 4: 7ba5f729 ($5 in chips)
Seat 5: Hero ($5.78 in chips)
Seat 6: e5bc3e68 ($5.07 in chips)
28d42aef: posts small blind $0.02
7ba5f729: posts big blind $0.05
*** HOLE CARDS ***
Dealt to 28d42aef 
Dealt to 7ba5f729 
Dealt to Hero [4h Qs]
Dealt to e5bc3e68 
Hero: folds
e5bc3e68: folds
28d42aef: folds
Uncalled bet ($0.03) returned to 7ba5f729
*** SHOWDOWN ***
7ba5f729 collected $0.04 from pot
*** SUMMARY ***
Total pot $0.04 | Rake $0 | Jackpot $0 | Bingo $0 | Fortune $0
Seat 1: 28d42aef (small blind) folded before Flop
Seat 4: 7ba5f729 (big blind) collected ($0.04)
Seat 5: Hero folded before Flop (didn't bet)
Seat 6: e5bc3e68 (button) folded before Flop (didn't bet)


Poker Hand #HD1181562020: Hold'em No Limit  ($0.02/$0.05) - 2023/03/29 21:46:21
Table 'NLHBlue94' 6-max Seat #5 is the button
Seat 1: 28d42aef ($4.67 in chips)
Seat 5: Hero ($5.78 in chips)
Seat 6: e5bc3e68 ($5.02 in chips)
e5bc3e68: posts small blind $0.02
28d42aef: posts big blind $0.05
*** HOLE CARDS ***
Dealt to 28d42aef 
Dealt to Hero [Jh 3h]
Dealt to e5bc3e68 
Hero: folds
e5bc3e68: raises $0.1 to $0.15
28d42aef: folds
Uncalled bet ($0.1) returned to e5bc3e68
*** SHOWDOWN ***
e5bc3e68 collected $0.1 from pot
*** SUMMARY ***
Total pot $0.1 | Rake $0 | Jackpot $0 | Bingo $0 | Fortune $0
Seat 1: 28d42aef (big blind) folded before Flop
Seat 5: Hero (button) folded before Flop (didn't bet)
Seat 6: e5bc3e68 (small blind) collected ($0.1)


Poker Hand #HD1181561993: Hold'em No Limit  ($0.02/$0.05) - 2023/03/29 21:46:12
Table 'NLHBlue94' 6-max Seat #1 is the button
Seat 1: 28d42aef ($4.67 in chips)
Seat 5: Hero ($5.8 in chips)
Seat 6: e5bc3e68 ($5 in chips)
Hero: posts small blind $0.02
e5bc3e68: posts big blind $0.05
*** HOLE CARDS ***
Dealt to 28d42aef 
Dealt to Hero [2h Kc]
Dealt to e5bc3e68 
28d42aef: folds
Hero: folds
Uncalled bet ($0.03) returned to e5bc3e68
*** SHOWDOWN ***
e5bc3e68 collected $0.04 from pot
*** SUMMARY ***
Total pot $0.04 | Rake $0 | Jackpot $0 | Bingo $0 | Fortune $0
Seat 1: 28d42aef (button) folded before Flop (didn't bet)
Seat 5: Hero (small blind) folded before Flop
Seat 6: e5bc3e68 (big blind) collected ($0.04)


Poker Hand #HD1181561888: Hold'em No Limit  ($0.02/$0.05) - 2023/03/29 21:45:32
Table 'NLHBlue94' 6-max Seat #6 is the button
Seat 1: 28d42aef ($4.69 in chips)
Seat 3: ef505662 ($0.73 in chips)
Seat 5: Hero ($5.12 in chips)
Seat 6: e5bc3e68 ($5 in chips)
28d42aef: posts small blind $0.02
ef505662: posts big blind $0.05
*** HOLE CARDS ***
Dealt to 28d42aef 
Dealt to ef505662 
Dealt to Hero [Ah As]
Dealt to e5bc3e68 
Hero: raises $0.07 to $0.12
e5bc3e68: folds
28d42aef: folds
ef505662: calls $0.07
*** FLOP *** [Qs 5h Kh]
ef505662: checks
Hero: bets $0.13
ef505662: calls $0.13
*** TURN *** [Qs 5h Kh] [Ac]
ef505662: bets $0.48 and is all-in
Hero: calls $0.48
ef505662: shows [9h 7h] (Ace-High)
Hero: shows [Ah As] (Three Aces)
*** RIVER *** [Qs 5h Kh Ac] [9s]
*** SHOWDOWN ***
Hero collected $1.41 from pot
*** SUMMARY ***
Total pot $1.48 | Rake $0.07 | Jackpot $0 | Bingo $0 | Fortune $0
Board [Qs 5h Kh Ac 9s]
Seat 1: 28d42aef (small blind) folded before Flop
Seat 3: ef505662 (big blind) showed [9h 7h] and lost with Pair of Nines
Seat 5: Hero showed [Ah As] and won ($1.41) with Three Aces
Seat 6: e5bc3e68 (button) folded before Flop (didn't bet)


Poker Hand #HD1181561851: Hold'em No Limit  ($0.02/$0.05) - 2023/03/29 21:45:18
Table 'NLHBlue94' 6-max Seat #5 is the button
Seat 1: 28d42aef ($4.74 in chips)
Seat 2: 5a529d60 ($6.45 in chips)
Seat 3: ef505662 ($0.73 in chips)
Seat 5: Hero ($5.05 in chips)
Seat 6: e5bc3e68 ($5.02 in chips)
e5bc3e68: posts small blind $0.02
28d42aef: posts big blind $0.05
*** HOLE CARDS ***
Dealt to 28d42aef 
Dealt to 5a529d60 
Dealt to ef505662 
Dealt to Hero [Td Kh]
Dealt to e5bc3e68 
5a529d60: folds
ef505662: folds
Hero: raises $0.07 to $0.12
e5bc3e68: folds
28d42aef: folds
Uncalled bet ($0.07) returned to Hero
*** SHOWDOWN ***
Hero collected $0.12 from pot
*** SUMMARY ***
Total pot $0.12 | Rake $0 | Jackpot $0 | Bingo $0 | Fortune $0
Seat 1: 28d42aef (big blind) folded before Flop
Seat 2: 5a529d60 folded before Flop (didn't bet)
Seat 3: ef505662 folded before Flop (didn't bet)
Seat 5: Hero (button) collected ($0.12)
Seat 6: e5bc3e68 (small blind) folded before Flop


Poker Hand #HD1181561831: Hold'em No Limit  ($0.02/$0.05) - 2023/03/29 21:45:09
Table 'NLHBlue94' 6-max Seat #3 is the button
Seat 1: 28d42aef ($4.74 in chips)
Seat 2: 5a529d60 ($6.45 in chips)
Seat 3: ef505662 ($0.73 in chips)
Seat 5: Hero ($5.07 in chips)
Seat 6: e5bc3e68 ($5 in chips)
Hero: posts small blind $0.02
e5bc3e68: posts big blind $0.05
*** HOLE CARDS ***
Dealt to 28d42aef 
Dealt to 5a529d60 
Dealt to ef505662 
Dealt to Hero [2h 4h]
Dealt to e5bc3e68 
28d42aef: folds
5a529d60: folds
ef505662: folds
Hero: folds
Uncalled bet ($0.03) returned to e5bc3e68
*** SHOWDOWN ***
e5bc3e68 collected $0.04 from pot
*** SUMMARY ***
Total pot $0.04 | Rake $0 | Jackpot $0 | Bingo $0 | Fortune $0
Seat 1: 28d42aef folded before Flop (didn't bet)
Seat 2: 5a529d60 folded before Flop (didn't bet)
Seat 3: ef505662 (button) folded before Flop (didn't bet)
Seat 5: Hero (small blind) folded before Flop
Seat 6: e5bc3e68 (big blind) collected ($0.04)


Poker Hand #HD1181561804: Hold'em No Limit  ($0.02/$0.05) - 2023/03/29 21:45:00
Table 'NLHBlue94' 6-max Seat #2 is the button
Seat 1: 28d42aef ($4.67 in chips)
Seat 2: 5a529d60 ($6.45 in chips)
Seat 3: ef505662 ($0.75 in chips)
Seat 5: Hero ($5.12 in chips)
Seat 6: e5bc3e68 ($5 in chips)
ef505662: posts small blind $0.02
Hero: posts big blind $0.05
*** HOLE CARDS ***
Dealt to 28d42aef 
Dealt to 5a529d60 
Dealt to ef505662 
Dealt to Hero [3s Qc]
Dealt to e5bc3e68 
e5bc3e68: folds
28d42aef: raises $0.1 to $0.15
5a529d60: folds
ef505662: folds
Hero: folds
Uncalled bet ($0.1) returned to 28d42aef
*** SHOWDOWN ***
28d42aef collected $0.12 from pot
*** SUMMARY ***
Total pot $0.12 | Rake $0 | Jackpot $0 | Bingo $0 | Fortune $0
Seat 1: 28d42aef collected ($0.12)
Seat 2: 5a529d60 (button) folded before Flop (didn't bet)
Seat 3: ef505662 (small blind) folded before Flop
Seat 5: Hero (big blind) folded before Flop
Seat 6: e5bc3e68 folded before Flop (didn't bet)


Poker Hand #HD1181561778: Hold'em No Limit  ($0.02/$0.05) - 2023/03/29 21:44:49
Table 'NLHBlue94' 6-max Seat #1 is the button
Seat 1: 28d42aef ($4.67 in chips)
Seat 2: 5a529d60 ($6.4 in chips)
Seat 3: ef505662 ($0.8 in chips)
Seat 5: Hero ($5.12 in chips)
Seat 6: e5bc3e68 ($5 in chips)
5a529d60: posts small blind $0.02
ef505662: posts big blind $0.05
*** HOLE CARDS ***
Dealt to 28d42aef 
Dealt to 5a529d60 
Dealt to ef505662 
Dealt to Hero [Kd 6h]
Dealt to e5bc3e68 
Hero: folds
e5bc3e68: folds
28d42aef: folds
5a529d60: raises $0.1 to $0.15
ef505662: folds
Uncalled bet ($0.1) returned to 5a529d60
*** SHOWDOWN ***
5a529d60 collected $0.1 from pot
*** SUMMARY ***
Total pot $0.1 | Rake $0 | Jackpot $0 | Bingo $0 | Fortune $0
Seat 1: 28d42aef (button) folded before Flop (didn't bet)
Seat 2: 5a529d60 (small blind) collected ($0.1)
Seat 3: ef505662 (big blind) folded before Flop
Seat 5: Hero folded before Flop (didn't bet)
Seat 6: e5bc3e68 folded before Flop (didn't bet)


Poker Hand #HD1181561728: Hold'em No Limit  ($0.02/$0.05) - 2023/03/29 21:44:33
Table 'NLHBlue94' 6-max Seat #6 is the button
Seat 1: 28d42aef ($4.69 in chips)
Seat 2: 5a529d60 ($6.45 in chips)
Seat 3: ef505662 ($0.8 in chips)
Seat 4: ed9374c5 ($2.69 in chips)
Seat 5: Hero ($5.05 in chips)
Seat 6: e5bc3e68 ($5 in chips)
28d42aef: posts small blind $0.02
5a529d60: posts big blind $0.05
*** HOLE CARDS ***
Dealt to 28d42aef 
Dealt to 5a529d60 
Dealt to ef505662 
Dealt to ed9374c5 
Dealt to Hero [Kc As]
Dealt to e5bc3e68 
ef505662: folds
ed9374c5: folds
Hero: raises $0.07 to $0.12
e5bc3e68: folds
28d42aef: folds
5a529d60: folds
Uncalled bet ($0.07) returned to Hero
*** SHOWDOWN ***
Hero collected $0.12 from pot
*** SUMMARY ***
Total pot $0.12 | Rake $0 | Jackpot $0 | Bingo $0 | Fortune $0
Seat 1: 28d42aef (small blind) folded before Flop
Seat 2: 5a529d60 (big blind) folded before Flop
Seat 3: ef505662 folded before Flop (didn't bet)
Seat 4: ed9374c5 folded before Flop (didn't bet)
Seat 5: Hero collected ($0.12)
Seat 6: e5bc3e68 (button) folded before Flop (didn't bet)


Poker Hand #HD1181561695: Hold'em No Limit  ($0.02/$0.05) - 2023/03/29 21:44:21
Table 'NLHBlue94' 6-max Seat #5 is the button
Seat 1: 28d42aef ($4.67 in chips)
Seat 2: 5a529d60 ($6.45 in chips)
Seat 3: ef505662 ($0.8 in chips)
Seat 4: ed9374c5 ($2.69 in chips)
Seat 5: Hero ($5.05 in chips)
Seat 6: e5bc3e68 ($5.02 in chips)
e5bc3e68: posts small blind $0.02
28d42aef: posts big blind $0.05
*** HOLE CARDS ***
Dealt to 28d42aef 
Dealt to 5a529d60 
Dealt to ef505662 
Dealt to ed9374c5 
Dealt to Hero [Js 6c]
Dealt to e5bc3e68 
5a529d60: folds
ef505662: folds
ed9374c5: folds
Hero: folds
e5bc3e68: folds
Uncalled bet ($0.03) returned to 28d42aef
*** SHOWDOWN ***
28d42aef collected $0.04 from pot
*** SUMMARY ***
Total pot $0.04 | Rake $0 | Jackpot $0 | Bingo $0 | Fortune $0
Seat 1: 28d42aef (big blind) collected ($0.04)
Seat 2: 5a529d60 folded before Flop (didn't bet)
Seat 3: ef505662 folded before Flop (didn't bet)
Seat 4: ed9374c5 folded before Flop (didn't bet)
Seat 5: Hero (button) folded before Flop (didn't bet)
Seat 6: e5bc3e68 (small blind) folded before Flop


Poker Hand #HD1181561620: Hold'em No Limit  ($0.02/$0.05) - 2023/03/29 21:43:55
Table 'NLHBlue94' 6-max Seat #4 is the button
Seat 1: 28d42aef ($4.67 in chips)
Seat 2: 5a529d60 ($6.45 in chips)
Seat 3: ef505662 ($0.8 in chips)
Seat 4: ed9374c5 ($2.69 in chips)
Seat 5: Hero ($5 in chips)
Seat 6: e5bc3e68 ($5.07 in chips)
Hero: posts small blind $0.02
e5bc3e68: posts big blind $0.05
*** HOLE CARDS ***
Dealt to 28d42aef 
Dealt to 5a529d60 
Dealt to ef505662 
Dealt to ed9374c5 
Dealt to Hero [8c 7c]
Dealt to e5bc3e68 
28d42aef: folds
5a529d60: folds
ef505662: folds
ed9374c5: folds
Hero: raises $0.09 to $0.14
e5bc3e68: folds
Uncalled bet ($0.09) returned to Hero
*** SHOWDOWN ***
Hero collected $0.1 from pot
*** SUMMARY ***
Total pot $0.1 | Rake $0 | Jackpot $0 | Bingo $0 | Fortune $0
Seat 1: 28d42aef folded before Flop (didn't bet)
Seat 2: 5a529d60 folded before Flop (didn't bet)
Seat 3: ef505662 folded before Flop (didn't bet)
Seat 4: ed9374c5 (button) folded before Flop (didn't bet)
Seat 5: Hero (small blind) collected ($0.1)
Seat 6: e5bc3e68 (big blind) folded before Flop


Poker Hand #HD1181561587: Hold'em No Limit  ($0.02/$0.05) - 2023/03/29 21:43:43
Table 'NLHBlue94' 6-max Seat #3 is the button
Seat 1: 28d42aef ($4.67 in chips)
Seat 2: 5a529d60 ($6.45 in chips)
Seat 3: ef505662 ($0.8 in chips)
Seat 4: ed9374c5 ($2.71 in chips)
Seat 5: Hero ($5 in chips)
Seat 6: e5bc3e68 ($5 in chips)
ed9374c5: posts small blind $0.02
Hero: posts big blind $0.05
*** HOLE CARDS ***
Dealt to 28d42aef 
Dealt to 5a529d60 
Dealt to ef505662 
Dealt to ed9374c5 
Dealt to Hero [6c Td]
Dealt to e5bc3e68 
e5bc3e68: raises $0.08 to $0.13
28d42aef: folds
5a529d60: folds
ef505662: folds
ed9374c5: folds
Hero: folds
Uncalled bet ($0.08) returned to e5bc3e68
*** SHOWDOWN ***
e5bc3e68 collected $0.12 from pot
*** SUMMARY ***
Total pot $0.12 | Rake $0 | Jackpot $0 | Bingo $0 | Fortune $0
Seat 1: 28d42aef folded before Flop (didn't bet)
Seat 2: 5a529d60 folded before Flop (didn't bet)
Seat 3: ef505662 (button) folded before Flop (didn't bet)
Seat 4: ed9374c5 (small blind) folded before Flop
Seat 5: Hero (big blind) folded before Flop
Seat 6: e5bc3e68 collected ($0.12)


Poker Hand #HD1181561521: Hold'em No Limit  ($0.02/$0.05) - 2023/03/29 21:43:18
Table 'NLHBlue94' 6-max Seat #2 is the button
Seat 1: 28d42aef ($4.67 in chips)
Seat 2: 5a529d60 ($6.27 in chips)
Seat 3: ef505662 ($0.82 in chips)
Seat 4: ed9374c5 ($2.76 in chips)
Seat 5: Hero ($5 in chips)
Seat 6: e5bc3e68 ($5 in chips)
ef505662: posts small blind $0.02
ed9374c5: posts big blind $0.05
*** HOLE CARDS ***
Dealt to 28d42aef 
Dealt to 5a529d60 
Dealt to ef505662 
Dealt to ed9374c5 
Dealt to Hero [Td 9d]
Dealt to e5bc3e68 
Hero: raises $0.07 to $0.12
e5bc3e68: folds
28d42aef: folds
5a529d60: raises $0.33 to $0.45
ef505662: folds
ed9374c5: folds
Hero: folds
Uncalled bet ($0.33) returned to 5a529d60
*** SHOWDOWN ***
5a529d60 collected $0.3 from pot
*** SUMMARY ***
Total pot $0.31 | Rake $0.01 | Jackpot $0 | Bingo $0 | Fortune $0
Seat 1: 28d42aef folded before Flop (didn't bet)
Seat 2: 5a529d60 (button) collected ($0.3)
Seat 3: ef505662 (small blind) folded before Flop
Seat 4: ed9374c5 (big blind) folded before Flop
Seat 5: Hero folded before Flop
Seat 6: e5bc3e68 folded before Flop (didn't bet)


Poker Hand #HD1181561497: Hold'em No Limit  ($0.02/$0.05) - 2023/03/29 21:43:09
Table 'NLHBlue94' 6-max Seat #1 is the button
Seat 1: 28d42aef ($4.67 in chips)
Seat 2: 5a529d60 ($6.29 in chips)
Seat 3: ef505662 ($0.8 in chips)
Seat 4: ed9374c5 ($2.76 in chips)
Seat 5: Hero ($5 in chips)
Seat 6: e5bc3e68 ($5 in chips)
5a529d60: posts small blind $0.02
ef505662: posts big blind $0.05
*** HOLE CARDS ***
Dealt to 28d42aef 
Dealt to 5a529d60 
Dealt to ef505662 
Dealt to ed9374c5 
Dealt to Hero [Qd 5d]
Dealt to e5bc3e68 
ed9374c5: folds
Hero: folds
e5bc3e68: folds
28d42aef: folds
5a529d60: folds
Uncalled bet ($0.03) returned to ef505662
*** SHOWDOWN ***
ef505662 collected $0.04 from pot
*** SUMMARY ***
Total pot $0.04 | Rake $0 | Jackpot $0 | Bingo $0 | Fortune $0
Seat 1: 28d42aef (button) folded before Flop (didn't bet)
Seat 2: 5a529d60 (small blind) folded before Flop
Seat 3: ef505662 (big blind) collected ($0.04)
Seat 4: ed9374c5 folded before Flop (didn't bet)
Seat 5: Hero folded before Flop (didn't bet)
Seat 6: e5bc3e68 folded before Flop (didn't bet)


Poker Hand #HD1181561332: Hold'em No Limit  ($0.02/$0.05) - 2023/03/29 21:42:09
Table 'NLHBlue94' 6-max Seat #6 is the button
Seat 1: 28d42aef ($4.69 in chips)
Seat 2: 5a529d60 ($6.34 in chips)
Seat 3: ef505662 ($0.8 in chips)
Seat 4: ed9374c5 ($1.34 in chips)
Seat 5: Hero ($5 in chips)
Seat 6: e5bc3e68 ($6.05 in chips)
28d42aef: posts small blind $0.02
5a529d60: posts big blind $0.05
*** HOLE CARDS ***
Dealt to 28d42aef 
Dealt to 5a529d60 
Dealt to ef505662 
Dealt to ed9374c5 
Dealt to Hero [9d Kd]
Dealt to e5bc3e68 
ef505662: folds
ed9374c5: calls $0.05
Hero: raises $0.15 to $0.2
e5bc3e68: calls $0.2
28d42aef: folds
5a529d60: folds
ed9374c5: raises $0.51 to $0.71
Hero: folds
e5bc3e68: calls $0.51
*** FLOP *** [6d 8d 4s]
ed9374c5: bets $0.63 and is all-in
e5bc3e68: calls $0.63
ed9374c5: shows [Ad Qd] (Ace-High)
e5bc3e68: shows [9c 9h] (Pair of Nines)
*** TURN *** [6d 8d 4s] [Td]
*** RIVER *** [6d 8d 4s Td] [2s]
*** SHOWDOWN ***
ed9374c5 collected $2.76 from pot
*** SUMMARY ***
Total pot $2.95 | Rake $0.14 | Jackpot $0.05 | Bingo $0 | Fortune $0
Board [6d 8d 4s Td 2s]
Seat 1: 28d42aef (small blind) folded before Flop
Seat 2: 5a529d60 (big blind) folded before Flop
Seat 3: ef505662 folded before Flop (didn't bet)
Seat 4: ed9374c5 showed [Ad Qd] and won ($2.76) with Ace High Flush
Seat 5: Hero folded before Flop
Seat 6: e5bc3e68 (button) showed [9c 9h] and lost with Pair of Nines


Poker Hand #HD1181561296: Hold'em No Limit  ($0.02/$0.05) - 2023/03/29 21:41:56
Table 'NLHBlue94' 6-max Seat #5 is the button
Seat 1: 28d42aef ($4.67 in chips)
Seat 2: 5a529d60 ($6.34 in chips)
Seat 3: ef505662 ($0.8 in chips)
Seat 4: ed9374c5 ($1.34 in chips)
Seat 5: Hero ($5 in chips)
Seat 6: e5bc3e68 ($6.07 in chips)
e5bc3e68: posts small blind $0.02
28d42aef: posts big blind $0.05
*** HOLE CARDS ***
Dealt to 28d42aef 
Dealt to 5a529d60 
Dealt to ef505662 
Dealt to ed9374c5 
Dealt to Hero [5h Kc]
Dealt to e5bc3e68 
5a529d60: folds
ef505662: folds
ed9374c5: folds
Hero: folds
e5bc3e68: folds
Uncalled bet ($0.03) returned to 28d42aef
*** SHOWDOWN ***
28d42aef collected $0.04 from pot
*** SUMMARY ***
Total pot $0.04 | Rake $0 | Jackpot $0 | Bingo $0 | Fortune $0
Seat 1: 28d42aef (big blind) collected ($0.04)
Seat 2: 5a529d60 folded before Flop (didn't bet)
Seat 3: ef505662 folded before Flop (didn't bet)
Seat 4: ed9374c5 folded before Flop (didn't bet)
Seat 5: Hero (button) folded before Flop (didn't bet)
Seat 6: e5bc3e68 (small blind) folded before Flop


Poker Hand #HD1181561183: Hold'em No Limit  ($0.02/$0.05) - 2023/03/29 21:41:14
Table 'NLHBlue94' 6-max Seat #4 is the button
Seat 1: 28d42aef ($4.67 in chips)
Seat 2: 5a529d60 ($6.34 in chips)
Seat 3: ef505662 ($0.85 in chips)
Seat 4: ed9374c5 ($1.34 in chips)
Seat 5: Hero ($5 in chips)
Seat 6: e5bc3e68 ($6 in chips)
Hero: posts small blind $0.02
e5bc3e68: posts big blind $0.05
*** HOLE CARDS ***
Dealt to 28d42aef 
Dealt to 5a529d60 
Dealt to ef505662 
Dealt to ed9374c5 
Dealt to Hero [5c As]
Dealt to e5bc3e68 
28d42aef: folds
5a529d60: folds
ef505662: calls $0.05
ed9374c5: folds
Hero: folds
e5bc3e68: checks
*** FLOP *** [4h Jd Qd]
e5bc3e68: checks
ef505662: checks
*** TURN *** [4h Jd Qd] [Th]
e5bc3e68: checks
ef505662: checks
*** RIVER *** [4h Jd Qd Th] [2h]
e5bc3e68: bets $0.07
ef505662: folds
Uncalled bet ($0.07) returned to e5bc3e68
*** SHOWDOWN ***
e5bc3e68 collected $0.12 from pot
*** SUMMARY ***
Total pot $0.12 | Rake $0 | Jackpot $0 | Bingo $0 | Fortune $0
Board [4h Jd Qd Th 2h]
Seat 1: 28d42aef folded before Flop (didn't bet)
Seat 2: 5a529d60 folded before Flop (didn't bet)
Seat 3: ef505662 folded on the River
Seat 4: ed9374c5 (button) folded before Flop (didn't bet)
Seat 5: Hero (small blind) folded before Flop
Seat 6: e5bc3e68 (big blind) won ($0.12)


Poker Hand #HD1181561152: Hold'em No Limit  ($0.02/$0.05) - 2023/03/29 21:41:01
Table 'NLHBlue94' 6-max Seat #3 is the button
Seat 1: 28d42aef ($4.67 in chips)
Seat 2: 5a529d60 ($6.34 in chips)
Seat 3: ef505662 ($0.85 in chips)
Seat 4: ed9374c5 ($1.29 in chips)
Seat 5: Hero ($5 in chips)
Seat 6: e5bc3e68 ($6 in chips)
ed9374c5: posts small blind $0.02
Hero: posts big blind $0.05
*** HOLE CARDS ***
Dealt to 28d42aef 
Dealt to 5a529d60 
Dealt to ef505662 
Dealt to ed9374c5 
Dealt to Hero [6c Td]
Dealt to e5bc3e68 
e5bc3e68: folds
28d42aef: folds
5a529d60: folds
ef505662: folds
ed9374c5: raises $0.15 to $0.2
Hero: folds
Uncalled bet ($0.15) returned to ed9374c5
*** SHOWDOWN ***
ed9374c5 collected $0.1 from pot
*** SUMMARY ***
Total pot $0.1 | Rake $0 | Jackpot $0 | Bingo $0 | Fortune $0
Seat 1: 28d42aef folded before Flop (didn't bet)
Seat 2: 5a529d60 folded before Flop (didn't bet)
Seat 3: ef505662 (button) folded before Flop (didn't bet)
Seat 4: ed9374c5 (small blind) collected ($0.1)
Seat 5: Hero (big blind) folded before Flop
Seat 6: e5bc3e68 folded before Flop (didn't bet)


