Poker Hand #HD1161466800: Hold'em No Limit  ($0.02/$0.05) - 2023/03/15 16:55:58
Table 'NLHBlue34' 6-max Seat #4 is the button
Seat 2: af3e744c ($5.37 in chips)
Seat 4: Hero ($5.02 in chips)
Hero: posts small blind $0.02
af3e744c: posts big blind $0.05
*** HOLE CARDS ***
Dealt to af3e744c 
Dealt to Hero [Kd Kh]
Hero: raises $0.09 to $0.14
af3e744c: folds
Uncalled bet ($0.09) returned to Hero
*** SHOWDOWN ***
Hero collected $0.1 from pot
*** SUMMARY ***
Total pot $0.1 | Rake $0 | Jackpot $0 | Bingo $0 | Fortune $0
Seat 2: af3e744c (big blind) folded before Flop
Seat 4: Hero (small blind) collected ($0.1)


Poker Hand #HD1161466772: Hold'em No Limit  ($0.02/$0.05) - 2023/03/15 16:55:47
Table 'NLHBlue34' 6-max Seat #2 is the button
Seat 2: af3e744c ($5.39 in chips)
Seat 4: Hero ($5 in chips)
af3e744c: posts small blind $0.02
Hero: posts big blind $0.05
*** HOLE CARDS ***
Dealt to af3e744c 
Dealt to Hero [Ks 9c]
af3e744c: folds
Uncalled bet ($0.03) returned to Hero
*** SHOWDOWN ***
Hero collected $0.04 from pot
*** SUMMARY ***
Total pot $0.04 | Rake $0 | Jackpot $0 | Bingo $0 | Fortune $0
Seat 2: af3e744c (small blind) folded before Flop
Seat 4: Hero (big blind) collected ($0.04)


Poker Hand #HD1161466728: Hold'em No Limit  ($0.02/$0.05) - 2023/03/15 16:55:29
Table 'NLHBlue34' 6-max Seat #4 is the button
Seat 2: af3e744c ($5.26 in chips)
Seat 4: Hero ($5.11 in chips)
Hero: posts small blind $0.02
af3e744c: posts big blind $0.05
*** HOLE CARDS ***
Dealt to af3e744c 
Dealt to Hero [Ts 6s]
Hero: raises $0.09 to $0.14
af3e744c: raises $0.55 to $0.69
Hero: folds
Uncalled bet ($0.55) returned to af3e744c
*** SHOWDOWN ***
af3e744c collected $0.27 from pot
*** SUMMARY ***
Total pot $0.28 | Rake $0.01 | Jackpot $0 | Bingo $0 | Fortune $0
Seat 2: af3e744c (big blind) collected ($0.27)
Seat 4: Hero (small blind) folded before Flop


Poker Hand #HD1161466712: Hold'em No Limit  ($0.02/$0.05) - 2023/03/15 16:55:22
Table 'NLHBlue34' 6-max Seat #2 is the button
Seat 2: af3e744c ($5.28 in chips)
Seat 4: Hero ($5.09 in chips)
af3e744c: posts small blind $0.02
Hero: posts big blind $0.05
*** HOLE CARDS ***
Dealt to af3e744c 
Dealt to Hero [4h 6h]
af3e744c: folds
Uncalled bet ($0.03) returned to Hero
*** SHOWDOWN ***
Hero collected $0.04 from pot
*** SUMMARY ***
Total pot $0.04 | Rake $0 | Jackpot $0 | Bingo $0 | Fortune $0
Seat 2: af3e744c (small blind) folded before Flop
Seat 4: Hero (big blind) collected ($0.04)


Poker Hand #HD1161466697: Hold'em No Limit  ($0.02/$0.05) - 2023/03/15 16:55:14
Table 'NLHBlue34' 6-max Seat #6 is the button
Seat 2: af3e744c ($5.3 in chips)
Seat 4: Hero ($5.07 in chips)
Seat 6: 36c3b472 ($5.12 in chips)
af3e744c: posts small blind $0.02
Hero: posts big blind $0.05
*** HOLE CARDS ***
Dealt to af3e744c 
Dealt to Hero [6d 2s]
Dealt to 36c3b472 
36c3b472: folds
af3e744c: folds
Uncalled bet ($0.03) returned to Hero
*** SHOWDOWN ***
Hero collected $0.04 from pot
*** SUMMARY ***
Total pot $0.04 | Rake $0 | Jackpot $0 | Bingo $0 | Fortune $0
Seat 2: af3e744c (small blind) folded before Flop
Seat 4: Hero (big blind) collected ($0.04)
Seat 6: 36c3b472 (button) folded before Flop (didn't bet)


Poker Hand #HD1161466666: Hold'em No Limit  ($0.02/$0.05) - 2023/03/15 16:55:02
Table 'NLHBlue34' 6-max Seat #4 is the button
Seat 2: af3e744c ($5.35 in chips)
Seat 4: Hero ($5 in chips)
Seat 6: 36c3b472 ($5.14 in chips)
36c3b472: posts small blind $0.02
af3e744c: posts big blind $0.05
*** HOLE CARDS ***
Dealt to af3e744c 
Dealt to Hero [6d 6s]
Dealt to 36c3b472 
Hero: raises $0.07 to $0.12
36c3b472: folds
af3e744c: folds
Uncalled bet ($0.07) returned to Hero
*** SHOWDOWN ***
Hero collected $0.12 from pot
*** SUMMARY ***
Total pot $0.12 | Rake $0 | Jackpot $0 | Bingo $0 | Fortune $0
Seat 2: af3e744c (big blind) folded before Flop
Seat 4: Hero (button) collected ($0.12)
Seat 6: 36c3b472 (small blind) folded before Flop


Poker Hand #HD1161466625: Hold'em No Limit  ($0.02/$0.05) - 2023/03/15 16:54:47
Table 'NLHBlue34' 6-max Seat #2 is the button
Seat 2: af3e744c ($5.35 in chips)
Seat 3: 36757960 ($10.46 in chips)
Seat 4: Hero ($5.05 in chips)
Seat 6: 36c3b472 ($5.07 in chips)
36757960: posts small blind $0.02
Hero: posts big blind $0.05
*** HOLE CARDS ***
Dealt to af3e744c 
Dealt to 36757960 
Dealt to Hero [Th 4s]
Dealt to 36c3b472 
36c3b472: raises $0.08 to $0.13
af3e744c: folds
36757960: folds
Hero: folds
Uncalled bet ($0.08) returned to 36c3b472
*** SHOWDOWN ***
36c3b472 collected $0.12 from pot
*** SUMMARY ***
Total pot $0.12 | Rake $0 | Jackpot $0 | Bingo $0 | Fortune $0
Seat 2: af3e744c (button) folded before Flop (didn't bet)
Seat 3: 36757960 (small blind) folded before Flop
Seat 4: Hero (big blind) folded before Flop
Seat 6: 36c3b472 collected ($0.12)


Poker Hand #HD1161466586: Hold'em No Limit  ($0.02/$0.05) - 2023/03/15 16:54:34
Table 'NLHBlue34' 6-max Seat #6 is the button
Seat 2: af3e744c ($5.37 in chips)
Seat 3: 36757960 ($10.51 in chips)
Seat 4: Hero ($5.05 in chips)
Seat 6: 36c3b472 ($5 in chips)
af3e744c: posts small blind $0.02
36757960: posts big blind $0.05
*** HOLE CARDS ***
Dealt to af3e744c 
Dealt to 36757960 
Dealt to Hero [8c 4h]
Dealt to 36c3b472 
Hero: folds
36c3b472: raises $0.08 to $0.13
af3e744c: folds
36757960: folds
Uncalled bet ($0.08) returned to 36c3b472
*** SHOWDOWN ***
36c3b472 collected $0.12 from pot
*** SUMMARY ***
Total pot $0.12 | Rake $0 | Jackpot $0 | Bingo $0 | Fortune $0
Seat 2: af3e744c (small blind) folded before Flop
Seat 3: 36757960 (big blind) folded before Flop
Seat 4: Hero folded before Flop (didn't bet)
Seat 6: 36c3b472 (button) collected ($0.12)


Poker Hand #HD1161466475: Hold'em No Limit  ($0.02/$0.05) - 2023/03/15 16:53:54
Table 'NLHBlue34' 6-max Seat #4 is the button
Seat 2: af3e744c ($5.23 in chips)
Seat 3: 36757960 ($10.51 in chips)
Seat 4: Hero ($5.05 in chips)
Seat 6: 36c3b472 ($5.05 in chips)
36c3b472: posts small blind $0.02
af3e744c: posts big blind $0.05
*** HOLE CARDS ***
Dealt to af3e744c 
Dealt to 36757960 
Dealt to Hero [2s 8d]
Dealt to 36c3b472 
36757960: folds
Hero: folds
36c3b472: raises $0.1 to $0.15
af3e744c: calls $0.1
*** FLOP *** [3h 4c 3d]
36c3b472: checks
af3e744c: checks
*** TURN *** [3h 4c 3d] [5c]
36c3b472: checks
af3e744c: checks
*** RIVER *** [3h 4c 3d 5c] [Tc]
36c3b472: checks
af3e744c: bets $0.1
36c3b472: folds
Uncalled bet ($0.1) returned to af3e744c
*** SHOWDOWN ***
af3e744c collected $0.29 from pot
*** SUMMARY ***
Total pot $0.3 | Rake $0.01 | Jackpot $0 | Bingo $0 | Fortune $0
Board [3h 4c 3d 5c Tc]
Seat 2: af3e744c (big blind) won ($0.29)
Seat 3: 36757960 folded before Flop (didn't bet)
Seat 4: Hero (button) folded before Flop (didn't bet)
Seat 6: 36c3b472 (small blind) folded on the River


Poker Hand #HD1161466418: Hold'em No Limit  ($0.02/$0.05) - 2023/03/15 16:53:32
Table 'NLHBlue34' 6-max Seat #3 is the button
Seat 2: af3e744c ($5.23 in chips)
Seat 3: 36757960 ($10.51 in chips)
Seat 4: Hero ($5 in chips)
Seat 6: 36c3b472 ($5 in chips)
Hero: posts small blind $0.02
36c3b472: posts big blind $0.05
*** HOLE CARDS ***
Dealt to af3e744c 
Dealt to 36757960 
Dealt to Hero [As 9s]
Dealt to 36c3b472 
af3e744c: folds
36757960: folds
Hero: raises $0.09 to $0.14
36c3b472: folds
Uncalled bet ($0.09) returned to Hero
*** SHOWDOWN ***
Hero collected $0.1 from pot
*** SUMMARY ***
Total pot $0.1 | Rake $0 | Jackpot $0 | Bingo $0 | Fortune $0
Seat 2: af3e744c folded before Flop (didn't bet)
Seat 3: 36757960 (button) folded before Flop (didn't bet)
Seat 4: Hero (small blind) collected ($0.1)
Seat 6: 36c3b472 (big blind) folded before Flop


Poker Hand #HD1161466235: Hold'em No Limit  ($0.02/$0.05) - 2023/03/15 16:52:22
Table 'NLHBlue34' 6-max Seat #2 is the button
Seat 2: af3e744c ($5.02 in chips)
Seat 3: 36757960 ($10.53 in chips)
Seat 4: Hero ($5 in chips)
Seat 5: 633bf7c9 ($5 in chips)
36757960: posts small blind $0.02
Hero: posts big blind $0.05
*** HOLE CARDS ***
Dealt to af3e744c 
Dealt to 36757960 
Dealt to Hero [7d Jd]
Dealt to 633bf7c9 
633bf7c9: folds
af3e744c: raises $0.05 to $0.1
36757960: folds
Hero: calls $0.05
*** FLOP *** [Ts 8h 6s]
Hero: bets $0.11
af3e744c: calls $0.11
*** TURN *** [Ts 8h 6s] [Qd]
Hero: checks
af3e744c: bets $0.35
Hero: folds
Uncalled bet ($0.35) returned to af3e744c
*** SHOWDOWN ***
af3e744c collected $0.42 from pot
*** SUMMARY ***
Total pot $0.44 | Rake $0.02 | Jackpot $0 | Bingo $0 | Fortune $0
Board [Ts 8h 6s Qd]
Seat 2: af3e744c (button) won ($0.42)
Seat 3: 36757960 (small blind) folded before Flop
Seat 4: Hero (big blind) folded on the Turn
Seat 5: 633bf7c9 folded before Flop (didn't bet)


Poker Hand #HD1161466186: Hold'em No Limit  ($0.02/$0.05) - 2023/03/15 16:52:00
Table 'NLHBlue34' 6-max Seat #6 is the button
Seat 1: fc9d085d ($5.02 in chips)
Seat 2: af3e744c ($5 in chips)
Seat 3: 36757960 ($10.53 in chips)
Seat 4: Hero ($5 in chips)
Seat 5: 633bf7c9 ($5 in chips)
Seat 6: d80c5d20 ($8.07 in chips)
fc9d085d: posts small blind $0.02
af3e744c: posts big blind $0.05
*** HOLE CARDS ***
Dealt to fc9d085d 
Dealt to af3e744c 
Dealt to 36757960 
Dealt to Hero [7d Qc]
Dealt to 633bf7c9 
Dealt to d80c5d20 
36757960: folds
Hero: folds
633bf7c9: folds
d80c5d20: folds
fc9d085d: folds
Uncalled bet ($0.03) returned to af3e744c
*** SHOWDOWN ***
af3e744c collected $0.04 from pot
*** SUMMARY ***
Total pot $0.04 | Rake $0 | Jackpot $0 | Bingo $0 | Fortune $0
Seat 1: fc9d085d (small blind) folded before Flop
Seat 2: af3e744c (big blind) collected ($0.04)
Seat 3: 36757960 folded before Flop (didn't bet)
Seat 4: Hero folded before Flop (didn't bet)
Seat 5: 633bf7c9 folded before Flop (didn't bet)
Seat 6: d80c5d20 (button) folded before Flop (didn't bet)


Poker Hand #HD1161466156: Hold'em No Limit  ($0.02/$0.05) - 2023/03/15 16:51:48
Table 'NLHBlue34' 6-max Seat #5 is the button
Seat 1: fc9d085d ($5 in chips)
Seat 2: af3e744c ($5 in chips)
Seat 3: 36757960 ($10.53 in chips)
Seat 4: Hero ($5 in chips)
Seat 5: 633bf7c9 ($0.84 in chips)
Seat 6: d80c5d20 ($8.09 in chips)
d80c5d20: posts small blind $0.02
fc9d085d: posts big blind $0.05
*** HOLE CARDS ***
Dealt to fc9d085d 
Dealt to af3e744c 
Dealt to 36757960 
Dealt to Hero [Qc 7h]
Dealt to 633bf7c9 
Dealt to d80c5d20 
af3e744c: folds
36757960: folds
Hero: folds
633bf7c9: folds
d80c5d20: folds
Uncalled bet ($0.03) returned to fc9d085d
*** SHOWDOWN ***
fc9d085d collected $0.04 from pot
*** SUMMARY ***
Total pot $0.04 | Rake $0 | Jackpot $0 | Bingo $0 | Fortune $0
Seat 1: fc9d085d (big blind) collected ($0.04)
Seat 2: af3e744c folded before Flop (didn't bet)
Seat 3: 36757960 folded before Flop (didn't bet)
Seat 4: Hero folded before Flop (didn't bet)
Seat 5: 633bf7c9 (button) folded before Flop (didn't bet)
Seat 6: d80c5d20 (small blind) folded before Flop


Poker Hand #HD1161465965: Hold'em No Limit  ($0.02/$0.05) - 2023/03/15 16:50:33
Table 'NLHBlue34' 6-max Seat #4 is the button
Seat 1: fc9d085d ($5 in chips)
Seat 2: af3e744c ($5.37 in chips)
Seat 3: 36757960 ($10.53 in chips)
Seat 4: Hero ($5 in chips)
Seat 5: 633bf7c9 ($4.9 in chips)
Seat 6: d80c5d20 ($4.06 in chips)
633bf7c9: posts small blind $0.02
d80c5d20: posts big blind $0.05
*** HOLE CARDS ***
Dealt to fc9d085d 
Dealt to af3e744c 
Dealt to 36757960 
Dealt to Hero [6s Ks]
Dealt to 633bf7c9 
Dealt to d80c5d20 
fc9d085d: folds
af3e744c: raises $0.09 to $0.14
36757960: folds
Hero: folds
633bf7c9: raises $0.3 to $0.44
d80c5d20: calls $0.39
af3e744c: calls $0.3
*** FLOP *** [Ts 5h 7c]
633bf7c9: bets $0.44
d80c5d20: calls $0.44
af3e744c: folds
*** TURN *** [Ts 5h 7c] [4c]
633bf7c9: bets $1.65
d80c5d20: raises $1.53 to $3.18 and is all-in
633bf7c9: calls $1.53
d80c5d20: shows [4h Tc] (Pair of Tens and Pair of Fours)
633bf7c9: shows [9s 8s] (Ten-High)
*** RIVER *** [Ts 5h 7c 4c] [5c]
*** SHOWDOWN ***
d80c5d20 collected $8.09 from pot
*** SUMMARY ***
Total pot $8.56 | Rake $0.42 | Jackpot $0.05 | Bingo $0 | Fortune $0
Board [Ts 5h 7c 4c 5c]
Seat 1: fc9d085d folded before Flop (didn't bet)
Seat 2: af3e744c folded on the Flop
Seat 3: 36757960 folded before Flop (didn't bet)
Seat 4: Hero (button) folded before Flop (didn't bet)
Seat 5: 633bf7c9 (small blind) showed [9s 8s] and lost with Pair of Fives
Seat 6: d80c5d20 (big blind) showed [4h Tc] and won ($8.09) with Pair of Tens and Pair of Fives


Poker Hand #HD1161465803: Hold'em No Limit  ($0.02/$0.05) - 2023/03/15 16:49:33
Table 'NLHBlue34' 6-max Seat #3 is the button
Seat 1: fc9d085d ($5 in chips)
Seat 2: af3e744c ($5.37 in chips)
Seat 3: 36757960 ($10.65 in chips)
Seat 4: Hero ($5.02 in chips)
Seat 5: 633bf7c9 ($5.02 in chips)
Seat 6: d80c5d20 ($3.81 in chips)
Hero: posts small blind $0.02
633bf7c9: posts big blind $0.05
*** HOLE CARDS ***
Dealt to fc9d085d 
Dealt to af3e744c 
Dealt to 36757960 
Dealt to Hero [7d 9d]
Dealt to 633bf7c9 
Dealt to d80c5d20 
d80c5d20: calls $0.05
fc9d085d: folds
af3e744c: folds
36757960: raises $0.07 to $0.12
Hero: folds
633bf7c9: calls $0.07
d80c5d20: calls $0.07
*** FLOP *** [Jc Kd 8c]
633bf7c9: checks
d80c5d20: bets $0.55
36757960: folds
633bf7c9: folds
Uncalled bet ($0.55) returned to d80c5d20
*** SHOWDOWN ***
d80c5d20 collected $0.37 from pot
*** SUMMARY ***
Total pot $0.38 | Rake $0.01 | Jackpot $0 | Bingo $0 | Fortune $0
Board [Jc Kd 8c]
Seat 1: fc9d085d folded before Flop (didn't bet)
Seat 2: af3e744c folded before Flop (didn't bet)
Seat 3: 36757960 (button) folded on the Flop
Seat 4: Hero (small blind) folded before Flop
Seat 5: 633bf7c9 (big blind) folded on the Flop
Seat 6: d80c5d20 won ($0.37)


Poker Hand #HD1161465710: Hold'em No Limit  ($0.02/$0.05) - 2023/03/15 16:49:00
Table 'NLHBlue34' 6-max Seat #2 is the button
Seat 1: fc9d085d ($5 in chips)
Seat 2: af3e744c ($5.51 in chips)
Seat 3: 36757960 ($10.67 in chips)
Seat 4: Hero ($5.07 in chips)
Seat 6: d80c5d20 ($3.61 in chips)
36757960: posts small blind $0.02
Hero: posts big blind $0.05
d80c5d20: posts big blind $0.05
*** HOLE CARDS ***
Dealt to fc9d085d 
Dealt to af3e744c 
Dealt to 36757960 
Dealt to Hero [7s Tc]
Dealt to d80c5d20 
d80c5d20: checks
fc9d085d: folds
af3e744c: raises $0.09 to $0.14
36757960: folds
Hero: folds
d80c5d20: calls $0.09
*** FLOP *** [Ac Th 5h]
d80c5d20: bets $1.9
af3e744c: folds
Uncalled bet ($1.9) returned to d80c5d20
*** SHOWDOWN ***
d80c5d20 collected $0.34 from pot
*** SUMMARY ***
Total pot $0.35 | Rake $0.01 | Jackpot $0 | Bingo $0 | Fortune $0
Board [Ac Th 5h]
Seat 1: fc9d085d folded before Flop (didn't bet)
Seat 2: af3e744c (button) folded on the Flop
Seat 3: 36757960 (small blind) folded before Flop
Seat 4: Hero (big blind) folded before Flop
Seat 6: d80c5d20 won ($0.34)


Poker Hand #HD1161395608: Hold'em No Limit  ($0.02/$0.05) - 2023/03/15 16:48:27
Table 'NLHBlue34' 6-max Seat #1 is the button
Seat 1: fc9d085d ($5 in chips)
Seat 2: af3e744c ($5.53 in chips)
Seat 3: 36757960 ($10.72 in chips)
Seat 4: Hero ($5 in chips)
af3e744c: posts small blind $0.02
36757960: posts big blind $0.05
*** HOLE CARDS ***
Dealt to fc9d085d 
Dealt to af3e744c 
Dealt to 36757960 
Dealt to Hero [7d 7s]
Hero: raises $0.07 to $0.12
fc9d085d: folds
af3e744c: folds
36757960: folds
Uncalled bet ($0.07) returned to Hero
*** SHOWDOWN ***
Hero collected $0.12 from pot
*** SUMMARY ***
Total pot $0.12 | Rake $0 | Jackpot $0 | Bingo $0 | Fortune $0
Seat 1: fc9d085d (button) folded before Flop (didn't bet)
Seat 2: af3e744c (small blind) folded before Flop
Seat 3: 36757960 (big blind) folded before Flop
Seat 4: Hero collected ($0.12)


Poker Hand #HD1161395489: Hold'em No Limit  ($0.02/$0.05) - 2023/03/15 16:47:37
Table 'NLHBlue34' 6-max Seat #4 is the button
Seat 1: fc9d085d ($5 in chips)
Seat 2: af3e744c ($5.58 in chips)
Seat 3: 36757960 ($10.65 in chips)
Seat 4: Hero ($5 in chips)
fc9d085d: posts small blind $0.02
af3e744c: posts big blind $0.05
*** HOLE CARDS ***
Dealt to fc9d085d 
Dealt to af3e744c 
Dealt to 36757960 
Dealt to Hero [9s Jc]
36757960: calls $0.05
Hero: folds
fc9d085d: folds
af3e744c: checks
*** FLOP *** [Ad 3d 7h]
af3e744c: checks
36757960: checks
*** TURN *** [Ad 3d 7h] [8d]
af3e744c: checks
36757960: bets $0.06
af3e744c: folds
Uncalled bet ($0.06) returned to 36757960
*** SHOWDOWN ***
36757960 collected $0.12 from pot
*** SUMMARY ***
Total pot $0.12 | Rake $0 | Jackpot $0 | Bingo $0 | Fortune $0
Board [Ad 3d 7h 8d]
Seat 1: fc9d085d (small blind) folded before Flop
Seat 2: af3e744c (big blind) folded on the Turn
Seat 3: 36757960 won ($0.12)
Seat 4: Hero (button) folded before Flop (didn't bet)


Poker Hand #HD1161395175: Hold'em No Limit  ($0.02/$0.05) - 2023/03/15 16:45:39
Table 'NLHBlue34' 6-max Seat #3 is the button
Seat 1: fc9d085d ($5 in chips)
Seat 2: af3e744c ($5.58 in chips)
Seat 3: 36757960 ($10.39 in chips)
Seat 4: Hero ($5 in chips)
Seat 5: 633bf7c9 ($5.15 in chips)
Hero: posts small blind $0.02
633bf7c9: posts big blind $0.05
*** HOLE CARDS ***
Dealt to fc9d085d 
Dealt to af3e744c 
Dealt to 36757960 
Dealt to Hero [2c 5h]
Dealt to 633bf7c9 
fc9d085d: raises $0.08 to $0.13
af3e744c: folds
36757960: calls $0.13
Hero: folds
633bf7c9: calls $0.08
*** FLOP *** [7h 4c 2s]
633bf7c9: checks
fc9d085d: checks
36757960: checks
*** TURN *** [7h 4c 2s] [3c]
633bf7c9: checks
fc9d085d: checks
36757960: bets $0.21
633bf7c9: folds
fc9d085d: folds
Uncalled bet ($0.21) returned to 36757960
*** SHOWDOWN ***
36757960 collected $0.39 from pot
*** SUMMARY ***
Total pot $0.41 | Rake $0.02 | Jackpot $0 | Bingo $0 | Fortune $0
Board [7h 4c 2s 3c]
Seat 1: fc9d085d folded on the Turn
Seat 2: af3e744c folded before Flop (didn't bet)
Seat 3: 36757960 (button) won ($0.39)
Seat 4: Hero (small blind) folded before Flop
Seat 5: 633bf7c9 (big blind) folded on the Turn


Poker Hand #HD1161395075: Hold'em No Limit  ($0.02/$0.05) - 2023/03/15 16:44:57
Table 'NLHBlue34' 6-max Seat #2 is the button
Seat 1: fc9d085d ($5 in chips)
Seat 2: af3e744c ($5.58 in chips)
Seat 3: 36757960 ($10.36 in chips)
Seat 4: Hero ($5 in chips)
Seat 5: 633bf7c9 ($5.13 in chips)
36757960: posts small blind $0.02
Hero: posts big blind $0.05
*** HOLE CARDS ***
Dealt to fc9d085d 
Dealt to af3e744c 
Dealt to 36757960 
Dealt to Hero [Jc 4d]
Dealt to 633bf7c9 
633bf7c9: raises $0.07 to $0.12
fc9d085d: folds
af3e744c: folds
36757960: calls $0.1
Hero: folds
*** FLOP *** [5h 3s 5c]
36757960: checks
633bf7c9: checks
*** TURN *** [5h 3s 5c] [3c]
36757960: checks
633bf7c9: checks
*** RIVER *** [5h 3s 5c 3c] [5s]
36757960: checks
633bf7c9: checks
36757960: shows [Qc As] (Fives Full over Treys)
633bf7c9: shows [Kc Qh] (Fives Full over Treys)
*** SHOWDOWN ***
36757960 collected $0.15 from pot
633bf7c9 collected $0.14 from pot
*** SUMMARY ***
Total pot $0.29 | Rake $0 | Jackpot $0 | Bingo $0 | Fortune $0
Board [5h 3s 5c 3c 5s]
Seat 1: fc9d085d folded before Flop (didn't bet)
Seat 2: af3e744c (button) folded before Flop (didn't bet)
Seat 3: 36757960 (small blind) showed [Qc As] and won ($0.15) with Fives Full over Treys
Seat 4: Hero (big blind) folded before Flop
Seat 5: 633bf7c9 showed [Kc Qh] and won ($0.14) with Fives Full over Treys


Poker Hand #HD1161394981: Hold'em No Limit  ($0.02/$0.05) - 2023/03/15 16:44:23
Table 'NLHBlue34' 6-max Seat #1 is the button
Seat 1: fc9d085d ($5 in chips)
Seat 2: af3e744c ($5.6 in chips)
Seat 3: 36757960 ($10.48 in chips)
Seat 4: Hero ($5 in chips)
Seat 5: 633bf7c9 ($5 in chips)
af3e744c: posts small blind $0.02
36757960: posts big blind $0.05
*** HOLE CARDS ***
Dealt to fc9d085d 
Dealt to af3e744c 
Dealt to 36757960 
Dealt to Hero [7s Ah]
Dealt to 633bf7c9 
Hero: folds
633bf7c9: raises $0.07 to $0.12
fc9d085d: folds
af3e744c: folds
36757960: calls $0.07
*** FLOP *** [Tc 3d 4h]
36757960: checks
633bf7c9: checks
*** TURN *** [Tc 3d 4h] [8h]
36757960: checks
633bf7c9: checks
*** RIVER *** [Tc 3d 4h 8h] [8d]
36757960: checks
633bf7c9: checks
36757960: shows [Qd Kc] (Pair of Eights)
633bf7c9: shows [9h Ad] (Pair of Eights)
*** SHOWDOWN ***
633bf7c9 collected $0.25 from pot
*** SUMMARY ***
Total pot $0.26 | Rake $0.01 | Jackpot $0 | Bingo $0 | Fortune $0
Board [Tc 3d 4h 8h 8d]
Seat 1: fc9d085d (button) folded before Flop (didn't bet)
Seat 2: af3e744c (small blind) folded before Flop
Seat 3: 36757960 (big blind) showed [Qd Kc] and lost with Pair of Eights
Seat 4: Hero folded before Flop (didn't bet)
Seat 5: 633bf7c9 showed [9h Ad] and won ($0.25) with Pair of Eights


Poker Hand #HD1161394956: Hold'em No Limit  ($0.02/$0.05) - 2023/03/15 16:44:11
Table 'NLHBlue34' 6-max Seat #5 is the button
Seat 1: fc9d085d ($5.02 in chips)
Seat 2: af3e744c ($5.65 in chips)
Seat 3: 36757960 ($10.48 in chips)
Seat 4: Hero ($5 in chips)
Seat 5: 633bf7c9 ($4.93 in chips)
fc9d085d: posts small blind $0.02
af3e744c: posts big blind $0.05
*** HOLE CARDS ***
Dealt to fc9d085d 
Dealt to af3e744c 
Dealt to 36757960 
Dealt to Hero [2h 9h]
Dealt to 633bf7c9 
36757960: folds
Hero: folds
633bf7c9: raises $0.07 to $0.12
fc9d085d: folds
af3e744c: folds
Uncalled bet ($0.07) returned to 633bf7c9
*** SHOWDOWN ***
633bf7c9 collected $0.12 from pot
*** SUMMARY ***
Total pot $0.12 | Rake $0 | Jackpot $0 | Bingo $0 | Fortune $0
Seat 1: fc9d085d (small blind) folded before Flop
Seat 2: af3e744c (big blind) folded before Flop
Seat 3: 36757960 folded before Flop (didn't bet)
Seat 4: Hero folded before Flop (didn't bet)
Seat 5: 633bf7c9 (button) collected ($0.12)


Poker Hand #HD1161394922: Hold'em No Limit  ($0.02/$0.05) - 2023/03/15 16:43:58
Table 'NLHBlue34' 6-max Seat #4 is the button
Seat 1: fc9d085d ($5.07 in chips)
Seat 2: af3e744c ($5.65 in chips)
Seat 3: 36757960 ($10.41 in chips)
Seat 4: Hero ($5 in chips)
Seat 5: 633bf7c9 ($4.95 in chips)
633bf7c9: posts small blind $0.02
fc9d085d: posts big blind $0.05
*** HOLE CARDS ***
Dealt to fc9d085d 
Dealt to af3e744c 
Dealt to 36757960 
Dealt to Hero [2d Th]
Dealt to 633bf7c9 
af3e744c: folds
36757960: raises $0.07 to $0.12
Hero: folds
633bf7c9: folds
fc9d085d: folds
Uncalled bet ($0.07) returned to 36757960
*** SHOWDOWN ***
36757960 collected $0.12 from pot
*** SUMMARY ***
Total pot $0.12 | Rake $0 | Jackpot $0 | Bingo $0 | Fortune $0
Seat 1: fc9d085d (big blind) folded before Flop
Seat 2: af3e744c folded before Flop (didn't bet)
Seat 3: 36757960 collected ($0.12)
Seat 4: Hero (button) folded before Flop (didn't bet)
Seat 5: 633bf7c9 (small blind) folded before Flop


Poker Hand #HD1161394858: Hold'em No Limit  ($0.02/$0.05) - 2023/03/15 16:43:28
Table 'NLHBlue34' 6-max Seat #3 is the button
Seat 1: fc9d085d ($5 in chips)
Seat 2: af3e744c ($5.65 in chips)
Seat 3: 36757960 ($10.41 in chips)
Seat 4: Hero ($5.02 in chips)
Seat 5: 633bf7c9 ($5 in chips)
Seat 6: b172810c ($5 in chips)
Hero: posts small blind $0.02
633bf7c9: posts big blind $0.05
*** HOLE CARDS ***
Dealt to fc9d085d 
Dealt to af3e744c 
Dealt to 36757960 
Dealt to Hero [8s 4c]
Dealt to 633bf7c9 
Dealt to b172810c 
b172810c: folds
fc9d085d: raises $0.08 to $0.13
af3e744c: folds
36757960: folds
Hero: folds
633bf7c9: folds
Uncalled bet ($0.08) returned to fc9d085d
*** SHOWDOWN ***
fc9d085d collected $0.12 from pot
*** SUMMARY ***
Total pot $0.12 | Rake $0 | Jackpot $0 | Bingo $0 | Fortune $0
Seat 1: fc9d085d collected ($0.12)
Seat 2: af3e744c folded before Flop (didn't bet)
Seat 3: 36757960 (button) folded before Flop (didn't bet)
Seat 4: Hero (small blind) folded before Flop
Seat 5: 633bf7c9 (big blind) folded before Flop
Seat 6: b172810c folded before Flop (didn't bet)


Poker Hand #HD1161394818: Hold'em No Limit  ($0.02/$0.05) - 2023/03/15 16:43:13
Table 'NLHBlue34' 6-max Seat #2 is the button
Seat 1: fc9d085d ($5 in chips)
Seat 2: af3e744c ($5.58 in chips)
Seat 3: 36757960 ($10.43 in chips)
Seat 4: Hero ($5.07 in chips)
Seat 5: 633bf7c9 ($5 in chips)
Seat 6: b172810c ($5 in chips)
36757960: posts small blind $0.02
Hero: posts big blind $0.05
*** HOLE CARDS ***
Dealt to fc9d085d 
Dealt to af3e744c 
Dealt to 36757960 
Dealt to Hero [3d Th]
Dealt to 633bf7c9 
Dealt to b172810c 
633bf7c9: folds
b172810c: folds
fc9d085d: folds
af3e744c: raises $0.07 to $0.12
36757960: folds
Hero: folds
Uncalled bet ($0.07) returned to af3e744c
*** SHOWDOWN ***
af3e744c collected $0.12 from pot
*** SUMMARY ***
Total pot $0.12 | Rake $0 | Jackpot $0 | Bingo $0 | Fortune $0
Seat 1: fc9d085d folded before Flop (didn't bet)
Seat 2: af3e744c (button) collected ($0.12)
Seat 3: 36757960 (small blind) folded before Flop
Seat 4: Hero (big blind) folded before Flop
Seat 5: 633bf7c9 folded before Flop (didn't bet)
Seat 6: b172810c folded before Flop (didn't bet)


Poker Hand #HD1161394764: Hold'em No Limit  ($0.02/$0.05) - 2023/03/15 16:42:50
Table 'NLHBlue34' 6-max Seat #1 is the button
Seat 1: fc9d085d ($5 in chips)
Seat 2: af3e744c ($5.53 in chips)
Seat 3: 36757960 ($10.48 in chips)
Seat 4: Hero ($5.07 in chips)
Seat 5: 633bf7c9 ($5 in chips)
Seat 6: b172810c ($5 in chips)
af3e744c: posts small blind $0.02
36757960: posts big blind $0.05
*** HOLE CARDS ***
Dealt to fc9d085d 
Dealt to af3e744c 
Dealt to 36757960 
Dealt to Hero [Jh 7s]
Dealt to 633bf7c9 
Dealt to b172810c 
Hero: folds
633bf7c9: folds
b172810c: folds
fc9d085d: folds
af3e744c: raises $0.09 to $0.14
36757960: folds
Uncalled bet ($0.09) returned to af3e744c
*** SHOWDOWN ***
af3e744c collected $0.1 from pot
*** SUMMARY ***
Total pot $0.1 | Rake $0 | Jackpot $0 | Bingo $0 | Fortune $0
Seat 1: fc9d085d (button) folded before Flop (didn't bet)
Seat 2: af3e744c (small blind) collected ($0.1)
Seat 3: 36757960 (big blind) folded before Flop
Seat 4: Hero folded before Flop (didn't bet)
Seat 5: 633bf7c9 folded before Flop (didn't bet)
Seat 6: b172810c folded before Flop (didn't bet)


Poker Hand #HD1161394596: Hold'em No Limit  ($0.02/$0.05) - 2023/03/15 16:41:46
Table 'NLHBlue34' 6-max Seat #6 is the button
Seat 1: fc9d085d ($5 in chips)
Seat 2: af3e744c ($5.58 in chips)
Seat 3: 36757960 ($10.02 in chips)
Seat 4: Hero ($5.07 in chips)
Seat 5: 633bf7c9 ($1.17 in chips)
Seat 6: b172810c ($5.09 in chips)
fc9d085d: posts small blind $0.02
af3e744c: posts big blind $0.05
*** HOLE CARDS ***
Dealt to fc9d085d 
Dealt to af3e744c 
Dealt to 36757960 
Dealt to Hero [Jh 4c]
Dealt to 633bf7c9 
Dealt to b172810c 
36757960: raises $0.07 to $0.12
Hero: folds
633bf7c9: folds
b172810c: calls $0.12
fc9d085d: folds
af3e744c: folds
*** FLOP *** [Tc 9s 7s]
36757960: checks
b172810c: checks
*** TURN *** [Tc 9s 7s] [Ks]
36757960: checks
b172810c: checks
*** RIVER *** [Tc 9s 7s Ks] [9h]
36757960: bets $0.31
b172810c: calls $0.31
36757960: shows [Td Th] (Tens Full over Nines)
b172810c: shows [4s 4h] (Pair of Nines and Pair of Fours)
*** SHOWDOWN ***
36757960 collected $0.89 from pot
*** SUMMARY ***
Total pot $0.93 | Rake $0.04 | Jackpot $0 | Bingo $0 | Fortune $0
Board [Tc 9s 7s Ks 9h]
Seat 1: fc9d085d (small blind) folded before Flop
Seat 2: af3e744c (big blind) folded before Flop
Seat 3: 36757960 showed [Td Th] and won ($0.89) with Tens Full over Nines
Seat 4: Hero folded before Flop (didn't bet)
Seat 5: 633bf7c9 folded before Flop (didn't bet)
Seat 6: b172810c (button) showed [4s 4h] and lost with Pair of Nines and Pair of Fours


Poker Hand #HD1161394471: Hold'em No Limit  ($0.02/$0.05) - 2023/03/15 16:40:53
Table 'NLHBlue34' 6-max Seat #5 is the button
Seat 1: fc9d085d ($5 in chips)
Seat 2: af3e744c ($5.58 in chips)
Seat 3: 36757960 ($10.21 in chips)
Seat 4: Hero ($5.07 in chips)
Seat 5: 633bf7c9 ($0.93 in chips)
Seat 6: b172810c ($5.11 in chips)
b172810c: posts small blind $0.02
fc9d085d: posts big blind $0.05
*** HOLE CARDS ***
Dealt to fc9d085d 
Dealt to af3e744c 
Dealt to 36757960 
Dealt to Hero [Ks 9s]
Dealt to 633bf7c9 
Dealt to b172810c 
af3e744c: folds
36757960: raises $0.05 to $0.1
Hero: folds
633bf7c9: calls $0.1
b172810c: folds
fc9d085d: folds
*** FLOP *** [Qs Jh 9h]
36757960: checks
633bf7c9: checks
*** TURN *** [Qs Jh 9h] [Td]
36757960: checks
633bf7c9: bets $0.09
36757960: calls $0.09
*** RIVER *** [Qs Jh 9h Td] [Qc]
36757960: checks
633bf7c9: checks
36757960: shows [7s Ah] (Pair of Queens)
633bf7c9: shows [Ad Tc] (Pair of Queens and Pair of Tens)
*** SHOWDOWN ***
633bf7c9 collected $0.43 from pot
*** SUMMARY ***
Total pot $0.45 | Rake $0.02 | Jackpot $0 | Bingo $0 | Fortune $0
Board [Qs Jh 9h Td Qc]
Seat 1: fc9d085d (big blind) folded before Flop
Seat 2: af3e744c folded before Flop (didn't bet)
Seat 3: 36757960 showed [7s Ah] and lost with Pair of Queens
Seat 4: Hero folded before Flop (didn't bet)
Seat 5: 633bf7c9 (button) showed [Ad Tc] and won ($0.43) with Pair of Queens and Pair of Tens
Seat 6: b172810c (small blind) folded before Flop


Poker Hand #HD1161394419: Hold'em No Limit  ($0.02/$0.05) - 2023/03/15 16:40:32
Table 'NLHBlue34' 6-max Seat #4 is the button
Seat 2: af3e744c ($5.58 in chips)
Seat 3: 36757960 ($10.21 in chips)
Seat 4: Hero ($5 in chips)
Seat 5: 633bf7c9 ($0.95 in chips)
Seat 6: b172810c ($5.16 in chips)
633bf7c9: posts small blind $0.02
b172810c: posts big blind $0.05
*** HOLE CARDS ***
Dealt to af3e744c 
Dealt to 36757960 
Dealt to Hero [4h 4c]
Dealt to 633bf7c9 
Dealt to b172810c 
af3e744c: folds
36757960: folds
Hero: raises $0.07 to $0.12
633bf7c9: folds
b172810c: folds
Uncalled bet ($0.07) returned to Hero
*** SHOWDOWN ***
Hero collected $0.12 from pot
*** SUMMARY ***
Total pot $0.12 | Rake $0 | Jackpot $0 | Bingo $0 | Fortune $0
Seat 2: af3e744c folded before Flop (didn't bet)
Seat 3: 36757960 folded before Flop (didn't bet)
Seat 4: Hero (button) collected ($0.12)
Seat 5: 633bf7c9 (small blind) folded before Flop
Seat 6: b172810c (big blind) folded before Flop


Poker Hand #HD1161394344: Hold'em No Limit  ($0.02/$0.05) - 2023/03/15 16:40:04
Table 'NLHBlue34' 6-max Seat #3 is the button
Seat 2: af3e744c ($5.58 in chips)
Seat 3: 36757960 ($10.14 in chips)
Seat 4: Hero ($5 in chips)
Seat 5: 633bf7c9 ($1 in chips)
Seat 6: b172810c ($5.16 in chips)
Hero: posts small blind $0.02
633bf7c9: posts big blind $0.05
*** HOLE CARDS ***
Dealt to af3e744c 
Dealt to 36757960 
Dealt to Hero [4c Tc]
Dealt to 633bf7c9 
Dealt to b172810c 
b172810c: folds
af3e744c: folds
36757960: raises $0.07 to $0.12
Hero: folds
633bf7c9: folds
Uncalled bet ($0.07) returned to 36757960
*** SHOWDOWN ***
36757960 collected $0.12 from pot
*** SUMMARY ***
Total pot $0.12 | Rake $0 | Jackpot $0 | Bingo $0 | Fortune $0
Seat 2: af3e744c folded before Flop (didn't bet)
Seat 3: 36757960 (button) collected ($0.12)
Seat 4: Hero (small blind) folded before Flop
Seat 5: 633bf7c9 (big blind) folded before Flop
Seat 6: b172810c folded before Flop (didn't bet)


Poker Hand #HD1161394259: Hold'em No Limit  ($0.02/$0.05) - 2023/03/15 16:39:29
Table 'NLHBlue34' 6-max Seat #2 is the button
Seat 2: af3e744c ($5.58 in chips)
Seat 3: 36757960 ($10.16 in chips)
Seat 4: Hero ($5 in chips)
Seat 6: b172810c ($5 in chips)
36757960: posts small blind $0.02
Hero: posts big blind $0.05
*** HOLE CARDS ***
Dealt to af3e744c 
Dealt to 36757960 
Dealt to Hero [2c Ad]
Dealt to b172810c 
b172810c: raises $0.1 to $0.15
af3e744c: folds
36757960: folds
Hero: calls $0.1
*** FLOP *** [6h 8h 6c]
Hero: checks
b172810c: bets $0.24
Hero: folds
Uncalled bet ($0.24) returned to b172810c
*** SHOWDOWN ***
b172810c collected $0.31 from pot
*** SUMMARY ***
Total pot $0.32 | Rake $0.01 | Jackpot $0 | Bingo $0 | Fortune $0
Board [6h 8h 6c]
Seat 2: af3e744c (button) folded before Flop (didn't bet)
Seat 3: 36757960 (small blind) folded before Flop
Seat 4: Hero (big blind) folded on the Flop
Seat 6: b172810c won ($0.31)


Poker Hand #HD1161394094: Hold'em No Limit  ($0.02/$0.05) - 2023/03/15 16:38:20
Table 'NLHBlue34' 6-max Seat #6 is the button
Seat 2: af3e744c ($5.6 in chips)
Seat 3: 36757960 ($9.04 in chips)
Seat 4: Hero ($5 in chips)
Seat 6: b172810c ($5.86 in chips)
af3e744c: posts small blind $0.02
36757960: posts big blind $0.05
*** HOLE CARDS ***
Dealt to af3e744c 
Dealt to 36757960 
Dealt to Hero [Kc 4c]
Dealt to b172810c 
Hero: folds
b172810c: raises $0.1 to $0.15
af3e744c: folds
36757960: calls $0.1
*** FLOP *** [Kh 6s Jc]
36757960: checks
b172810c: bets $0.16
36757960: calls $0.16
*** TURN *** [Kh 6s Jc] [7h]
36757960: checks
b172810c: bets $0.32
36757960: raises $0.64 to $0.96
b172810c: calls $0.64
*** RIVER *** [Kh 6s Jc 7h] [3d]
36757960: bets $1.92
b172810c: folds
Uncalled bet ($1.92) returned to 36757960
*** SHOWDOWN ***
36757960 collected $2.39 from pot
*** SUMMARY ***
Total pot $2.56 | Rake $0.12 | Jackpot $0.05 | Bingo $0 | Fortune $0
Board [Kh 6s Jc 7h 3d]
Seat 2: af3e744c (small blind) folded before Flop
Seat 3: 36757960 (big blind) won ($2.39)
Seat 4: Hero folded before Flop (didn't bet)
Seat 6: b172810c (button) folded on the River


Poker Hand #HD1161393886: Hold'em No Limit  ($0.02/$0.05) - 2023/03/15 16:36:56
Table 'NLHBlue34' 6-max Seat #4 is the button
Seat 2: af3e744c ($5.6 in chips)
Seat 3: 36757960 ($8.2 in chips)
Seat 4: Hero ($5.19 in chips)
Seat 5: f42eee29 ($4.76 in chips)
Seat 6: b172810c ($6.17 in chips)
f42eee29: posts small blind $0.02
b172810c: posts big blind $0.05
*** HOLE CARDS ***
Dealt to af3e744c 
Dealt to 36757960 
Dealt to Hero [Js Jc]
Dealt to f42eee29 
Dealt to b172810c 
af3e744c: folds
36757960: raises $0.05 to $0.1
Hero: raises $0.21 to $0.31
f42eee29: folds
b172810c: calls $0.26
36757960: calls $0.21
*** FLOP *** [6h 8h Ah]
b172810c: checks
36757960: checks
Hero: checks
*** TURN *** [6h 8h Ah] [Ac]
b172810c: checks
36757960: checks
Hero: bets $0.32
b172810c: folds
36757960: calls $0.32
*** RIVER *** [6h 8h Ah Ac] [6s]
36757960: checks
Hero: checks
36757960: shows [6d 8d] (Sixes Full over Aces)
Hero: shows [Js Jc] (Pair of Aces and Pair of Jacks)
*** SHOWDOWN ***
36757960 collected $1.47 from pot
*** SUMMARY ***
Total pot $1.59 | Rake $0.07 | Jackpot $0.05 | Bingo $0 | Fortune $0
Board [6h 8h Ah Ac 6s]
Seat 2: af3e744c folded before Flop (didn't bet)
Seat 3: 36757960 showed [6d 8d] and won ($1.47) with Sixes Full over Aces
Seat 4: Hero (button) showed [Js Jc] and lost with Pair of Aces and Pair of Jacks
Seat 5: f42eee29 (small blind) folded before Flop
Seat 6: b172810c (big blind) folded on the Turn


Poker Hand #HD1161393781: Hold'em No Limit  ($0.02/$0.05) - 2023/03/15 16:36:20
Table 'NLHBlue34' 6-max Seat #3 is the button
Seat 2: af3e744c ($5.6 in chips)
Seat 3: 36757960 ($8.2 in chips)
Seat 4: Hero ($5 in chips)
Seat 5: f42eee29 ($4.81 in chips)
Seat 6: b172810c ($6.32 in chips)
Hero: posts small blind $0.02
f42eee29: posts big blind $0.05
*** HOLE CARDS ***
Dealt to af3e744c 
Dealt to 36757960 
Dealt to Hero [Kd Ah]
Dealt to f42eee29 
Dealt to b172810c 
b172810c: raises $0.1 to $0.15
af3e744c: folds
36757960: folds
Hero: raises $0.51 to $0.66
f42eee29: folds
b172810c: folds
Uncalled bet ($0.51) returned to Hero
*** SHOWDOWN ***
Hero collected $0.34 from pot
*** SUMMARY ***
Total pot $0.35 | Rake $0.01 | Jackpot $0 | Bingo $0 | Fortune $0
Seat 2: af3e744c folded before Flop (didn't bet)
Seat 3: 36757960 (button) folded before Flop (didn't bet)
Seat 4: Hero (small blind) collected ($0.34)
Seat 5: f42eee29 (big blind) folded before Flop
Seat 6: b172810c folded before Flop


Poker Hand #HD1161393693: Hold'em No Limit  ($0.02/$0.05) - 2023/03/15 16:35:45
Table 'NLHBlue34' 6-max Seat #2 is the button
Seat 2: af3e744c ($5.6 in chips)
Seat 3: 36757960 ($8.25 in chips)
Seat 4: Hero ($5.05 in chips)
Seat 5: f42eee29 ($4.71 in chips)
Seat 6: b172810c ($6.32 in chips)
36757960: posts small blind $0.02
Hero: posts big blind $0.05
*** HOLE CARDS ***
Dealt to af3e744c 
Dealt to 36757960 
Dealt to Hero [6c 5h]
Dealt to f42eee29 
Dealt to b172810c 
f42eee29: calls $0.05
b172810c: folds
af3e744c: folds
36757960: calls $0.03
Hero: checks
*** FLOP *** [6h 3c Ah]
36757960: checks
Hero: checks
f42eee29: checks
*** TURN *** [6h 3c Ah] [8d]
36757960: checks
Hero: checks
f42eee29: bets $0.08
36757960: folds
Hero: folds
Uncalled bet ($0.08) returned to f42eee29
*** SHOWDOWN ***
f42eee29 collected $0.15 from pot
*** SUMMARY ***
Total pot $0.15 | Rake $0 | Jackpot $0 | Bingo $0 | Fortune $0
Board [6h 3c Ah 8d]
Seat 2: af3e744c (button) folded before Flop (didn't bet)
Seat 3: 36757960 (small blind) folded on the Turn
Seat 4: Hero (big blind) folded on the Turn
Seat 5: f42eee29 won ($0.15)
Seat 6: b172810c folded before Flop (didn't bet)


Poker Hand #HD1161393570: Hold'em No Limit  ($0.02/$0.05) - 2023/03/15 16:34:55
Table 'NLHBlue34' 6-max Seat #6 is the button
Seat 2: af3e744c ($5.65 in chips)
Seat 3: 36757960 ($7.94 in chips)
Seat 4: Hero ($5.05 in chips)
Seat 5: f42eee29 ($5 in chips)
Seat 6: b172810c ($6.32 in chips)
af3e744c: posts small blind $0.02
36757960: posts big blind $0.05
f42eee29: posts big blind $0.05
*** HOLE CARDS ***
Dealt to af3e744c 
Dealt to 36757960 
Dealt to Hero [3d 6h]
Dealt to f42eee29 
Dealt to b172810c 
Hero: folds
f42eee29: checks
b172810c: folds
af3e744c: calls $0.03
36757960: checks
*** FLOP *** [Ah 2c 8h]
af3e744c: checks
36757960: checks
f42eee29: bets $0.08
af3e744c: folds
36757960: calls $0.08
*** TURN *** [Ah 2c 8h] [8c]
36757960: checks
f42eee29: bets $0.16
36757960: raises $0.32 to $0.48
f42eee29: folds
Uncalled bet ($0.32) returned to 36757960
*** SHOWDOWN ***
36757960 collected $0.6 from pot
*** SUMMARY ***
Total pot $0.63 | Rake $0.03 | Jackpot $0 | Bingo $0 | Fortune $0
Board [Ah 2c 8h 8c]
Seat 2: af3e744c (small blind) folded on the Flop
Seat 3: 36757960 (big blind) won ($0.6)
Seat 4: Hero folded before Flop (didn't bet)
Seat 5: f42eee29 folded on the Turn
Seat 6: b172810c (button) folded before Flop (didn't bet)


Poker Hand #HD1161393536: Hold'em No Limit  ($0.02/$0.05) - 2023/03/15 16:34:41
Table 'NLHBlue34' 6-max Seat #4 is the button
Seat 2: af3e744c ($5.7 in chips)
Seat 3: 36757960 ($7.94 in chips)
Seat 4: Hero ($5.05 in chips)
Seat 6: b172810c ($6.27 in chips)
b172810c: posts small blind $0.02
af3e744c: posts big blind $0.05
*** HOLE CARDS ***
Dealt to af3e744c 
Dealt to 36757960 
Dealt to Hero [7c Qd]
Dealt to b172810c 
36757960: folds
Hero: folds
b172810c: raises $0.1 to $0.15
af3e744c: folds
Uncalled bet ($0.1) returned to b172810c
*** SHOWDOWN ***
b172810c collected $0.1 from pot
*** SUMMARY ***
Total pot $0.1 | Rake $0 | Jackpot $0 | Bingo $0 | Fortune $0
Seat 2: af3e744c (big blind) folded before Flop
Seat 3: 36757960 folded before Flop (didn't bet)
Seat 4: Hero (button) folded before Flop (didn't bet)
Seat 6: b172810c (small blind) collected ($0.1)


Poker Hand #HD1161393496: Hold'em No Limit  ($0.02/$0.05) - 2023/03/15 16:34:26
Table 'NLHBlue34' 6-max Seat #3 is the button
Seat 1: 35d65e49 ($16.99 in chips)
Seat 2: af3e744c ($5.7 in chips)
Seat 3: 36757960 ($7.94 in chips)
Seat 4: Hero ($5 in chips)
Seat 6: b172810c ($6.32 in chips)
Hero: posts small blind $0.02
b172810c: posts big blind $0.05
*** HOLE CARDS ***
Dealt to 35d65e49 
Dealt to af3e744c 
Dealt to 36757960 
Dealt to Hero [Jc Kd]
Dealt to b172810c 
35d65e49: folds
af3e744c: folds
36757960: folds
Hero: raises $0.09 to $0.14
b172810c: folds
Uncalled bet ($0.09) returned to Hero
*** SHOWDOWN ***
Hero collected $0.1 from pot
*** SUMMARY ***
Total pot $0.1 | Rake $0 | Jackpot $0 | Bingo $0 | Fortune $0
Seat 1: 35d65e49 folded before Flop (didn't bet)
Seat 2: af3e744c folded before Flop (didn't bet)
Seat 3: 36757960 (button) folded before Flop (didn't bet)
Seat 4: Hero (small blind) collected ($0.1)
Seat 6: b172810c (big blind) folded before Flop


Poker Hand #HD1161393343: Hold'em No Limit  ($0.02/$0.05) - 2023/03/15 16:33:24
Table 'NLHBlue34' 6-max Seat #2 is the button
Seat 1: 35d65e49 ($16.74 in chips)
Seat 2: af3e744c ($5.7 in chips)
Seat 3: 36757960 ($7.96 in chips)
Seat 4: Hero ($5 in chips)
Seat 6: b172810c ($6.32 in chips)
36757960: posts small blind $0.02
Hero: posts big blind $0.05
*** HOLE CARDS ***
Dealt to 35d65e49 
Dealt to af3e744c 
Dealt to 36757960 
Dealt to Hero [Ah 2s]
Dealt to b172810c 
b172810c: folds
35d65e49: raises $0.1 to $0.15
af3e744c: folds
36757960: folds
Hero: calls $0.1
*** FLOP *** [Qh 4s 5d]
Hero: checks
35d65e49: checks
*** TURN *** [Qh 4s 5d] [4d]
Hero: checks
35d65e49: bets $0.11
Hero: calls $0.11
*** RIVER *** [Qh 4s 5d 4d] [7s]
Hero: checks
35d65e49: bets $0.54
Hero: folds
Uncalled bet ($0.54) returned to 35d65e49
*** SHOWDOWN ***
35d65e49 collected $0.51 from pot
*** SUMMARY ***
Total pot $0.54 | Rake $0.03 | Jackpot $0 | Bingo $0 | Fortune $0
Board [Qh 4s 5d 4d 7s]
Seat 1: 35d65e49 won ($0.51)
Seat 2: af3e744c (button) folded before Flop (didn't bet)
Seat 3: 36757960 (small blind) folded before Flop
Seat 4: Hero (big blind) folded on the River
Seat 6: b172810c folded before Flop (didn't bet)


Poker Hand #HD1161393244: Hold'em No Limit  ($0.02/$0.05) - 2023/03/15 16:32:43
Table 'NLHBlue34' 6-max Seat #1 is the button
Seat 1: 35d65e49 ($16.74 in chips)
Seat 2: af3e744c ($5.72 in chips)
Seat 3: 36757960 ($8.01 in chips)
Seat 4: Hero ($5 in chips)
Seat 6: b172810c ($6.25 in chips)
af3e744c: posts small blind $0.02
36757960: posts big blind $0.05
*** HOLE CARDS ***
Dealt to 35d65e49 
Dealt to af3e744c 
Dealt to 36757960 
Dealt to Hero [3d 8d]
Dealt to b172810c 
Hero: folds
b172810c: raises $0.1 to $0.15
35d65e49: folds
af3e744c: folds
36757960: folds
Uncalled bet ($0.1) returned to b172810c
*** SHOWDOWN ***
b172810c collected $0.12 from pot
*** SUMMARY ***
Total pot $0.12 | Rake $0 | Jackpot $0 | Bingo $0 | Fortune $0
Seat 1: 35d65e49 (button) folded before Flop (didn't bet)
Seat 2: af3e744c (small blind) folded before Flop
Seat 3: 36757960 (big blind) folded before Flop
Seat 4: Hero folded before Flop (didn't bet)
Seat 6: b172810c collected ($0.12)


Poker Hand #HD1161393204: Hold'em No Limit  ($0.02/$0.05) - 2023/03/15 16:32:29
Table 'NLHBlue34' 6-max Seat #6 is the button
Seat 1: 35d65e49 ($16.76 in chips)
Seat 2: af3e744c ($5.77 in chips)
Seat 3: 36757960 ($7.94 in chips)
Seat 4: Hero ($5 in chips)
Seat 6: b172810c ($6.25 in chips)
35d65e49: posts small blind $0.02
af3e744c: posts big blind $0.05
*** HOLE CARDS ***
Dealt to 35d65e49 
Dealt to af3e744c 
Dealt to 36757960 
Dealt to Hero [4s Jc]
Dealt to b172810c 
36757960: raises $0.07 to $0.12
Hero: folds
b172810c: folds
35d65e49: folds
af3e744c: folds
Uncalled bet ($0.07) returned to 36757960
*** SHOWDOWN ***
36757960 collected $0.12 from pot
*** SUMMARY ***
Total pot $0.12 | Rake $0 | Jackpot $0 | Bingo $0 | Fortune $0
Seat 1: 35d65e49 (small blind) folded before Flop
Seat 2: af3e744c (big blind) folded before Flop
Seat 3: 36757960 collected ($0.12)
Seat 4: Hero folded before Flop (didn't bet)
Seat 6: b172810c (button) folded before Flop (didn't bet)


Poker Hand #HD1161393129: Hold'em No Limit  ($0.02/$0.05) - 2023/03/15 16:31:59
Table 'NLHBlue34' 6-max Seat #4 is the button
Seat 1: 35d65e49 ($16.81 in chips)
Seat 2: af3e744c ($5.77 in chips)
Seat 3: 36757960 ($7.94 in chips)
Seat 4: Hero ($5 in chips)
Seat 6: b172810c ($6.09 in chips)
b172810c: posts small blind $0.02
35d65e49: posts big blind $0.05
*** HOLE CARDS ***
Dealt to 35d65e49 
Dealt to af3e744c 
Dealt to 36757960 
Dealt to Hero [Kd Th]
Dealt to b172810c 
af3e744c: folds
36757960: folds
Hero: raises $0.07 to $0.12
b172810c: raises $0.22 to $0.34
35d65e49: folds
Hero: folds
Uncalled bet ($0.22) returned to b172810c
*** SHOWDOWN ***
b172810c collected $0.28 from pot
*** SUMMARY ***
Total pot $0.29 | Rake $0.01 | Jackpot $0 | Bingo $0 | Fortune $0
Seat 1: 35d65e49 (big blind) folded before Flop
Seat 2: af3e744c folded before Flop (didn't bet)
Seat 3: 36757960 folded before Flop (didn't bet)
Seat 4: Hero (button) folded before Flop
Seat 6: b172810c (small blind) collected ($0.28)


Poker Hand #HD1161393110: Hold'em No Limit  ($0.02/$0.05) - 2023/03/15 16:31:50
Table 'NLHBlue34' 6-max Seat #3 is the button
Seat 1: 35d65e49 ($16.81 in chips)
Seat 2: af3e744c ($5.77 in chips)
Seat 3: 36757960 ($7.94 in chips)
Seat 4: Hero ($5 in chips)
Seat 6: b172810c ($6.07 in chips)
Hero: posts small blind $0.02
b172810c: posts big blind $0.05
*** HOLE CARDS ***
Dealt to 35d65e49 
Dealt to af3e744c 
Dealt to 36757960 
Dealt to Hero [9c 2d]
Dealt to b172810c 
35d65e49: folds
af3e744c: folds
36757960: folds
Hero: folds
Uncalled bet ($0.03) returned to b172810c
*** SHOWDOWN ***
b172810c collected $0.04 from pot
*** SUMMARY ***
Total pot $0.04 | Rake $0 | Jackpot $0 | Bingo $0 | Fortune $0
Seat 1: 35d65e49 folded before Flop (didn't bet)
Seat 2: af3e744c folded before Flop (didn't bet)
Seat 3: 36757960 (button) folded before Flop (didn't bet)
Seat 4: Hero (small blind) folded before Flop
Seat 6: b172810c (big blind) collected ($0.04)


Poker Hand #HD1161393060: Hold'em No Limit  ($0.02/$0.05) - 2023/03/15 16:31:32
Table 'NLHBlue34' 6-max Seat #2 is the button
Seat 1: 35d65e49 ($16.81 in chips)
Seat 2: af3e744c ($5.7 in chips)
Seat 3: 36757960 ($7.96 in chips)
Seat 4: Hero ($5 in chips)
Seat 6: b172810c ($6.07 in chips)
36757960: posts small blind $0.02
Hero: posts big blind $0.05
*** HOLE CARDS ***
Dealt to 35d65e49 
Dealt to af3e744c 
Dealt to 36757960 
Dealt to Hero [4d 6s]
Dealt to b172810c 
b172810c: folds
35d65e49: folds
af3e744c: raises $0.05 to $0.1
36757960: folds
Hero: folds
Uncalled bet ($0.05) returned to af3e744c
*** SHOWDOWN ***
af3e744c collected $0.12 from pot
*** SUMMARY ***
Total pot $0.12 | Rake $0 | Jackpot $0 | Bingo $0 | Fortune $0
Seat 1: 35d65e49 folded before Flop (didn't bet)
Seat 2: af3e744c (button) collected ($0.12)
Seat 3: 36757960 (small blind) folded before Flop
Seat 4: Hero (big blind) folded before Flop
Seat 6: b172810c folded before Flop (didn't bet)


Poker Hand #HD1161393028: Hold'em No Limit  ($0.02/$0.05) - 2023/03/15 16:31:17
Table 'NLHBlue34' 6-max Seat #1 is the button
Seat 1: 35d65e49 ($16.81 in chips)
Seat 2: af3e744c ($5.72 in chips)
Seat 3: 36757960 ($7.94 in chips)
Seat 4: Hero ($5 in chips)
Seat 6: b172810c ($6.07 in chips)
af3e744c: posts small blind $0.02
36757960: posts big blind $0.05
*** HOLE CARDS ***
Dealt to 35d65e49 
Dealt to af3e744c 
Dealt to 36757960 
Dealt to Hero [4c 5h]
Dealt to b172810c 
Hero: folds
b172810c: folds
35d65e49: folds
af3e744c: folds
Uncalled bet ($0.03) returned to 36757960
*** SHOWDOWN ***
36757960 collected $0.04 from pot
*** SUMMARY ***
Total pot $0.04 | Rake $0 | Jackpot $0 | Bingo $0 | Fortune $0
Seat 1: 35d65e49 (button) folded before Flop (didn't bet)
Seat 2: af3e744c (small blind) folded before Flop
Seat 3: 36757960 (big blind) collected ($0.04)
Seat 4: Hero folded before Flop (didn't bet)
Seat 6: b172810c folded before Flop (didn't bet)


Poker Hand #HD1161392962: Hold'em No Limit  ($0.02/$0.05) - 2023/03/15 16:30:48
Table 'NLHBlue34' 6-max Seat #6 is the button
Seat 1: 35d65e49 ($16.76 in chips)
Seat 2: af3e744c ($5.77 in chips)
Seat 3: 36757960 ($7.94 in chips)
Seat 4: Hero ($5 in chips)
Seat 6: b172810c ($6.07 in chips)
35d65e49: posts small blind $0.02
af3e744c: posts big blind $0.05
*** HOLE CARDS ***
Dealt to 35d65e49 
Dealt to af3e744c 
Dealt to 36757960 
Dealt to Hero [Kh 9c]
Dealt to b172810c 
36757960: folds
Hero: folds
b172810c: folds
35d65e49: raises $0.1 to $0.15
af3e744c: folds
Uncalled bet ($0.1) returned to 35d65e49
*** SHOWDOWN ***
35d65e49 collected $0.1 from pot
*** SUMMARY ***
Total pot $0.1 | Rake $0 | Jackpot $0 | Bingo $0 | Fortune $0
Seat 1: 35d65e49 (small blind) collected ($0.1)
Seat 2: af3e744c (big blind) folded before Flop
Seat 3: 36757960 folded before Flop (didn't bet)
Seat 4: Hero folded before Flop (didn't bet)
Seat 6: b172810c (button) folded before Flop (didn't bet)


Poker Hand #HD1161392932: Hold'em No Limit  ($0.02/$0.05) - 2023/03/15 16:30:36
Table 'NLHBlue34' 6-max Seat #4 is the button
Seat 1: 35d65e49 ($16.74 in chips)
Seat 2: af3e744c ($5.77 in chips)
Seat 3: 36757960 ($7.94 in chips)
Seat 4: Hero ($5 in chips)
Seat 6: b172810c ($6.09 in chips)
b172810c: posts small blind $0.02
35d65e49: posts big blind $0.05
*** HOLE CARDS ***
Dealt to 35d65e49 
Dealt to af3e744c 
Dealt to 36757960 
Dealt to Hero [3h Ts]
Dealt to b172810c 
af3e744c: folds
36757960: folds
Hero: folds
b172810c: folds
Uncalled bet ($0.03) returned to 35d65e49
*** SHOWDOWN ***
35d65e49 collected $0.04 from pot
*** SUMMARY ***
Total pot $0.04 | Rake $0 | Jackpot $0 | Bingo $0 | Fortune $0
Seat 1: 35d65e49 (big blind) collected ($0.04)
Seat 2: af3e744c folded before Flop (didn't bet)
Seat 3: 36757960 folded before Flop (didn't bet)
Seat 4: Hero (button) folded before Flop (didn't bet)
Seat 6: b172810c (small blind) folded before Flop


Poker Hand #HD1161392851: Hold'em No Limit  ($0.02/$0.05) - 2023/03/15 16:30:02
Table 'NLHBlue34' 6-max Seat #3 is the button
Seat 1: 35d65e49 ($16.89 in chips)
Seat 2: af3e744c ($5.56 in chips)
Seat 3: 36757960 ($7.94 in chips)
Seat 4: Hero ($5 in chips)
Seat 6: b172810c ($6.14 in chips)
Hero: posts small blind $0.02
b172810c: posts big blind $0.05
*** HOLE CARDS ***
Dealt to 35d65e49 
Dealt to af3e744c 
Dealt to 36757960 
Dealt to Hero [2c 2h]
Dealt to b172810c 
35d65e49: raises $0.1 to $0.15
af3e744c: raises $0.29 to $0.44
36757960: folds
Hero: folds
b172810c: folds
35d65e49: folds
Uncalled bet ($0.29) returned to af3e744c
*** SHOWDOWN ***
af3e744c collected $0.36 from pot
*** SUMMARY ***
Total pot $0.37 | Rake $0.01 | Jackpot $0 | Bingo $0 | Fortune $0
Seat 1: 35d65e49 folded before Flop
Seat 2: af3e744c collected ($0.36)
Seat 3: 36757960 (button) folded before Flop (didn't bet)
Seat 4: Hero (small blind) folded before Flop
Seat 6: b172810c (big blind) folded before Flop


Poker Hand #HD1161392671: Hold'em No Limit  ($0.02/$0.05) - 2023/03/15 16:28:46
Table 'NLHBlue34' 6-max Seat #2 is the button
Seat 1: 35d65e49 ($16.89 in chips)
Seat 2: af3e744c ($5.76 in chips)
Seat 3: 36757960 ($7.66 in chips)
Seat 4: Hero ($5 in chips)
36757960: posts small blind $0.02
Hero: posts big blind $0.05
*** HOLE CARDS ***
Dealt to 35d65e49 
Dealt to af3e744c 
Dealt to 36757960 
Dealt to Hero [5s Js]
35d65e49: folds
af3e744c: raises $0.05 to $0.1
36757960: calls $0.08
Hero: calls $0.05
*** FLOP *** [2d 9c 8c]
36757960: checks
Hero: checks
af3e744c: bets $0.1
36757960: calls $0.1
Hero: folds
*** TURN *** [2d 9c 8c] [5d]
36757960: checks
af3e744c: checks
*** RIVER *** [2d 9c 8c 5d] [Qs]
36757960: checks
af3e744c: checks
36757960: shows [Qc Tc] (Pair of Queens)
af3e744c: shows [Ac 8h] (Pair of Eights)
*** SHOWDOWN ***
36757960 collected $0.48 from pot
*** SUMMARY ***
Total pot $0.5 | Rake $0.02 | Jackpot $0 | Bingo $0 | Fortune $0
Board [2d 9c 8c 5d Qs]
Seat 1: 35d65e49 folded before Flop (didn't bet)
Seat 2: af3e744c (button) showed [Ac 8h] and lost with Pair of Eights
Seat 3: 36757960 (small blind) showed [Qc Tc] and won ($0.48) with Pair of Queens
Seat 4: Hero (big blind) folded on the Flop


