Poker Hand #HD1141794421: Hold'em No Limit  ($0.02/$0.05) - 2023/03/01 20:43:01
Table 'NLHBlue37' 6-max Seat #3 is the button
Seat 1: 7adb4e61 ($5.65 in chips)
Seat 3: 9217bc52 ($5.36 in chips)
Seat 4: 1d5733ce ($6.19 in chips)
Seat 5: 959b8870 ($2.03 in chips)
Seat 6: Hero ($8.2 in chips)
1d5733ce: posts small blind $0.02
959b8870: posts big blind $0.05
*** HOLE CARDS ***
Dealt to 7adb4e61 
Dealt to 9217bc52 
Dealt to 1d5733ce 
Dealt to 959b8870 
Dealt to Hero [5d 4d]
Hero: raises $0.07 to $0.12
7adb4e61: calls $0.12
9217bc52: calls $0.12
1d5733ce: calls $0.1
959b8870: raises $0.45 to $0.57
Hero: folds
7adb4e61: folds
9217bc52: folds
1d5733ce: calls $0.45
*** FLOP *** [7s 5s 2c]
1d5733ce: checks
959b8870: bets $0.56
1d5733ce: folds
Uncalled bet ($0.56) returned to 959b8870
*** SHOWDOWN ***
959b8870 collected $1.38 from pot
*** SUMMARY ***
Total pot $1.5 | Rake $0.07 | Jackpot $0.05 | Bingo $0 | Fortune $0
Board [7s 5s 2c]
Seat 1: 7adb4e61 folded before Flop
Seat 3: 9217bc52 (button) folded before Flop
Seat 4: 1d5733ce (small blind) folded on the Flop
Seat 5: 959b8870 (big blind) won ($1.38)
Seat 6: Hero folded before Flop


Poker Hand #HD1141794364: Hold'em No Limit  ($0.02/$0.05) - 2023/03/01 20:42:43
Table 'NLHBlue37' 6-max Seat #1 is the button
Seat 1: 7adb4e61 ($5.58 in chips)
Seat 3: 9217bc52 ($5.38 in chips)
Seat 4: 1d5733ce ($6.24 in chips)
Seat 5: 959b8870 ($2.03 in chips)
Seat 6: Hero ($8.2 in chips)
9217bc52: posts small blind $0.02
1d5733ce: posts big blind $0.05
*** HOLE CARDS ***
Dealt to 7adb4e61 
Dealt to 9217bc52 
Dealt to 1d5733ce 
Dealt to 959b8870 
Dealt to Hero [9d Js]
959b8870: folds
Hero: folds
7adb4e61: raises $0.08 to $0.13
9217bc52: folds
1d5733ce: folds
Uncalled bet ($0.08) returned to 7adb4e61
*** SHOWDOWN ***
7adb4e61 collected $0.12 from pot
*** SUMMARY ***
Total pot $0.12 | Rake $0 | Jackpot $0 | Bingo $0 | Fortune $0
Seat 1: 7adb4e61 (button) collected ($0.12)
Seat 3: 9217bc52 (small blind) folded before Flop
Seat 4: 1d5733ce (big blind) folded before Flop
Seat 5: 959b8870 folded before Flop (didn't bet)
Seat 6: Hero folded before Flop (didn't bet)


Poker Hand #HD1141794307: Hold'em No Limit  ($0.02/$0.05) - 2023/03/01 20:42:24
Table 'NLHBlue37' 6-max Seat #6 is the button
Seat 1: 7adb4e61 ($5.6 in chips)
Seat 3: 9217bc52 ($5.36 in chips)
Seat 4: 1d5733ce ($6.24 in chips)
Seat 5: 959b8870 ($2.03 in chips)
Seat 6: Hero ($8.2 in chips)
7adb4e61: posts small blind $0.02
9217bc52: posts big blind $0.05
*** HOLE CARDS ***
Dealt to 7adb4e61 
Dealt to 9217bc52 
Dealt to 1d5733ce 
Dealt to 959b8870 
Dealt to Hero [9h 5s]
1d5733ce: folds
959b8870: folds
Hero: folds
7adb4e61: folds
Uncalled bet ($0.03) returned to 9217bc52
*** SHOWDOWN ***
9217bc52 collected $0.04 from pot
*** SUMMARY ***
Total pot $0.04 | Rake $0 | Jackpot $0 | Bingo $0 | Fortune $0
Seat 1: 7adb4e61 (small blind) folded before Flop
Seat 3: 9217bc52 (big blind) collected ($0.04)
Seat 4: 1d5733ce folded before Flop (didn't bet)
Seat 5: 959b8870 folded before Flop (didn't bet)
Seat 6: Hero (button) folded before Flop (didn't bet)


Poker Hand #HD1141794078: Hold'em No Limit  ($0.02/$0.05) - 2023/03/01 20:41:01
Table 'NLHBlue37' 6-max Seat #5 is the button
Seat 1: 7adb4e61 ($5.65 in chips)
Seat 4: 1d5733ce ($6.37 in chips)
Seat 5: 959b8870 ($2.03 in chips)
Seat 6: Hero ($8.03 in chips)
Hero: posts small blind $0.02
7adb4e61: posts big blind $0.05
*** HOLE CARDS ***
Dealt to 7adb4e61 
Dealt to 1d5733ce 
Dealt to 959b8870 
Dealt to Hero [Qs Ac]
1d5733ce: raises $0.08 to $0.13
959b8870: folds
Hero: raises $0.37 to $0.5
7adb4e61: folds
1d5733ce: folds
Uncalled bet ($0.37) returned to Hero
*** SHOWDOWN ***
Hero collected $0.3 from pot
*** SUMMARY ***
Total pot $0.31 | Rake $0.01 | Jackpot $0 | Bingo $0 | Fortune $0
Seat 1: 7adb4e61 (big blind) folded before Flop
Seat 4: 1d5733ce folded before Flop
Seat 5: 959b8870 (button) folded before Flop (didn't bet)
Seat 6: Hero (small blind) collected ($0.3)


Poker Hand #HD1141794049: Hold'em No Limit  ($0.02/$0.05) - 2023/03/01 20:40:52
Table 'NLHBlue37' 6-max Seat #4 is the button
Seat 1: 7adb4e61 ($5.65 in chips)
Seat 4: 1d5733ce ($6.37 in chips)
Seat 5: 959b8870 ($2.05 in chips)
Seat 6: Hero ($8.01 in chips)
959b8870: posts small blind $0.02
Hero: posts big blind $0.05
*** HOLE CARDS ***
Dealt to 7adb4e61 
Dealt to 1d5733ce 
Dealt to 959b8870 
Dealt to Hero [7s Jh]
7adb4e61: folds
1d5733ce: folds
959b8870: folds
Uncalled bet ($0.03) returned to Hero
*** SHOWDOWN ***
Hero collected $0.04 from pot
*** SUMMARY ***
Total pot $0.04 | Rake $0 | Jackpot $0 | Bingo $0 | Fortune $0
Seat 1: 7adb4e61 folded before Flop (didn't bet)
Seat 4: 1d5733ce (button) folded before Flop (didn't bet)
Seat 5: 959b8870 (small blind) folded before Flop
Seat 6: Hero (big blind) collected ($0.04)


Poker Hand #HD1141794019: Hold'em No Limit  ($0.02/$0.05) - 2023/03/01 20:40:41
Table 'NLHBlue37' 6-max Seat #1 is the button
Seat 1: 7adb4e61 ($5.65 in chips)
Seat 4: 1d5733ce ($6.39 in chips)
Seat 5: 959b8870 ($2.03 in chips)
Seat 6: Hero ($8.01 in chips)
1d5733ce: posts small blind $0.02
959b8870: posts big blind $0.05
*** HOLE CARDS ***
Dealt to 7adb4e61 
Dealt to 1d5733ce 
Dealt to 959b8870 
Dealt to Hero [4h Qc]
Hero: folds
7adb4e61: folds
1d5733ce: folds
Uncalled bet ($0.03) returned to 959b8870
*** SHOWDOWN ***
959b8870 collected $0.04 from pot
*** SUMMARY ***
Total pot $0.04 | Rake $0 | Jackpot $0 | Bingo $0 | Fortune $0
Seat 1: 7adb4e61 (button) folded before Flop (didn't bet)
Seat 4: 1d5733ce (small blind) folded before Flop
Seat 5: 959b8870 (big blind) collected ($0.04)
Seat 6: Hero folded before Flop (didn't bet)


Poker Hand #HD1141793989: Hold'em No Limit  ($0.02/$0.05) - 2023/03/01 20:40:31
Table 'NLHBlue37' 6-max Seat #6 is the button
Seat 1: 7adb4e61 ($5.6 in chips)
Seat 4: 1d5733ce ($6.44 in chips)
Seat 5: 959b8870 ($2.03 in chips)
Seat 6: Hero ($8.01 in chips)
7adb4e61: posts small blind $0.02
1d5733ce: posts big blind $0.05
*** HOLE CARDS ***
Dealt to 7adb4e61 
Dealt to 1d5733ce 
Dealt to 959b8870 
Dealt to Hero [8c 2c]
959b8870: folds
Hero: folds
7adb4e61: raises $0.08 to $0.13
1d5733ce: folds
Uncalled bet ($0.08) returned to 7adb4e61
*** SHOWDOWN ***
7adb4e61 collected $0.1 from pot
*** SUMMARY ***
Total pot $0.1 | Rake $0 | Jackpot $0 | Bingo $0 | Fortune $0
Seat 1: 7adb4e61 (small blind) collected ($0.1)
Seat 4: 1d5733ce (big blind) folded before Flop
Seat 5: 959b8870 folded before Flop (didn't bet)
Seat 6: Hero (button) folded before Flop (didn't bet)


Poker Hand #HD1141793961: Hold'em No Limit  ($0.02/$0.05) - 2023/03/01 20:40:21
Table 'NLHBlue37' 6-max Seat #5 is the button
Seat 1: 7adb4e61 ($5.65 in chips)
Seat 4: 1d5733ce ($6.44 in chips)
Seat 5: 959b8870 ($2.03 in chips)
Seat 6: Hero ($7.96 in chips)
Hero: posts small blind $0.02
7adb4e61: posts big blind $0.05
*** HOLE CARDS ***
Dealt to 7adb4e61 
Dealt to 1d5733ce 
Dealt to 959b8870 
Dealt to Hero [Qh Ks]
1d5733ce: folds
959b8870: folds
Hero: raises $0.09 to $0.14
7adb4e61: folds
Uncalled bet ($0.09) returned to Hero
*** SHOWDOWN ***
Hero collected $0.1 from pot
*** SUMMARY ***
Total pot $0.1 | Rake $0 | Jackpot $0 | Bingo $0 | Fortune $0
Seat 1: 7adb4e61 (big blind) folded before Flop
Seat 4: 1d5733ce folded before Flop (didn't bet)
Seat 5: 959b8870 (button) folded before Flop (didn't bet)
Seat 6: Hero (small blind) collected ($0.1)


Poker Hand #HD1141793898: Hold'em No Limit  ($0.02/$0.05) - 2023/03/01 20:39:55
Table 'NLHBlue37' 6-max Seat #4 is the button
Seat 1: 7adb4e61 ($5.65 in chips)
Seat 4: 1d5733ce ($6.3 in chips)
Seat 5: 959b8870 ($2.05 in chips)
Seat 6: Hero ($8.09 in chips)
959b8870: posts small blind $0.02
Hero: posts big blind $0.05
*** HOLE CARDS ***
Dealt to 7adb4e61 
Dealt to 1d5733ce 
Dealt to 959b8870 
Dealt to Hero [As 5c]
7adb4e61: folds
1d5733ce: raises $0.08 to $0.13
959b8870: folds
Hero: calls $0.08
*** FLOP *** [Kh 6c 7s]
Hero: checks
1d5733ce: bets $0.1
Hero: folds
Uncalled bet ($0.1) returned to 1d5733ce
*** SHOWDOWN ***
1d5733ce collected $0.27 from pot
*** SUMMARY ***
Total pot $0.28 | Rake $0.01 | Jackpot $0 | Bingo $0 | Fortune $0
Board [Kh 6c 7s]
Seat 1: 7adb4e61 folded before Flop (didn't bet)
Seat 4: 1d5733ce (button) won ($0.27)
Seat 5: 959b8870 (small blind) folded before Flop
Seat 6: Hero (big blind) folded on the Flop


Poker Hand #HD1141793861: Hold'em No Limit  ($0.02/$0.05) - 2023/03/01 20:39:44
Table 'NLHBlue37' 6-max Seat #1 is the button
Seat 1: 7adb4e61 ($5.65 in chips)
Seat 4: 1d5733ce ($6.32 in chips)
Seat 5: 959b8870 ($2.03 in chips)
Seat 6: Hero ($8.09 in chips)
1d5733ce: posts small blind $0.02
959b8870: posts big blind $0.05
*** HOLE CARDS ***
Dealt to 7adb4e61 
Dealt to 1d5733ce 
Dealt to 959b8870 
Dealt to Hero [Qc 3h]
Hero: folds
7adb4e61: folds
1d5733ce: folds
Uncalled bet ($0.03) returned to 959b8870
*** SHOWDOWN ***
959b8870 collected $0.04 from pot
*** SUMMARY ***
Total pot $0.04 | Rake $0 | Jackpot $0 | Bingo $0 | Fortune $0
Seat 1: 7adb4e61 (button) folded before Flop (didn't bet)
Seat 4: 1d5733ce (small blind) folded before Flop
Seat 5: 959b8870 (big blind) collected ($0.04)
Seat 6: Hero folded before Flop (didn't bet)


Poker Hand #HD1141793814: Hold'em No Limit  ($0.02/$0.05) - 2023/03/01 20:39:27
Table 'NLHBlue37' 6-max Seat #6 is the button
Seat 1: 7adb4e61 ($5.67 in chips)
Seat 4: 1d5733ce ($6.3 in chips)
Seat 5: 959b8870 ($2.03 in chips)
Seat 6: Hero ($8.09 in chips)
7adb4e61: posts small blind $0.02
1d5733ce: posts big blind $0.05
*** HOLE CARDS ***
Dealt to 7adb4e61 
Dealt to 1d5733ce 
Dealt to 959b8870 
Dealt to Hero [6h 2h]
959b8870: folds
Hero: folds
7adb4e61: folds
Uncalled bet ($0.03) returned to 1d5733ce
*** SHOWDOWN ***
1d5733ce collected $0.04 from pot
*** SUMMARY ***
Total pot $0.04 | Rake $0 | Jackpot $0 | Bingo $0 | Fortune $0
Seat 1: 7adb4e61 (small blind) folded before Flop
Seat 4: 1d5733ce (big blind) collected ($0.04)
Seat 5: 959b8870 folded before Flop (didn't bet)
Seat 6: Hero (button) folded before Flop (didn't bet)


Poker Hand #HD1141793781: Hold'em No Limit  ($0.02/$0.05) - 2023/03/01 20:39:18
Table 'NLHBlue37' 6-max Seat #5 is the button
Seat 1: 7adb4e61 ($5.65 in chips)
Seat 2: 1409de2a ($5 in chips)
Seat 4: 1d5733ce ($6.3 in chips)
Seat 5: 959b8870 ($2.03 in chips)
Seat 6: Hero ($8.11 in chips)
Hero: posts small blind $0.02
7adb4e61: posts big blind $0.05
*** HOLE CARDS ***
Dealt to 7adb4e61 
Dealt to 1409de2a 
Dealt to 1d5733ce 
Dealt to 959b8870 
Dealt to Hero [2c 4s]
1409de2a: folds
1d5733ce: folds
959b8870: folds
Hero: folds
Uncalled bet ($0.03) returned to 7adb4e61
*** SHOWDOWN ***
7adb4e61 collected $0.04 from pot
*** SUMMARY ***
Total pot $0.04 | Rake $0 | Jackpot $0 | Bingo $0 | Fortune $0
Seat 1: 7adb4e61 (big blind) collected ($0.04)
Seat 2: 1409de2a folded before Flop (didn't bet)
Seat 4: 1d5733ce folded before Flop (didn't bet)
Seat 5: 959b8870 (button) folded before Flop (didn't bet)
Seat 6: Hero (small blind) folded before Flop


Poker Hand #HD1141793724: Hold'em No Limit  ($0.02/$0.05) - 2023/03/01 20:39:00
Table 'NLHBlue37' 6-max Seat #4 is the button
Seat 1: 7adb4e61 ($5.65 in chips)
Seat 2: 1409de2a ($5 in chips)
Seat 4: 1d5733ce ($6.3 in chips)
Seat 5: 959b8870 ($2.05 in chips)
Seat 6: Hero ($8.09 in chips)
959b8870: posts small blind $0.02
Hero: posts big blind $0.05
*** HOLE CARDS ***
Dealt to 7adb4e61 
Dealt to 1409de2a 
Dealt to 1d5733ce 
Dealt to 959b8870 
Dealt to Hero [5d 8c]
7adb4e61: folds
1409de2a: folds
1d5733ce: folds
959b8870: folds
Uncalled bet ($0.03) returned to Hero
*** SHOWDOWN ***
Hero collected $0.04 from pot
*** SUMMARY ***
Total pot $0.04 | Rake $0 | Jackpot $0 | Bingo $0 | Fortune $0
Seat 1: 7adb4e61 folded before Flop (didn't bet)
Seat 2: 1409de2a folded before Flop (didn't bet)
Seat 4: 1d5733ce (button) folded before Flop (didn't bet)
Seat 5: 959b8870 (small blind) folded before Flop
Seat 6: Hero (big blind) collected ($0.04)


Poker Hand #HD1141793682: Hold'em No Limit  ($0.02/$0.05) - 2023/03/01 20:38:45
Table 'NLHBlue37' 6-max Seat #2 is the button
Seat 1: 7adb4e61 ($5.65 in chips)
Seat 2: 1409de2a ($5 in chips)
Seat 4: 1d5733ce ($6.32 in chips)
Seat 5: 959b8870 ($2.03 in chips)
Seat 6: Hero ($8.09 in chips)
1d5733ce: posts small blind $0.02
959b8870: posts big blind $0.05
*** HOLE CARDS ***
Dealt to 7adb4e61 
Dealt to 1409de2a 
Dealt to 1d5733ce 
Dealt to 959b8870 
Dealt to Hero [Qc Jh]
Hero: folds
7adb4e61: folds
1409de2a: folds
1d5733ce: folds
Uncalled bet ($0.03) returned to 959b8870
*** SHOWDOWN ***
959b8870 collected $0.04 from pot
*** SUMMARY ***
Total pot $0.04 | Rake $0 | Jackpot $0 | Bingo $0 | Fortune $0
Seat 1: 7adb4e61 folded before Flop (didn't bet)
Seat 2: 1409de2a (button) folded before Flop (didn't bet)
Seat 4: 1d5733ce (small blind) folded before Flop
Seat 5: 959b8870 (big blind) collected ($0.04)
Seat 6: Hero folded before Flop (didn't bet)


Poker Hand #HD1141793519: Hold'em No Limit  ($0.02/$0.05) - 2023/03/01 20:37:45
Table 'NLHBlue37' 6-max Seat #1 is the button
Seat 1: 7adb4e61 ($5.65 in chips)
Seat 2: 1409de2a ($5 in chips)
Seat 4: 1d5733ce ($6.19 in chips)
Seat 5: 959b8870 ($2.03 in chips)
Seat 6: Hero ($8.21 in chips)
1409de2a: posts small blind $0.02
1d5733ce: posts big blind $0.05
*** HOLE CARDS ***
Dealt to 7adb4e61 
Dealt to 1409de2a 
Dealt to 1d5733ce 
Dealt to 959b8870 
Dealt to Hero [Kd Jd]
959b8870: folds
Hero: raises $0.07 to $0.12
7adb4e61: folds
1409de2a: folds
1d5733ce: calls $0.07
*** FLOP *** [3h 3c Ah]
1d5733ce: checks
Hero: checks
*** TURN *** [3h 3c Ah] [9h]
1d5733ce: bets $0.14
Hero: folds
Uncalled bet ($0.14) returned to 1d5733ce
*** SHOWDOWN ***
1d5733ce collected $0.25 from pot
*** SUMMARY ***
Total pot $0.26 | Rake $0.01 | Jackpot $0 | Bingo $0 | Fortune $0
Board [3h 3c Ah 9h]
Seat 1: 7adb4e61 (button) folded before Flop (didn't bet)
Seat 2: 1409de2a (small blind) folded before Flop
Seat 4: 1d5733ce (big blind) won ($0.25)
Seat 5: 959b8870 folded before Flop (didn't bet)
Seat 6: Hero folded on the Turn


Poker Hand #HD1141793182: Hold'em No Limit  ($0.02/$0.05) - 2023/03/01 20:35:45
Table 'NLHBlue37' 6-max Seat #6 is the button
Seat 1: 7adb4e61 ($5.97 in chips)
Seat 2: 1409de2a ($5.14 in chips)
Seat 4: 1d5733ce ($6.19 in chips)
Seat 5: 959b8870 ($2.03 in chips)
Seat 6: Hero ($7.61 in chips)
7adb4e61: posts small blind $0.02
1409de2a: posts big blind $0.05
*** HOLE CARDS ***
Dealt to 7adb4e61 
Dealt to 1409de2a 
Dealt to 1d5733ce 
Dealt to 959b8870 
Dealt to Hero [Tc Js]
1d5733ce: folds
959b8870: folds
Hero: raises $0.07 to $0.12
7adb4e61: calls $0.1
1409de2a: calls $0.07
*** FLOP *** [Jc Kd 5d]
7adb4e61: checks
1409de2a: bets $0.2
Hero: calls $0.2
7adb4e61: calls $0.2
*** TURN *** [Jc Kd 5d] [2c]
7adb4e61: checks
1409de2a: checks
Hero: checks
*** RIVER *** [Jc Kd 5d 2c] [Jh]
7adb4e61: checks
1409de2a: checks
Hero: bets $0.72
7adb4e61: folds
1409de2a: folds
Uncalled bet ($0.72) returned to Hero
*** SHOWDOWN ***
Hero collected $0.92 from pot
*** SUMMARY ***
Total pot $0.96 | Rake $0.04 | Jackpot $0 | Bingo $0 | Fortune $0
Board [Jc Kd 5d 2c Jh]
Seat 1: 7adb4e61 (small blind) folded on the River
Seat 2: 1409de2a (big blind) folded on the River
Seat 4: 1d5733ce folded before Flop (didn't bet)
Seat 5: 959b8870 folded before Flop (didn't bet)
Seat 6: Hero (button) won ($0.92)


Poker Hand #HD1141793155: Hold'em No Limit  ($0.02/$0.05) - 2023/03/01 20:35:34
Table 'NLHBlue37' 6-max Seat #5 is the button
Seat 1: 7adb4e61 ($6.02 in chips)
Seat 4: 1d5733ce ($6.19 in chips)
Seat 5: 959b8870 ($2.03 in chips)
Seat 6: Hero ($7.56 in chips)
Hero: posts small blind $0.02
7adb4e61: posts big blind $0.05
*** HOLE CARDS ***
Dealt to 7adb4e61 
Dealt to 1d5733ce 
Dealt to 959b8870 
Dealt to Hero [7d 8d]
1d5733ce: folds
959b8870: folds
Hero: raises $0.09 to $0.14
7adb4e61: folds
Uncalled bet ($0.09) returned to Hero
*** SHOWDOWN ***
Hero collected $0.1 from pot
*** SUMMARY ***
Total pot $0.1 | Rake $0 | Jackpot $0 | Bingo $0 | Fortune $0
Seat 1: 7adb4e61 (big blind) folded before Flop
Seat 4: 1d5733ce folded before Flop (didn't bet)
Seat 5: 959b8870 (button) folded before Flop (didn't bet)
Seat 6: Hero (small blind) collected ($0.1)


Poker Hand #HD1141793121: Hold'em No Limit  ($0.02/$0.05) - 2023/03/01 20:35:24
Table 'NLHBlue37' 6-max Seat #4 is the button
Seat 1: 7adb4e61 ($6.02 in chips)
Seat 4: 1d5733ce ($6.12 in chips)
Seat 5: 959b8870 ($2.05 in chips)
Seat 6: Hero ($7.61 in chips)
959b8870: posts small blind $0.02
Hero: posts big blind $0.05
*** HOLE CARDS ***
Dealt to 7adb4e61 
Dealt to 1d5733ce 
Dealt to 959b8870 
Dealt to Hero [Tc 4d]
7adb4e61: folds
1d5733ce: raises $0.08 to $0.13
959b8870: folds
Hero: folds
Uncalled bet ($0.08) returned to 1d5733ce
*** SHOWDOWN ***
1d5733ce collected $0.12 from pot
*** SUMMARY ***
Total pot $0.12 | Rake $0 | Jackpot $0 | Bingo $0 | Fortune $0
Seat 1: 7adb4e61 folded before Flop (didn't bet)
Seat 4: 1d5733ce (button) collected ($0.12)
Seat 5: 959b8870 (small blind) folded before Flop
Seat 6: Hero (big blind) folded before Flop


Poker Hand #HD1141793054: Hold'em No Limit  ($0.02/$0.05) - 2023/03/01 20:34:55
Table 'NLHBlue37' 6-max Seat #1 is the button
Seat 1: 7adb4e61 ($6.02 in chips)
Seat 4: 1d5733ce ($6.17 in chips)
Seat 5: 959b8870 ($2 in chips)
Seat 6: Hero ($7.61 in chips)
1d5733ce: posts small blind $0.02
959b8870: posts big blind $0.05
*** HOLE CARDS ***
Dealt to 7adb4e61 
Dealt to 1d5733ce 
Dealt to 959b8870 
Dealt to Hero [Kd 3c]
Hero: folds
7adb4e61: folds
1d5733ce: calls $0.03
959b8870: raises $0.11 to $0.16
1d5733ce: folds
Uncalled bet ($0.11) returned to 959b8870
*** SHOWDOWN ***
959b8870 collected $0.1 from pot
*** SUMMARY ***
Total pot $0.1 | Rake $0 | Jackpot $0 | Bingo $0 | Fortune $0
Seat 1: 7adb4e61 (button) folded before Flop (didn't bet)
Seat 4: 1d5733ce (small blind) folded before Flop
Seat 5: 959b8870 (big blind) collected ($0.1)
Seat 6: Hero folded before Flop (didn't bet)


Poker Hand #HD1141793020: Hold'em No Limit  ($0.02/$0.05) - 2023/03/01 20:34:45
Table 'NLHBlue37' 6-max Seat #6 is the button
Seat 1: 7adb4e61 ($6.04 in chips)
Seat 4: 1d5733ce ($6.22 in chips)
Seat 6: Hero ($7.54 in chips)
7adb4e61: posts small blind $0.02
1d5733ce: posts big blind $0.05
*** HOLE CARDS ***
Dealt to 7adb4e61 
Dealt to 1d5733ce 
Dealt to Hero [4d 5d]
Hero: raises $0.07 to $0.12
7adb4e61: folds
1d5733ce: folds
Uncalled bet ($0.07) returned to Hero
*** SHOWDOWN ***
Hero collected $0.12 from pot
*** SUMMARY ***
Total pot $0.12 | Rake $0 | Jackpot $0 | Bingo $0 | Fortune $0
Seat 1: 7adb4e61 (small blind) folded before Flop
Seat 4: 1d5733ce (big blind) folded before Flop
Seat 6: Hero (button) collected ($0.12)


Poker Hand #HD1141792918: Hold'em No Limit  ($0.02/$0.05) - 2023/03/01 20:34:05
Table 'NLHBlue37' 6-max Seat #4 is the button
Seat 1: 7adb4e61 ($5.9 in chips)
Seat 2: 1409de2a ($5.14 in chips)
Seat 4: 1d5733ce ($6.35 in chips)
Seat 6: Hero ($7.56 in chips)
Hero: posts small blind $0.02
7adb4e61: posts big blind $0.05
*** HOLE CARDS ***
Dealt to 7adb4e61 
Dealt to 1409de2a 
Dealt to 1d5733ce 
Dealt to Hero [9h Td]
1409de2a: folds
1d5733ce: raises $0.08 to $0.13
Hero: folds
7adb4e61: raises $0.24 to $0.37
1d5733ce: folds
Uncalled bet ($0.24) returned to 7adb4e61
*** SHOWDOWN ***
7adb4e61 collected $0.27 from pot
*** SUMMARY ***
Total pot $0.28 | Rake $0.01 | Jackpot $0 | Bingo $0 | Fortune $0
Seat 1: 7adb4e61 (big blind) collected ($0.27)
Seat 2: 1409de2a folded before Flop (didn't bet)
Seat 4: 1d5733ce (button) folded before Flop
Seat 6: Hero (small blind) folded before Flop


Poker Hand #HD1141792845: Hold'em No Limit  ($0.02/$0.05) - 2023/03/01 20:33:37
Table 'NLHBlue37' 6-max Seat #2 is the button
Seat 1: 7adb4e61 ($5.9 in chips)
Seat 2: 1409de2a ($5.14 in chips)
Seat 4: 1d5733ce ($6.3 in chips)
Seat 6: Hero ($7.61 in chips)
1d5733ce: posts small blind $0.02
Hero: posts big blind $0.05
*** HOLE CARDS ***
Dealt to 7adb4e61 
Dealt to 1409de2a 
Dealt to 1d5733ce 
Dealt to Hero [Kh 4d]
7adb4e61: folds
1409de2a: folds
1d5733ce: raises $0.13 to $0.18
Hero: folds
Uncalled bet ($0.13) returned to 1d5733ce
*** SHOWDOWN ***
1d5733ce collected $0.1 from pot
*** SUMMARY ***
Total pot $0.1 | Rake $0 | Jackpot $0 | Bingo $0 | Fortune $0
Seat 1: 7adb4e61 folded before Flop (didn't bet)
Seat 2: 1409de2a (button) folded before Flop (didn't bet)
Seat 4: 1d5733ce (small blind) collected ($0.1)
Seat 6: Hero (big blind) folded before Flop


Poker Hand #HD1141792809: Hold'em No Limit  ($0.02/$0.05) - 2023/03/01 20:33:24
Table 'NLHBlue37' 6-max Seat #1 is the button
Seat 1: 7adb4e61 ($5.9 in chips)
Seat 2: 1409de2a ($5.16 in chips)
Seat 4: 1d5733ce ($6.28 in chips)
Seat 6: Hero ($7.61 in chips)
1409de2a: posts small blind $0.02
1d5733ce: posts big blind $0.05
*** HOLE CARDS ***
Dealt to 7adb4e61 
Dealt to 1409de2a 
Dealt to 1d5733ce 
Dealt to Hero [8s 5h]
Hero: folds
7adb4e61: folds
1409de2a: folds
Uncalled bet ($0.03) returned to 1d5733ce
*** SHOWDOWN ***
1d5733ce collected $0.04 from pot
*** SUMMARY ***
Total pot $0.04 | Rake $0 | Jackpot $0 | Bingo $0 | Fortune $0
Seat 1: 7adb4e61 (button) folded before Flop (didn't bet)
Seat 2: 1409de2a (small blind) folded before Flop
Seat 4: 1d5733ce (big blind) collected ($0.04)
Seat 6: Hero folded before Flop (didn't bet)


Poker Hand #HD1141792763: Hold'em No Limit  ($0.02/$0.05) - 2023/03/01 20:33:11
Table 'NLHBlue37' 6-max Seat #6 is the button
Seat 1: 7adb4e61 ($5.92 in chips)
Seat 2: 1409de2a ($5.14 in chips)
Seat 3: 9217bc52 ($5.36 in chips)
Seat 4: 1d5733ce ($6.28 in chips)
Seat 6: Hero ($7.61 in chips)
7adb4e61: posts small blind $0.02
1409de2a: posts big blind $0.05
*** HOLE CARDS ***
Dealt to 7adb4e61 
Dealt to 1409de2a 
Dealt to 9217bc52 
Dealt to 1d5733ce 
Dealt to Hero [6s 4c]
9217bc52: folds
1d5733ce: folds
Hero: folds
7adb4e61: folds
Uncalled bet ($0.03) returned to 1409de2a
*** SHOWDOWN ***
1409de2a collected $0.04 from pot
*** SUMMARY ***
Total pot $0.04 | Rake $0 | Jackpot $0 | Bingo $0 | Fortune $0
Seat 1: 7adb4e61 (small blind) folded before Flop
Seat 2: 1409de2a (big blind) collected ($0.04)
Seat 3: 9217bc52 folded before Flop (didn't bet)
Seat 4: 1d5733ce folded before Flop (didn't bet)
Seat 6: Hero (button) folded before Flop (didn't bet)


Poker Hand #HD1141792731: Hold'em No Limit  ($0.02/$0.05) - 2023/03/01 20:32:58
Table 'NLHBlue37' 6-max Seat #4 is the button
Seat 1: 7adb4e61 ($5.97 in chips)
Seat 2: 1409de2a ($5.14 in chips)
Seat 3: 9217bc52 ($5.29 in chips)
Seat 4: 1d5733ce ($6.28 in chips)
Seat 6: Hero ($7.63 in chips)
Hero: posts small blind $0.02
7adb4e61: posts big blind $0.05
*** HOLE CARDS ***
Dealt to 7adb4e61 
Dealt to 1409de2a 
Dealt to 9217bc52 
Dealt to 1d5733ce 
Dealt to Hero [4h 3d]
1409de2a: folds
9217bc52: raises $0.1 to $0.15
1d5733ce: folds
Hero: folds
7adb4e61: folds
Uncalled bet ($0.1) returned to 9217bc52
*** SHOWDOWN ***
9217bc52 collected $0.12 from pot
*** SUMMARY ***
Total pot $0.12 | Rake $0 | Jackpot $0 | Bingo $0 | Fortune $0
Seat 1: 7adb4e61 (big blind) folded before Flop
Seat 2: 1409de2a folded before Flop (didn't bet)
Seat 3: 9217bc52 collected ($0.12)
Seat 4: 1d5733ce (button) folded before Flop (didn't bet)
Seat 6: Hero (small blind) folded before Flop


Poker Hand #HD1141792595: Hold'em No Limit  ($0.02/$0.05) - 2023/03/01 20:32:07
Table 'NLHBlue37' 6-max Seat #3 is the button
Seat 1: 7adb4e61 ($5.97 in chips)
Seat 2: 1409de2a ($5 in chips)
Seat 3: 9217bc52 ($5.29 in chips)
Seat 4: 1d5733ce ($6.3 in chips)
Seat 6: Hero ($7.76 in chips)
1d5733ce: posts small blind $0.02
Hero: posts big blind $0.05
*** HOLE CARDS ***
Dealt to 7adb4e61 
Dealt to 1409de2a 
Dealt to 9217bc52 
Dealt to 1d5733ce 
Dealt to Hero [3c Ad]
7adb4e61: folds
1409de2a: raises $0.08 to $0.13
9217bc52: folds
1d5733ce: folds
Hero: calls $0.08
*** FLOP *** [Jc 8c Tc]
Hero: checks
1409de2a: bets $0.16
Hero: folds
Uncalled bet ($0.16) returned to 1409de2a
*** SHOWDOWN ***
1409de2a collected $0.27 from pot
*** SUMMARY ***
Total pot $0.28 | Rake $0.01 | Jackpot $0 | Bingo $0 | Fortune $0
Board [Jc 8c Tc]
Seat 1: 7adb4e61 folded before Flop (didn't bet)
Seat 2: 1409de2a won ($0.27)
Seat 3: 9217bc52 (button) folded before Flop (didn't bet)
Seat 4: 1d5733ce (small blind) folded before Flop
Seat 6: Hero (big blind) folded on the Flop


Poker Hand #HD1141792489: Hold'em No Limit  ($0.02/$0.05) - 2023/03/01 20:31:30
Table 'NLHBlue37' 6-max Seat #2 is the button
Seat 1: 7adb4e61 ($5.97 in chips)
Seat 2: 1409de2a ($5 in chips)
Seat 3: 9217bc52 ($5.31 in chips)
Seat 4: 1d5733ce ($6.17 in chips)
Seat 6: Hero ($7.88 in chips)
9217bc52: posts small blind $0.02
1d5733ce: posts big blind $0.05
*** HOLE CARDS ***
Dealt to 7adb4e61 
Dealt to 1409de2a 
Dealt to 9217bc52 
Dealt to 1d5733ce 
Dealt to Hero [6c 5c]
Hero: raises $0.07 to $0.12
7adb4e61: folds
1409de2a: folds
9217bc52: folds
1d5733ce: calls $0.07
*** FLOP *** [As 2h 2d]
1d5733ce: checks
Hero: checks
*** TURN *** [As 2h 2d] [9d]
1d5733ce: bets $0.13
Hero: folds
Uncalled bet ($0.13) returned to 1d5733ce
*** SHOWDOWN ***
1d5733ce collected $0.25 from pot
*** SUMMARY ***
Total pot $0.26 | Rake $0.01 | Jackpot $0 | Bingo $0 | Fortune $0
Board [As 2h 2d 9d]
Seat 1: 7adb4e61 folded before Flop (didn't bet)
Seat 2: 1409de2a (button) folded before Flop (didn't bet)
Seat 3: 9217bc52 (small blind) folded before Flop
Seat 4: 1d5733ce (big blind) won ($0.25)
Seat 6: Hero folded on the Turn


Poker Hand #HD1141792459: Hold'em No Limit  ($0.02/$0.05) - 2023/03/01 20:31:18
Table 'NLHBlue37' 6-max Seat #1 is the button
Seat 1: 7adb4e61 ($5.9 in chips)
Seat 2: 1409de2a ($5.02 in chips)
Seat 3: 9217bc52 ($5.36 in chips)
Seat 4: 1d5733ce ($6.17 in chips)
Seat 6: Hero ($7.88 in chips)
1409de2a: posts small blind $0.02
9217bc52: posts big blind $0.05
*** HOLE CARDS ***
Dealt to 7adb4e61 
Dealt to 1409de2a 
Dealt to 9217bc52 
Dealt to 1d5733ce 
Dealt to Hero [2d 3h]
1d5733ce: folds
Hero: folds
7adb4e61: raises $0.08 to $0.13
1409de2a: folds
9217bc52: folds
Uncalled bet ($0.08) returned to 7adb4e61
*** SHOWDOWN ***
7adb4e61 collected $0.12 from pot
*** SUMMARY ***
Total pot $0.12 | Rake $0 | Jackpot $0 | Bingo $0 | Fortune $0
Seat 1: 7adb4e61 (button) collected ($0.12)
Seat 2: 1409de2a (small blind) folded before Flop
Seat 3: 9217bc52 (big blind) folded before Flop
Seat 4: 1d5733ce folded before Flop (didn't bet)
Seat 6: Hero folded before Flop (didn't bet)


Poker Hand #HD1141792405: Hold'em No Limit  ($0.02/$0.05) - 2023/03/01 20:30:57
Table 'NLHBlue37' 6-max Seat #6 is the button
Seat 1: 7adb4e61 ($5.92 in chips)
Seat 2: 1409de2a ($5 in chips)
Seat 3: 9217bc52 ($5.36 in chips)
Seat 4: 1d5733ce ($6.17 in chips)
Seat 6: Hero ($7.88 in chips)
7adb4e61: posts small blind $0.02
1409de2a: posts big blind $0.05
*** HOLE CARDS ***
Dealt to 7adb4e61 
Dealt to 1409de2a 
Dealt to 9217bc52 
Dealt to 1d5733ce 
Dealt to Hero [9d 4h]
9217bc52: folds
1d5733ce: folds
Hero: folds
7adb4e61: folds
Uncalled bet ($0.03) returned to 1409de2a
*** SHOWDOWN ***
1409de2a collected $0.04 from pot
*** SUMMARY ***
Total pot $0.04 | Rake $0 | Jackpot $0 | Bingo $0 | Fortune $0
Seat 1: 7adb4e61 (small blind) folded before Flop
Seat 2: 1409de2a (big blind) collected ($0.04)
Seat 3: 9217bc52 folded before Flop (didn't bet)
Seat 4: 1d5733ce folded before Flop (didn't bet)
Seat 6: Hero (button) folded before Flop (didn't bet)


Poker Hand #HD1141792371: Hold'em No Limit  ($0.02/$0.05) - 2023/03/01 20:30:41
Table 'NLHBlue37' 6-max Seat #4 is the button
Seat 1: 7adb4e61 ($5.97 in chips)
Seat 3: 9217bc52 ($5.36 in chips)
Seat 4: 1d5733ce ($6.17 in chips)
Seat 6: Hero ($7.83 in chips)
Hero: posts small blind $0.02
7adb4e61: posts big blind $0.05
*** HOLE CARDS ***
Dealt to 7adb4e61 
Dealt to 9217bc52 
Dealt to 1d5733ce 
Dealt to Hero [8s 8c]
9217bc52: folds
1d5733ce: folds
Hero: raises $0.09 to $0.14
7adb4e61: folds
Uncalled bet ($0.09) returned to Hero
*** SHOWDOWN ***
Hero collected $0.1 from pot
*** SUMMARY ***
Total pot $0.1 | Rake $0 | Jackpot $0 | Bingo $0 | Fortune $0
Seat 1: 7adb4e61 (big blind) folded before Flop
Seat 3: 9217bc52 folded before Flop (didn't bet)
Seat 4: 1d5733ce (button) folded before Flop (didn't bet)
Seat 6: Hero (small blind) collected ($0.1)


Poker Hand #HD1141792335: Hold'em No Limit  ($0.02/$0.05) - 2023/03/01 20:30:28
Table 'NLHBlue37' 6-max Seat #3 is the button
Seat 1: 7adb4e61 ($5.9 in chips)
Seat 3: 9217bc52 ($5.36 in chips)
Seat 4: 1d5733ce ($6.19 in chips)
Seat 6: Hero ($7.88 in chips)
1d5733ce: posts small blind $0.02
Hero: posts big blind $0.05
*** HOLE CARDS ***
Dealt to 7adb4e61 
Dealt to 9217bc52 
Dealt to 1d5733ce 
Dealt to Hero [8s 5h]
7adb4e61: raises $0.1 to $0.15
9217bc52: folds
1d5733ce: folds
Hero: folds
Uncalled bet ($0.1) returned to 7adb4e61
*** SHOWDOWN ***
7adb4e61 collected $0.12 from pot
*** SUMMARY ***
Total pot $0.12 | Rake $0 | Jackpot $0 | Bingo $0 | Fortune $0
Seat 1: 7adb4e61 collected ($0.12)
Seat 3: 9217bc52 (button) folded before Flop (didn't bet)
Seat 4: 1d5733ce (small blind) folded before Flop
Seat 6: Hero (big blind) folded before Flop


Poker Hand #HD1141791997: Hold'em No Limit  ($0.02/$0.05) - 2023/03/01 20:28:28
Table 'NLHBlue37' 6-max Seat #1 is the button
Seat 1: 7adb4e61 ($5.9 in chips)
Seat 3: 9217bc52 ($6.19 in chips)
Seat 4: 1d5733ce ($5.39 in chips)
Seat 5: 8f88a055 ($6.57 in chips)
Seat 6: Hero ($7.88 in chips)
9217bc52: posts small blind $0.02
1d5733ce: posts big blind $0.05
*** HOLE CARDS ***
Dealt to 7adb4e61 
Dealt to 9217bc52 
Dealt to 1d5733ce 
Dealt to 8f88a055 
Dealt to Hero [6d As]
8f88a055: raises $0.05 to $0.1
Hero: folds
7adb4e61: folds
9217bc52: calls $0.08
1d5733ce: calls $0.05
*** FLOP *** [4c Kc Tc]
9217bc52: checks
1d5733ce: bets $0.2
8f88a055: folds
9217bc52: calls $0.2
*** TURN *** [4c Kc Tc] [3h]
9217bc52: checks
1d5733ce: bets $0.53
9217bc52: calls $0.53
*** RIVER *** [4c Kc Tc 3h] [5d]
9217bc52: checks
1d5733ce: bets $0.64
9217bc52: folds
Uncalled bet ($0.64) returned to 1d5733ce
*** SHOWDOWN ***
1d5733ce collected $1.63 from pot
*** SUMMARY ***
Total pot $1.76 | Rake $0.08 | Jackpot $0.05 | Bingo $0 | Fortune $0
Board [4c Kc Tc 3h 5d]
Seat 1: 7adb4e61 (button) folded before Flop (didn't bet)
Seat 3: 9217bc52 (small blind) folded on the River
Seat 4: 1d5733ce (big blind) won ($1.63)
Seat 5: 8f88a055 folded on the Flop
Seat 6: Hero folded before Flop (didn't bet)


Poker Hand #HD1141791839: Hold'em No Limit  ($0.02/$0.05) - 2023/03/01 20:27:28
Table 'NLHBlue37' 6-max Seat #6 is the button
Seat 1: 7adb4e61 ($5.23 in chips)
Seat 2: d56fbeb ($5 in chips)
Seat 3: 9217bc52 ($6.19 in chips)
Seat 4: 1d5733ce ($5.39 in chips)
Seat 5: 8f88a055 ($6.62 in chips)
Seat 6: Hero ($8.58 in chips)
7adb4e61: posts small blind $0.02
d56fbeb: posts big blind $0.05
*** HOLE CARDS ***
Dealt to 7adb4e61 
Dealt to d56fbeb 
Dealt to 9217bc52 
Dealt to 1d5733ce 
Dealt to 8f88a055 
Dealt to Hero [8s As]
9217bc52: folds
1d5733ce: folds
8f88a055: calls $0.05
Hero: raises $0.15 to $0.2
7adb4e61: raises $0.5 to $0.7
d56fbeb: folds
8f88a055: folds
Hero: calls $0.5
*** FLOP *** [9d Kc 8d]
7adb4e61: bets $1.5
Hero: folds
Uncalled bet ($1.5) returned to 7adb4e61
*** SHOWDOWN ***
7adb4e61 collected $1.37 from pot
*** SUMMARY ***
Total pot $1.5 | Rake $0.08 | Jackpot $0.05 | Bingo $0 | Fortune $0
Board [9d Kc 8d]
Seat 1: 7adb4e61 (small blind) won ($1.37)
Seat 2: d56fbeb (big blind) folded before Flop
Seat 3: 9217bc52 folded before Flop (didn't bet)
Seat 4: 1d5733ce folded before Flop (didn't bet)
Seat 5: 8f88a055 folded before Flop
Seat 6: Hero (button) folded on the Flop


Poker Hand #HD1141791604: Hold'em No Limit  ($0.02/$0.05) - 2023/03/01 20:25:58
Table 'NLHBlue37' 6-max Seat #5 is the button
Seat 1: 7adb4e61 ($5 in chips)
Seat 2: d56fbeb ($5 in chips)
Seat 3: 9217bc52 ($6.19 in chips)
Seat 4: 1d5733ce ($5.62 in chips)
Seat 5: 8f88a055 ($6.62 in chips)
Seat 6: Hero ($8.6 in chips)
Hero: posts small blind $0.02
7adb4e61: posts big blind $0.05
*** HOLE CARDS ***
Dealt to 7adb4e61 
Dealt to d56fbeb 
Dealt to 9217bc52 
Dealt to 1d5733ce 
Dealt to 8f88a055 
Dealt to Hero [4s 4d]
d56fbeb: folds
9217bc52: folds
1d5733ce: raises $0.08 to $0.13
8f88a055: folds
Hero: folds
7adb4e61: calls $0.08
*** FLOP *** [2h 9h Ac]
7adb4e61: checks
1d5733ce: bets $0.1
7adb4e61: raises $0.5 to $0.6
1d5733ce: folds
Uncalled bet ($0.5) returned to 7adb4e61
*** SHOWDOWN ***
7adb4e61 collected $0.46 from pot
*** SUMMARY ***
Total pot $0.48 | Rake $0.02 | Jackpot $0 | Bingo $0 | Fortune $0
Board [2h 9h Ac]
Seat 1: 7adb4e61 (big blind) won ($0.46)
Seat 2: d56fbeb folded before Flop (didn't bet)
Seat 3: 9217bc52 folded before Flop (didn't bet)
Seat 4: 1d5733ce folded on the Flop
Seat 5: 8f88a055 (button) folded before Flop (didn't bet)
Seat 6: Hero (small blind) folded before Flop


Poker Hand #HD1141791567: Hold'em No Limit  ($0.02/$0.05) - 2023/03/01 20:25:43
Table 'NLHBlue37' 6-max Seat #4 is the button
Seat 1: 7adb4e61 ($5 in chips)
Seat 2: d56fbeb ($5 in chips)
Seat 3: 9217bc52 ($6.12 in chips)
Seat 4: 1d5733ce ($5.62 in chips)
Seat 5: 8f88a055 ($6.64 in chips)
Seat 6: Hero ($8.65 in chips)
8f88a055: posts small blind $0.02
Hero: posts big blind $0.05
*** HOLE CARDS ***
Dealt to 7adb4e61 
Dealt to d56fbeb 
Dealt to 9217bc52 
Dealt to 1d5733ce 
Dealt to 8f88a055 
Dealt to Hero [7c Ad]
7adb4e61: folds
d56fbeb: folds
9217bc52: raises $0.1 to $0.15
1d5733ce: folds
8f88a055: folds
Hero: folds
Uncalled bet ($0.1) returned to 9217bc52
*** SHOWDOWN ***
9217bc52 collected $0.12 from pot
*** SUMMARY ***
Total pot $0.12 | Rake $0 | Jackpot $0 | Bingo $0 | Fortune $0
Seat 1: 7adb4e61 folded before Flop (didn't bet)
Seat 2: d56fbeb folded before Flop (didn't bet)
Seat 3: 9217bc52 collected ($0.12)
Seat 4: 1d5733ce (button) folded before Flop (didn't bet)
Seat 5: 8f88a055 (small blind) folded before Flop
Seat 6: Hero (big blind) folded before Flop


Poker Hand #HD1141791503: Hold'em No Limit  ($0.02/$0.05) - 2023/03/01 20:25:25
Table 'NLHBlue37' 6-max Seat #3 is the button
Seat 1: 7adb4e61 ($5 in chips)
Seat 2: d56fbeb ($5 in chips)
Seat 3: 9217bc52 ($6.12 in chips)
Seat 4: 1d5733ce ($5.64 in chips)
Seat 5: 8f88a055 ($6.69 in chips)
Seat 6: Hero ($8.58 in chips)
1d5733ce: posts small blind $0.02
8f88a055: posts big blind $0.05
*** HOLE CARDS ***
Dealt to 7adb4e61 
Dealt to d56fbeb 
Dealt to 9217bc52 
Dealt to 1d5733ce 
Dealt to 8f88a055 
Dealt to Hero [Kd Kh]
Hero: raises $0.09 to $0.14
7adb4e61: folds
d56fbeb: folds
9217bc52: folds
1d5733ce: folds
8f88a055: folds
Uncalled bet ($0.09) returned to Hero
*** SHOWDOWN ***
Hero collected $0.12 from pot
*** SUMMARY ***
Total pot $0.12 | Rake $0 | Jackpot $0 | Bingo $0 | Fortune $0
Seat 1: 7adb4e61 folded before Flop (didn't bet)
Seat 2: d56fbeb folded before Flop (didn't bet)
Seat 3: 9217bc52 (button) folded before Flop (didn't bet)
Seat 4: 1d5733ce (small blind) folded before Flop
Seat 5: 8f88a055 (big blind) folded before Flop
Seat 6: Hero collected ($0.12)


Poker Hand #HD1141791467: Hold'em No Limit  ($0.02/$0.05) - 2023/03/01 20:25:09
Table 'NLHBlue37' 6-max Seat #2 is the button
Seat 1: 7adb4e61 ($5 in chips)
Seat 2: d56fbeb ($5 in chips)
Seat 3: 9217bc52 ($6.14 in chips)
Seat 4: 1d5733ce ($5.62 in chips)
Seat 5: 8f88a055 ($6.69 in chips)
Seat 6: Hero ($8.58 in chips)
9217bc52: posts small blind $0.02
1d5733ce: posts big blind $0.05
*** HOLE CARDS ***
Dealt to 7adb4e61 
Dealt to d56fbeb 
Dealt to 9217bc52 
Dealt to 1d5733ce 
Dealt to 8f88a055 
Dealt to Hero [Ah 3s]
8f88a055: folds
Hero: folds
7adb4e61: folds
d56fbeb: folds
9217bc52: folds
Uncalled bet ($0.03) returned to 1d5733ce
*** SHOWDOWN ***
1d5733ce collected $0.04 from pot
*** SUMMARY ***
Total pot $0.04 | Rake $0 | Jackpot $0 | Bingo $0 | Fortune $0
Seat 1: 7adb4e61 folded before Flop (didn't bet)
Seat 2: d56fbeb (button) folded before Flop (didn't bet)
Seat 3: 9217bc52 (small blind) folded before Flop
Seat 4: 1d5733ce (big blind) collected ($0.04)
Seat 5: 8f88a055 folded before Flop (didn't bet)
Seat 6: Hero folded before Flop (didn't bet)


Poker Hand #HD1141791388: Hold'em No Limit  ($0.02/$0.05) - 2023/03/01 20:24:44
Table 'NLHBlue37' 6-max Seat #1 is the button
Seat 1: 7adb4e61 ($5 in chips)
Seat 2: d56fbeb ($5 in chips)
Seat 3: 9217bc52 ($6.19 in chips)
Seat 4: 1d5733ce ($5.62 in chips)
Seat 5: 8f88a055 ($6.69 in chips)
Seat 6: Hero ($8.51 in chips)
d56fbeb: posts small blind $0.02
9217bc52: posts big blind $0.05
*** HOLE CARDS ***
Dealt to 7adb4e61 
Dealt to d56fbeb 
Dealt to 9217bc52 
Dealt to 1d5733ce 
Dealt to 8f88a055 
Dealt to Hero [Ah Qc]
1d5733ce: folds
8f88a055: folds
Hero: raises $0.07 to $0.12
7adb4e61: folds
d56fbeb: folds
9217bc52: folds
Uncalled bet ($0.07) returned to Hero
*** SHOWDOWN ***
Hero collected $0.12 from pot
*** SUMMARY ***
Total pot $0.12 | Rake $0 | Jackpot $0 | Bingo $0 | Fortune $0
Seat 1: 7adb4e61 (button) folded before Flop (didn't bet)
Seat 2: d56fbeb (small blind) folded before Flop
Seat 3: 9217bc52 (big blind) folded before Flop
Seat 4: 1d5733ce folded before Flop (didn't bet)
Seat 5: 8f88a055 folded before Flop (didn't bet)
Seat 6: Hero collected ($0.12)


Poker Hand #HD1141791354: Hold'em No Limit  ($0.02/$0.05) - 2023/03/01 20:24:30
Table 'NLHBlue37' 6-max Seat #6 is the button
Seat 1: 7adb4e61 ($5.02 in chips)
Seat 2: d56fbeb ($5 in chips)
Seat 3: 9217bc52 ($6.19 in chips)
Seat 4: 1d5733ce ($5.62 in chips)
Seat 5: 8f88a055 ($6.69 in chips)
Seat 6: Hero ($8.44 in chips)
7adb4e61: posts small blind $0.02
d56fbeb: posts big blind $0.05
*** HOLE CARDS ***
Dealt to 7adb4e61 
Dealt to d56fbeb 
Dealt to 9217bc52 
Dealt to 1d5733ce 
Dealt to 8f88a055 
Dealt to Hero [7c As]
9217bc52: folds
1d5733ce: folds
8f88a055: folds
Hero: raises $0.07 to $0.12
7adb4e61: folds
d56fbeb: folds
Uncalled bet ($0.07) returned to Hero
*** SHOWDOWN ***
Hero collected $0.12 from pot
*** SUMMARY ***
Total pot $0.12 | Rake $0 | Jackpot $0 | Bingo $0 | Fortune $0
Seat 1: 7adb4e61 (small blind) folded before Flop
Seat 2: d56fbeb (big blind) folded before Flop
Seat 3: 9217bc52 folded before Flop (didn't bet)
Seat 4: 1d5733ce folded before Flop (didn't bet)
Seat 5: 8f88a055 folded before Flop (didn't bet)
Seat 6: Hero (button) collected ($0.12)


Poker Hand #HD1141791235: Hold'em No Limit  ($0.02/$0.05) - 2023/03/01 20:23:49
Table 'NLHBlue37' 6-max Seat #5 is the button
Seat 1: 7adb4e61 ($5.07 in chips)
Seat 2: d56fbeb ($5 in chips)
Seat 3: 9217bc52 ($6.19 in chips)
Seat 4: 1d5733ce ($5.62 in chips)
Seat 5: 8f88a055 ($6.43 in chips)
Seat 6: Hero ($8.46 in chips)
Hero: posts small blind $0.02
7adb4e61: posts big blind $0.05
*** HOLE CARDS ***
Dealt to 7adb4e61 
Dealt to d56fbeb 
Dealt to 9217bc52 
Dealt to 1d5733ce 
Dealt to 8f88a055 
Dealt to Hero [9c Kc]
d56fbeb: raises $0.08 to $0.13
9217bc52: folds
1d5733ce: folds
8f88a055: raises $0.08 to $0.21
Hero: folds
7adb4e61: folds
d56fbeb: calls $0.08
*** FLOP *** [2h 9h 8d]
d56fbeb: checks
8f88a055: bets $0.17
d56fbeb: folds
Uncalled bet ($0.17) returned to 8f88a055
*** SHOWDOWN ***
8f88a055 collected $0.47 from pot
*** SUMMARY ***
Total pot $0.49 | Rake $0.02 | Jackpot $0 | Bingo $0 | Fortune $0
Board [2h 9h 8d]
Seat 1: 7adb4e61 (big blind) folded before Flop
Seat 2: d56fbeb folded on the Flop
Seat 3: 9217bc52 folded before Flop (didn't bet)
Seat 4: 1d5733ce folded before Flop (didn't bet)
Seat 5: 8f88a055 (button) won ($0.47)
Seat 6: Hero (small blind) folded before Flop


Poker Hand #HD1141791145: Hold'em No Limit  ($0.02/$0.05) - 2023/03/01 20:23:16
Table 'NLHBlue37' 6-max Seat #4 is the button
Seat 1: 7adb4e61 ($5.07 in chips)
Seat 2: d56fbeb ($5 in chips)
Seat 3: 9217bc52 ($6.19 in chips)
Seat 4: 1d5733ce ($5.75 in chips)
Seat 5: 8f88a055 ($6.45 in chips)
Seat 6: Hero ($8.32 in chips)
8f88a055: posts small blind $0.02
Hero: posts big blind $0.05
*** HOLE CARDS ***
Dealt to 7adb4e61 
Dealt to d56fbeb 
Dealt to 9217bc52 
Dealt to 1d5733ce 
Dealt to 8f88a055 
Dealt to Hero [8s Ah]
7adb4e61: folds
d56fbeb: folds
9217bc52: folds
1d5733ce: raises $0.08 to $0.13
8f88a055: folds
Hero: calls $0.08
*** FLOP *** [Kc 8h 7d]
Hero: bets $0.1
1d5733ce: folds
Uncalled bet ($0.1) returned to Hero
*** SHOWDOWN ***
Hero collected $0.27 from pot
*** SUMMARY ***
Total pot $0.28 | Rake $0.01 | Jackpot $0 | Bingo $0 | Fortune $0
Board [Kc 8h 7d]
Seat 1: 7adb4e61 folded before Flop (didn't bet)
Seat 2: d56fbeb folded before Flop (didn't bet)
Seat 3: 9217bc52 folded before Flop (didn't bet)
Seat 4: 1d5733ce (button) folded on the Flop
Seat 5: 8f88a055 (small blind) folded before Flop
Seat 6: Hero (big blind) won ($0.27)


Poker Hand #HD1141791082: Hold'em No Limit  ($0.02/$0.05) - 2023/03/01 20:22:56
Table 'NLHBlue37' 6-max Seat #3 is the button
Seat 1: 7adb4e61 ($5.07 in chips)
Seat 2: d56fbeb ($5 in chips)
Seat 3: 9217bc52 ($6.19 in chips)
Seat 4: 1d5733ce ($5.77 in chips)
Seat 5: 8f88a055 ($6.43 in chips)
Seat 6: Hero ($8.32 in chips)
1d5733ce: posts small blind $0.02
8f88a055: posts big blind $0.05
*** HOLE CARDS ***
Dealt to 7adb4e61 
Dealt to d56fbeb 
Dealt to 9217bc52 
Dealt to 1d5733ce 
Dealt to 8f88a055 
Dealt to Hero [Td 6h]
Hero: folds
7adb4e61: folds
d56fbeb: folds
9217bc52: folds
1d5733ce: folds
Uncalled bet ($0.03) returned to 8f88a055
*** SHOWDOWN ***
8f88a055 collected $0.04 from pot
*** SUMMARY ***
Total pot $0.04 | Rake $0 | Jackpot $0 | Bingo $0 | Fortune $0
Seat 1: 7adb4e61 folded before Flop (didn't bet)
Seat 2: d56fbeb folded before Flop (didn't bet)
Seat 3: 9217bc52 (button) folded before Flop (didn't bet)
Seat 4: 1d5733ce (small blind) folded before Flop
Seat 5: 8f88a055 (big blind) collected ($0.04)
Seat 6: Hero folded before Flop (didn't bet)


Poker Hand #HD1141791011: Hold'em No Limit  ($0.02/$0.05) - 2023/03/01 20:22:33
Table 'NLHBlue37' 6-max Seat #2 is the button
Seat 1: 7adb4e61 ($5 in chips)
Seat 2: d56fbeb ($5 in chips)
Seat 3: 9217bc52 ($6.21 in chips)
Seat 4: 1d5733ce ($5.82 in chips)
Seat 5: 8f88a055 ($6.43 in chips)
Seat 6: Hero ($8.32 in chips)
9217bc52: posts small blind $0.02
1d5733ce: posts big blind $0.05
*** HOLE CARDS ***
Dealt to 7adb4e61 
Dealt to d56fbeb 
Dealt to 9217bc52 
Dealt to 1d5733ce 
Dealt to 8f88a055 
Dealt to Hero [8c 4s]
8f88a055: folds
Hero: folds
7adb4e61: raises $0.1 to $0.15
d56fbeb: folds
9217bc52: folds
1d5733ce: folds
Uncalled bet ($0.1) returned to 7adb4e61
*** SHOWDOWN ***
7adb4e61 collected $0.12 from pot
*** SUMMARY ***
Total pot $0.12 | Rake $0 | Jackpot $0 | Bingo $0 | Fortune $0
Seat 1: 7adb4e61 collected ($0.12)
Seat 2: d56fbeb (button) folded before Flop (didn't bet)
Seat 3: 9217bc52 (small blind) folded before Flop
Seat 4: 1d5733ce (big blind) folded before Flop
Seat 5: 8f88a055 folded before Flop (didn't bet)
Seat 6: Hero folded before Flop (didn't bet)


Poker Hand #HD1141790962: Hold'em No Limit  ($0.02/$0.05) - 2023/03/01 20:22:12
Table 'NLHBlue37' 6-max Seat #1 is the button
Seat 1: 7adb4e61 ($5 in chips)
Seat 2: d56fbeb ($5 in chips)
Seat 3: 9217bc52 ($6.19 in chips)
Seat 4: 1d5733ce ($5.82 in chips)
Seat 5: 8f88a055 ($6.43 in chips)
Seat 6: Hero ($8.32 in chips)
d56fbeb: posts small blind $0.02
9217bc52: posts big blind $0.05
*** HOLE CARDS ***
Dealt to 7adb4e61 
Dealt to d56fbeb 
Dealt to 9217bc52 
Dealt to 1d5733ce 
Dealt to 8f88a055 
Dealt to Hero [8d 7s]
1d5733ce: folds
8f88a055: folds
Hero: folds
7adb4e61: folds
d56fbeb: folds
Uncalled bet ($0.03) returned to 9217bc52
*** SHOWDOWN ***
9217bc52 collected $0.04 from pot
*** SUMMARY ***
Total pot $0.04 | Rake $0 | Jackpot $0 | Bingo $0 | Fortune $0
Seat 1: 7adb4e61 (button) folded before Flop (didn't bet)
Seat 2: d56fbeb (small blind) folded before Flop
Seat 3: 9217bc52 (big blind) collected ($0.04)
Seat 4: 1d5733ce folded before Flop (didn't bet)
Seat 5: 8f88a055 folded before Flop (didn't bet)
Seat 6: Hero folded before Flop (didn't bet)


Poker Hand #HD1141790772: Hold'em No Limit  ($0.02/$0.05) - 2023/03/01 20:21:02
Table 'NLHBlue37' 6-max Seat #6 is the button
Seat 1: 7adb4e61 ($5 in chips)
Seat 2: d56fbeb ($5.07 in chips)
Seat 3: 9217bc52 ($5 in chips)
Seat 4: 1d5733ce ($5.82 in chips)
Seat 5: 8f88a055 ($7.32 in chips)
Seat 6: Hero ($8.32 in chips)
7adb4e61: posts small blind $0.02
d56fbeb: posts big blind $0.05
*** HOLE CARDS ***
Dealt to 7adb4e61 
Dealt to d56fbeb 
Dealt to 9217bc52 
Dealt to 1d5733ce 
Dealt to 8f88a055 
Dealt to Hero [2c Ac]
9217bc52: raises $0.1 to $0.15
1d5733ce: folds
8f88a055: calls $0.15
Hero: folds
7adb4e61: folds
d56fbeb: calls $0.1
*** FLOP *** [8s Jd 4c]
d56fbeb: checks
9217bc52: bets $0.29
8f88a055: calls $0.29
d56fbeb: calls $0.29
*** TURN *** [8s Jd 4c] [Tc]
d56fbeb: checks
9217bc52: checks
8f88a055: checks
*** RIVER *** [8s Jd 4c Tc] [9d]
d56fbeb: checks
9217bc52: bets $0.45
8f88a055: calls $0.45
d56fbeb: folds
9217bc52: shows [Qd Js] (Queens-High Straight)
8f88a055: shows [9s Ts] (Pair of Tens and Pair of Nines)
*** SHOWDOWN ***
9217bc52 collected $2.08 from pot
*** SUMMARY ***
Total pot $2.24 | Rake $0.11 | Jackpot $0.05 | Bingo $0 | Fortune $0
Board [8s Jd 4c Tc 9d]
Seat 1: 7adb4e61 (small blind) folded before Flop
Seat 2: d56fbeb (big blind) folded on the River
Seat 3: 9217bc52 showed [Qd Js] and won ($2.08) with Queens-High Straight
Seat 4: 1d5733ce folded before Flop (didn't bet)
Seat 5: 8f88a055 showed [9s Ts] and lost with Pair of Tens and Pair of Nines
Seat 6: Hero (button) folded before Flop (didn't bet)


Poker Hand #HD1141790717: Hold'em No Limit  ($0.02/$0.05) - 2023/03/01 20:20:43
Table 'NLHBlue37' 6-max Seat #5 is the button
Seat 1: 7adb4e61 ($5 in chips)
Seat 2: d56fbeb ($5 in chips)
Seat 3: 9217bc52 ($5 in chips)
Seat 4: 1d5733ce ($5.82 in chips)
Seat 5: 8f88a055 ($7.32 in chips)
Seat 6: Hero ($8.34 in chips)
Hero: posts small blind $0.02
7adb4e61: posts big blind $0.05
*** HOLE CARDS ***
Dealt to 7adb4e61 
Dealt to d56fbeb 
Dealt to 9217bc52 
Dealt to 1d5733ce 
Dealt to 8f88a055 
Dealt to Hero [4s 8d]
d56fbeb: raises $0.08 to $0.13
9217bc52: folds
1d5733ce: folds
8f88a055: folds
Hero: folds
7adb4e61: folds
Uncalled bet ($0.08) returned to d56fbeb
*** SHOWDOWN ***
d56fbeb collected $0.12 from pot
*** SUMMARY ***
Total pot $0.12 | Rake $0 | Jackpot $0 | Bingo $0 | Fortune $0
Seat 1: 7adb4e61 (big blind) folded before Flop
Seat 2: d56fbeb collected ($0.12)
Seat 3: 9217bc52 folded before Flop (didn't bet)
Seat 4: 1d5733ce folded before Flop (didn't bet)
Seat 5: 8f88a055 (button) folded before Flop (didn't bet)
Seat 6: Hero (small blind) folded before Flop


Poker Hand #HD1141790586: Hold'em No Limit  ($0.02/$0.05) - 2023/03/01 20:19:58
Table 'NLHBlue37' 6-max Seat #4 is the button
Seat 1: 7adb4e61 ($5 in chips)
Seat 2: d56fbeb ($5 in chips)
Seat 3: 9217bc52 ($5.07 in chips)
Seat 4: 1d5733ce ($5.82 in chips)
Seat 5: 8f88a055 ($7.34 in chips)
Seat 6: Hero ($8.04 in chips)
8f88a055: posts small blind $0.02
Hero: posts big blind $0.05
*** HOLE CARDS ***
Dealt to 7adb4e61 
Dealt to d56fbeb 
Dealt to 9217bc52 
Dealt to 1d5733ce 
Dealt to 8f88a055 
Dealt to Hero [Kc Tc]
7adb4e61: folds
d56fbeb: folds
9217bc52: raises $0.1 to $0.15
1d5733ce: folds
8f88a055: folds
Hero: calls $0.1
*** FLOP *** [5c Ks 7s]
Hero: checks
9217bc52: bets $0.16
Hero: calls $0.16
*** TURN *** [5c Ks 7s] [5s]
Hero: checks
9217bc52: checks
*** RIVER *** [5c Ks 7s 5s] [Js]
Hero: checks
9217bc52: checks
Hero: shows [Kc Tc] (Pair of Kings and Pair of Fives)
9217bc52: shows [Ac 9d] (Pair of Fives)
*** SHOWDOWN ***
Hero collected $0.61 from pot
*** SUMMARY ***
Total pot $0.64 | Rake $0.03 | Jackpot $0 | Bingo $0 | Fortune $0
Board [5c Ks 7s 5s Js]
Seat 1: 7adb4e61 folded before Flop (didn't bet)
Seat 2: d56fbeb folded before Flop (didn't bet)
Seat 3: 9217bc52 showed [Ac 9d] and lost with Pair of Fives
Seat 4: 1d5733ce (button) folded before Flop (didn't bet)
Seat 5: 8f88a055 (small blind) folded before Flop
Seat 6: Hero (big blind) showed [Kc Tc] and won ($0.61) with Pair of Kings and Pair of Fives


Poker Hand #HD1141790517: Hold'em No Limit  ($0.02/$0.05) - 2023/03/01 20:19:28
Table 'NLHBlue37' 6-max Seat #3 is the button
Seat 1: 7adb4e61 ($5 in chips)
Seat 2: d56fbeb ($5 in chips)
Seat 3: 9217bc52 ($5.07 in chips)
Seat 4: 1d5733ce ($5.87 in chips)
Seat 5: 8f88a055 ($7.29 in chips)
Seat 6: Hero ($8.04 in chips)
1d5733ce: posts small blind $0.02
8f88a055: posts big blind $0.05
*** HOLE CARDS ***
Dealt to 7adb4e61 
Dealt to d56fbeb 
Dealt to 9217bc52 
Dealt to 1d5733ce 
Dealt to 8f88a055 
Dealt to Hero [Td 7s]
Hero: folds
7adb4e61: folds
d56fbeb: folds
9217bc52: folds
1d5733ce: calls $0.03
8f88a055: raises $0.05 to $0.1
1d5733ce: folds
Uncalled bet ($0.05) returned to 8f88a055
*** SHOWDOWN ***
8f88a055 collected $0.1 from pot
*** SUMMARY ***
Total pot $0.1 | Rake $0 | Jackpot $0 | Bingo $0 | Fortune $0
Seat 1: 7adb4e61 folded before Flop (didn't bet)
Seat 2: d56fbeb folded before Flop (didn't bet)
Seat 3: 9217bc52 (button) folded before Flop (didn't bet)
Seat 4: 1d5733ce (small blind) folded before Flop
Seat 5: 8f88a055 (big blind) collected ($0.1)
Seat 6: Hero folded before Flop (didn't bet)


Poker Hand #HD1141790329: Hold'em No Limit  ($0.02/$0.05) - 2023/03/01 20:18:18
Table 'NLHBlue37' 6-max Seat #2 is the button
Seat 1: 7adb4e61 ($5 in chips)
Seat 2: d56fbeb ($5 in chips)
Seat 3: 9217bc52 ($5.09 in chips)
Seat 4: 1d5733ce ($5.85 in chips)
Seat 5: 8f88a055 ($7.29 in chips)
Seat 6: Hero ($8.04 in chips)
9217bc52: posts small blind $0.02
1d5733ce: posts big blind $0.05
*** HOLE CARDS ***
Dealt to 7adb4e61 
Dealt to d56fbeb 
Dealt to 9217bc52 
Dealt to 1d5733ce 
Dealt to 8f88a055 
Dealt to Hero [5c 9h]
8f88a055: folds
Hero: folds
7adb4e61: folds
d56fbeb: folds
9217bc52: folds
Uncalled bet ($0.03) returned to 1d5733ce
*** SHOWDOWN ***
1d5733ce collected $0.04 from pot
*** SUMMARY ***
Total pot $0.04 | Rake $0 | Jackpot $0 | Bingo $0 | Fortune $0
Seat 1: 7adb4e61 folded before Flop (didn't bet)
Seat 2: d56fbeb (button) folded before Flop (didn't bet)
Seat 3: 9217bc52 (small blind) folded before Flop
Seat 4: 1d5733ce (big blind) collected ($0.04)
Seat 5: 8f88a055 folded before Flop (didn't bet)
Seat 6: Hero folded before Flop (didn't bet)


Poker Hand #HD1141790145: Hold'em No Limit  ($0.02/$0.05) - 2023/03/01 20:17:09
Table 'NLHBlue37' 6-max Seat #1 is the button
Seat 1: 7adb4e61 ($5.07 in chips)
Seat 2: d56fbeb ($5.02 in chips)
Seat 3: 9217bc52 ($5.14 in chips)
Seat 4: 1d5733ce ($5.66 in chips)
Seat 5: 8f88a055 ($7.29 in chips)
Seat 6: Hero ($8.04 in chips)
d56fbeb: posts small blind $0.02
9217bc52: posts big blind $0.05
*** HOLE CARDS ***
Dealt to 7adb4e61 
Dealt to d56fbeb 
Dealt to 9217bc52 
Dealt to 1d5733ce 
Dealt to 8f88a055 
Dealt to Hero [Jc 5c]
1d5733ce: raises $0.08 to $0.13
8f88a055: folds
Hero: folds
7adb4e61: calls $0.13
d56fbeb: folds
9217bc52: folds
*** FLOP *** [Ah 6c 5s]
1d5733ce: checks
7adb4e61: checks
*** TURN *** [Ah 6c 5s] [7s]
1d5733ce: bets $0.17
7adb4e61: folds
Uncalled bet ($0.17) returned to 1d5733ce
*** SHOWDOWN ***
1d5733ce collected $0.32 from pot
*** SUMMARY ***
Total pot $0.33 | Rake $0.01 | Jackpot $0 | Bingo $0 | Fortune $0
Board [Ah 6c 5s 7s]
Seat 1: 7adb4e61 (button) folded on the Turn
Seat 2: d56fbeb (small blind) folded before Flop
Seat 3: 9217bc52 (big blind) folded before Flop
Seat 4: 1d5733ce won ($0.32)
Seat 5: 8f88a055 folded before Flop (didn't bet)
Seat 6: Hero folded before Flop (didn't bet)


Poker Hand #HD1141790100: Hold'em No Limit  ($0.02/$0.05) - 2023/03/01 20:16:51
Table 'NLHBlue37' 6-max Seat #6 is the button
Seat 1: 7adb4e61 ($5.09 in chips)
Seat 2: d56fbeb ($5.07 in chips)
Seat 3: 9217bc52 ($5.07 in chips)
Seat 4: 1d5733ce ($5.66 in chips)
Seat 5: 8f88a055 ($7.29 in chips)
Seat 6: Hero ($8.04 in chips)
7adb4e61: posts small blind $0.02
d56fbeb: posts big blind $0.05
*** HOLE CARDS ***
Dealt to 7adb4e61 
Dealt to d56fbeb 
Dealt to 9217bc52 
Dealt to 1d5733ce 
Dealt to 8f88a055 
Dealt to Hero [2h 8d]
9217bc52: raises $0.1 to $0.15
1d5733ce: folds
8f88a055: folds
Hero: folds
7adb4e61: folds
d56fbeb: folds
Uncalled bet ($0.1) returned to 9217bc52
*** SHOWDOWN ***
9217bc52 collected $0.12 from pot
*** SUMMARY ***
Total pot $0.12 | Rake $0 | Jackpot $0 | Bingo $0 | Fortune $0
Seat 1: 7adb4e61 (small blind) folded before Flop
Seat 2: d56fbeb (big blind) folded before Flop
Seat 3: 9217bc52 collected ($0.12)
Seat 4: 1d5733ce folded before Flop (didn't bet)
Seat 5: 8f88a055 folded before Flop (didn't bet)
Seat 6: Hero (button) folded before Flop (didn't bet)


Poker Hand #HD1141790049: Hold'em No Limit  ($0.02/$0.05) - 2023/03/01 20:16:33
Table 'NLHBlue37' 6-max Seat #5 is the button
Seat 1: 7adb4e61 ($5.14 in chips)
Seat 2: d56fbeb ($5 in chips)
Seat 3: 9217bc52 ($5.07 in chips)
Seat 4: 1d5733ce ($5.66 in chips)
Seat 5: 8f88a055 ($7.29 in chips)
Seat 6: Hero ($8.06 in chips)
Hero: posts small blind $0.02
7adb4e61: posts big blind $0.05
*** HOLE CARDS ***
Dealt to 7adb4e61 
Dealt to d56fbeb 
Dealt to 9217bc52 
Dealt to 1d5733ce 
Dealt to 8f88a055 
Dealt to Hero [Ad 5c]
d56fbeb: raises $0.08 to $0.13
9217bc52: folds
1d5733ce: folds
8f88a055: folds
Hero: folds
7adb4e61: folds
Uncalled bet ($0.08) returned to d56fbeb
*** SHOWDOWN ***
d56fbeb collected $0.12 from pot
*** SUMMARY ***
Total pot $0.12 | Rake $0 | Jackpot $0 | Bingo $0 | Fortune $0
Seat 1: 7adb4e61 (big blind) folded before Flop
Seat 2: d56fbeb collected ($0.12)
Seat 3: 9217bc52 folded before Flop (didn't bet)
Seat 4: 1d5733ce folded before Flop (didn't bet)
Seat 5: 8f88a055 (button) folded before Flop (didn't bet)
Seat 6: Hero (small blind) folded before Flop


Poker Hand #HD1141789981: Hold'em No Limit  ($0.02/$0.05) - 2023/03/01 20:16:04
Table 'NLHBlue37' 6-max Seat #4 is the button
Seat 1: 7adb4e61 ($5.07 in chips)
Seat 2: d56fbeb ($5 in chips)
Seat 3: 9217bc52 ($5.07 in chips)
Seat 4: 1d5733ce ($5.66 in chips)
Seat 5: 8f88a055 ($7.31 in chips)
Seat 6: Hero ($8.11 in chips)
8f88a055: posts small blind $0.02
Hero: posts big blind $0.05
*** HOLE CARDS ***
Dealt to 7adb4e61 
Dealt to d56fbeb 
Dealt to 9217bc52 
Dealt to 1d5733ce 
Dealt to 8f88a055 
Dealt to Hero [7h Jc]
7adb4e61: raises $0.1 to $0.15
d56fbeb: folds
9217bc52: folds
1d5733ce: folds
8f88a055: folds
Hero: folds
Uncalled bet ($0.1) returned to 7adb4e61
*** SHOWDOWN ***
7adb4e61 collected $0.12 from pot
*** SUMMARY ***
Total pot $0.12 | Rake $0 | Jackpot $0 | Bingo $0 | Fortune $0
Seat 1: 7adb4e61 collected ($0.12)
Seat 2: d56fbeb folded before Flop (didn't bet)
Seat 3: 9217bc52 folded before Flop (didn't bet)
Seat 4: 1d5733ce (button) folded before Flop (didn't bet)
Seat 5: 8f88a055 (small blind) folded before Flop
Seat 6: Hero (big blind) folded before Flop


Poker Hand #HD1141789817: Hold'em No Limit  ($0.02/$0.05) - 2023/03/01 20:15:07
Table 'NLHBlue37' 6-max Seat #3 is the button
Seat 1: 7adb4e61 ($5.07 in chips)
Seat 2: d56fbeb ($5 in chips)
Seat 3: 9217bc52 ($5.07 in chips)
Seat 4: 1d5733ce ($5.96 in chips)
Seat 5: 8f88a055 ($7.04 in chips)
Seat 6: Hero ($8.11 in chips)
1d5733ce: posts small blind $0.02
8f88a055: posts big blind $0.05
*** HOLE CARDS ***
Dealt to 7adb4e61 
Dealt to d56fbeb 
Dealt to 9217bc52 
Dealt to 1d5733ce 
Dealt to 8f88a055 
Dealt to Hero [8h Qc]
Hero: folds
7adb4e61: folds
d56fbeb: folds
9217bc52: folds
1d5733ce: calls $0.03
8f88a055: raises $0.05 to $0.1
1d5733ce: calls $0.05
*** FLOP *** [6c Ts 3h]
1d5733ce: checks
8f88a055: bets $0.2
1d5733ce: calls $0.2
*** TURN *** [6c Ts 3h] [7d]
1d5733ce: checks
8f88a055: bets $0.6
1d5733ce: folds
Uncalled bet ($0.6) returned to 8f88a055
8f88a055: shows [Ks Kd] (Pair of Kings)
*** SHOWDOWN ***
8f88a055 collected $0.57 from pot
*** SUMMARY ***
Total pot $0.6 | Rake $0.03 | Jackpot $0 | Bingo $0 | Fortune $0
Board [6c Ts 3h 7d]
Seat 1: 7adb4e61 folded before Flop (didn't bet)
Seat 2: d56fbeb folded before Flop (didn't bet)
Seat 3: 9217bc52 (button) folded before Flop (didn't bet)
Seat 4: 1d5733ce (small blind) folded on the Turn
Seat 5: 8f88a055 (big blind) showed [Ks Kd] and won ($0.57) with Pair of Kings
Seat 6: Hero folded before Flop (didn't bet)


Poker Hand #HD1141789760: Hold'em No Limit  ($0.02/$0.05) - 2023/03/01 20:14:46
Table 'NLHBlue37' 6-max Seat #2 is the button
Seat 1: 7adb4e61 ($5.07 in chips)
Seat 2: d56fbeb ($5 in chips)
Seat 3: 9217bc52 ($5.02 in chips)
Seat 4: 1d5733ce ($6.01 in chips)
Seat 5: 8f88a055 ($7.04 in chips)
Seat 6: Hero ($8.11 in chips)
9217bc52: posts small blind $0.02
1d5733ce: posts big blind $0.05
*** HOLE CARDS ***
Dealt to 7adb4e61 
Dealt to d56fbeb 
Dealt to 9217bc52 
Dealt to 1d5733ce 
Dealt to 8f88a055 
Dealt to Hero [3h Js]
8f88a055: folds
Hero: folds
7adb4e61: folds
d56fbeb: folds
9217bc52: raises $0.1 to $0.15
1d5733ce: folds
Uncalled bet ($0.1) returned to 9217bc52
*** SHOWDOWN ***
9217bc52 collected $0.1 from pot
*** SUMMARY ***
Total pot $0.1 | Rake $0 | Jackpot $0 | Bingo $0 | Fortune $0
Seat 1: 7adb4e61 folded before Flop (didn't bet)
Seat 2: d56fbeb (button) folded before Flop (didn't bet)
Seat 3: 9217bc52 (small blind) collected ($0.1)
Seat 4: 1d5733ce (big blind) folded before Flop
Seat 5: 8f88a055 folded before Flop (didn't bet)
Seat 6: Hero folded before Flop (didn't bet)


Poker Hand #HD1141789676: Hold'em No Limit  ($0.02/$0.05) - 2023/03/01 20:14:16
Table 'NLHBlue37' 6-max Seat #1 is the button
Seat 1: 7adb4e61 ($5.07 in chips)
Seat 2: d56fbeb ($5 in chips)
Seat 3: 9217bc52 ($5 in chips)
Seat 4: 1d5733ce ($6.01 in chips)
Seat 5: 8f88a055 ($7.04 in chips)
Seat 6: Hero ($8.11 in chips)
d56fbeb: posts small blind $0.02
9217bc52: posts big blind $0.05
*** HOLE CARDS ***
Dealt to 7adb4e61 
Dealt to d56fbeb 
Dealt to 9217bc52 
Dealt to 1d5733ce 
Dealt to 8f88a055 
Dealt to Hero [4d 8s]
1d5733ce: folds
8f88a055: folds
Hero: folds
7adb4e61: folds
d56fbeb: folds
Uncalled bet ($0.03) returned to 9217bc52
*** SHOWDOWN ***
9217bc52 collected $0.04 from pot
*** SUMMARY ***
Total pot $0.04 | Rake $0 | Jackpot $0 | Bingo $0 | Fortune $0
Seat 1: 7adb4e61 (button) folded before Flop (didn't bet)
Seat 2: d56fbeb (small blind) folded before Flop
Seat 3: 9217bc52 (big blind) collected ($0.04)
Seat 4: 1d5733ce folded before Flop (didn't bet)
Seat 5: 8f88a055 folded before Flop (didn't bet)
Seat 6: Hero folded before Flop (didn't bet)


Poker Hand #HD1141789648: Hold'em No Limit  ($0.02/$0.05) - 2023/03/01 20:14:03
Table 'NLHBlue37' 6-max Seat #6 is the button
Seat 1: 7adb4e61 ($5.09 in chips)
Seat 2: d56fbeb ($5 in chips)
Seat 3: 9217bc52 ($5 in chips)
Seat 4: 1d5733ce ($6.01 in chips)
Seat 5: 8f88a055 ($6.97 in chips)
Seat 6: Hero ($8.11 in chips)
7adb4e61: posts small blind $0.02
d56fbeb: posts big blind $0.05
*** HOLE CARDS ***
Dealt to 7adb4e61 
Dealt to d56fbeb 
Dealt to 9217bc52 
Dealt to 1d5733ce 
Dealt to 8f88a055 
Dealt to Hero [6c Tc]
9217bc52: folds
1d5733ce: folds
8f88a055: raises $0.05 to $0.1
Hero: folds
7adb4e61: folds
d56fbeb: folds
Uncalled bet ($0.05) returned to 8f88a055
*** SHOWDOWN ***
8f88a055 collected $0.12 from pot
*** SUMMARY ***
Total pot $0.12 | Rake $0 | Jackpot $0 | Bingo $0 | Fortune $0
Seat 1: 7adb4e61 (small blind) folded before Flop
Seat 2: d56fbeb (big blind) folded before Flop
Seat 3: 9217bc52 folded before Flop (didn't bet)
Seat 4: 1d5733ce folded before Flop (didn't bet)
Seat 5: 8f88a055 collected ($0.12)
Seat 6: Hero (button) folded before Flop (didn't bet)


Poker Hand #HD1141789609: Hold'em No Limit  ($0.02/$0.05) - 2023/03/01 20:13:50
Table 'NLHBlue37' 6-max Seat #5 is the button
Seat 1: 7adb4e61 ($5.07 in chips)
Seat 2: d56fbeb ($5 in chips)
Seat 3: 9217bc52 ($5 in chips)
Seat 4: 1d5733ce ($6.01 in chips)
Seat 5: 8f88a055 ($6.97 in chips)
Seat 6: Hero ($8.13 in chips)
Hero: posts small blind $0.02
7adb4e61: posts big blind $0.05
*** HOLE CARDS ***
Dealt to 7adb4e61 
Dealt to d56fbeb 
Dealt to 9217bc52 
Dealt to 1d5733ce 
Dealt to 8f88a055 
Dealt to Hero [7d 2s]
d56fbeb: folds
9217bc52: folds
1d5733ce: folds
8f88a055: folds
Hero: folds
Uncalled bet ($0.03) returned to 7adb4e61
*** SHOWDOWN ***
7adb4e61 collected $0.04 from pot
*** SUMMARY ***
Total pot $0.04 | Rake $0 | Jackpot $0 | Bingo $0 | Fortune $0
Seat 1: 7adb4e61 (big blind) collected ($0.04)
Seat 2: d56fbeb folded before Flop (didn't bet)
Seat 3: 9217bc52 folded before Flop (didn't bet)
Seat 4: 1d5733ce folded before Flop (didn't bet)
Seat 5: 8f88a055 (button) folded before Flop (didn't bet)
Seat 6: Hero (small blind) folded before Flop


Poker Hand #HD1141789526: Hold'em No Limit  ($0.02/$0.05) - 2023/03/01 20:13:19
Table 'NLHBlue37' 6-max Seat #4 is the button
Seat 1: 7adb4e61 ($5 in chips)
Seat 2: d56fbeb ($5 in chips)
Seat 3: 9217bc52 ($5 in chips)
Seat 4: 1d5733ce ($6.01 in chips)
Seat 5: 8f88a055 ($6.99 in chips)
Seat 6: Hero ($8.18 in chips)
8f88a055: posts small blind $0.02
Hero: posts big blind $0.05
*** HOLE CARDS ***
Dealt to 7adb4e61 
Dealt to d56fbeb 
Dealt to 9217bc52 
Dealt to 1d5733ce 
Dealt to 8f88a055 
Dealt to Hero [9h 3c]
7adb4e61: raises $0.1 to $0.15
d56fbeb: folds
9217bc52: folds
1d5733ce: folds
8f88a055: folds
Hero: folds
Uncalled bet ($0.1) returned to 7adb4e61
*** SHOWDOWN ***
7adb4e61 collected $0.12 from pot
*** SUMMARY ***
Total pot $0.12 | Rake $0 | Jackpot $0 | Bingo $0 | Fortune $0
Seat 1: 7adb4e61 collected ($0.12)
Seat 2: d56fbeb folded before Flop (didn't bet)
Seat 3: 9217bc52 folded before Flop (didn't bet)
Seat 4: 1d5733ce (button) folded before Flop (didn't bet)
Seat 5: 8f88a055 (small blind) folded before Flop
Seat 6: Hero (big blind) folded before Flop


Poker Hand #HD1141789405: Hold'em No Limit  ($0.02/$0.05) - 2023/03/01 20:12:34
Table 'NLHBlue37' 6-max Seat #3 is the button
Seat 1: 7adb4e61 ($5 in chips)
Seat 2: d56fbeb ($5 in chips)
Seat 3: 9217bc52 ($5 in chips)
Seat 4: 1d5733ce ($6.03 in chips)
Seat 5: 8f88a055 ($7.2 in chips)
Seat 6: Hero ($7.97 in chips)
1d5733ce: posts small blind $0.02
8f88a055: posts big blind $0.05
*** HOLE CARDS ***
Dealt to 7adb4e61 
Dealt to d56fbeb 
Dealt to 9217bc52 
Dealt to 1d5733ce 
Dealt to 8f88a055 
Dealt to Hero [9h 9c]
Hero: raises $0.07 to $0.12
7adb4e61: folds
d56fbeb: folds
9217bc52: folds
1d5733ce: folds
8f88a055: calls $0.07
*** FLOP *** [Qh 2s 3h]
8f88a055: bets $0.09
Hero: calls $0.09
*** TURN *** [Qh 2s 3h] [4d]
8f88a055: checks
Hero: bets $0.22
8f88a055: folds
Uncalled bet ($0.22) returned to Hero
*** SHOWDOWN ***
Hero collected $0.42 from pot
*** SUMMARY ***
Total pot $0.44 | Rake $0.02 | Jackpot $0 | Bingo $0 | Fortune $0
Board [Qh 2s 3h 4d]
Seat 1: 7adb4e61 folded before Flop (didn't bet)
Seat 2: d56fbeb folded before Flop (didn't bet)
Seat 3: 9217bc52 (button) folded before Flop (didn't bet)
Seat 4: 1d5733ce (small blind) folded before Flop
Seat 5: 8f88a055 (big blind) folded on the Turn
Seat 6: Hero won ($0.42)


Poker Hand #HD1141789336: Hold'em No Limit  ($0.02/$0.05) - 2023/03/01 20:12:10
Table 'NLHBlue37' 6-max Seat #2 is the button
Seat 1: 7adb4e61 ($5 in chips)
Seat 2: d56fbeb ($5 in chips)
Seat 3: 9217bc52 ($5 in chips)
Seat 4: 1d5733ce ($6.01 in chips)
Seat 5: 8f88a055 ($7.2 in chips)
Seat 6: Hero ($7.97 in chips)
9217bc52: posts small blind $0.02
1d5733ce: posts big blind $0.05
*** HOLE CARDS ***
Dealt to 7adb4e61 
Dealt to d56fbeb 
Dealt to 9217bc52 
Dealt to 1d5733ce 
Dealt to 8f88a055 
Dealt to Hero [Ac 5d]
8f88a055: folds
Hero: folds
7adb4e61: folds
d56fbeb: folds
9217bc52: folds
Uncalled bet ($0.03) returned to 1d5733ce
*** SHOWDOWN ***
1d5733ce collected $0.04 from pot
*** SUMMARY ***
Total pot $0.04 | Rake $0 | Jackpot $0 | Bingo $0 | Fortune $0
Seat 1: 7adb4e61 folded before Flop (didn't bet)
Seat 2: d56fbeb (button) folded before Flop (didn't bet)
Seat 3: 9217bc52 (small blind) folded before Flop
Seat 4: 1d5733ce (big blind) collected ($0.04)
Seat 5: 8f88a055 folded before Flop (didn't bet)
Seat 6: Hero folded before Flop (didn't bet)


Poker Hand #HD1141789198: Hold'em No Limit  ($0.02/$0.05) - 2023/03/01 20:11:24
Table 'NLHBlue37' 6-max Seat #1 is the button
Seat 1: 7adb4e61 ($5 in chips)
Seat 2: d56fbeb ($5 in chips)
Seat 3: 9217bc52 ($5 in chips)
Seat 4: 1d5733ce ($6.01 in chips)
Seat 5: 8f88a055 ($7.2 in chips)
Seat 6: Hero ($7.32 in chips)
d56fbeb: posts small blind $0.02
9217bc52: posts big blind $0.05
*** HOLE CARDS ***
Dealt to 7adb4e61 
Dealt to d56fbeb 
Dealt to 9217bc52 
Dealt to 1d5733ce 
Dealt to 8f88a055 
Dealt to Hero [Jc Js]
1d5733ce: folds
8f88a055: folds
Hero: raises $0.07 to $0.12
7adb4e61: folds
d56fbeb: folds
9217bc52: raises $0.25 to $0.37
Hero: calls $0.25
*** FLOP *** [3c Ks 4c]
9217bc52: bets $0.38
Hero: calls $0.38
*** TURN *** [3c Ks 4c] [6h]
9217bc52: checks
Hero: checks
*** RIVER *** [3c Ks 4c 6h] [4s]
9217bc52: checks
Hero: checks
9217bc52: shows [Ah Qh] (Pair of Fours)
Hero: shows [Jc Js] (Pair of Jacks and Pair of Fours)
*** SHOWDOWN ***
Hero collected $1.4 from pot
*** SUMMARY ***
Total pot $1.52 | Rake $0.07 | Jackpot $0.05 | Bingo $0 | Fortune $0
Board [3c Ks 4c 6h 4s]
Seat 1: 7adb4e61 (button) folded before Flop (didn't bet)
Seat 2: d56fbeb (small blind) folded before Flop
Seat 3: 9217bc52 (big blind) showed [Ah Qh] and lost with Pair of Fours
Seat 4: 1d5733ce folded before Flop (didn't bet)
Seat 5: 8f88a055 folded before Flop (didn't bet)
Seat 6: Hero showed [Jc Js] and won ($1.4) with Pair of Jacks and Pair of Fours


Poker Hand #HD1141789151: Hold'em No Limit  ($0.02/$0.05) - 2023/03/01 20:11:05
Table 'NLHBlue37' 6-max Seat #6 is the button
Seat 1: 7adb4e61 ($5 in chips)
Seat 2: d56fbeb ($5 in chips)
Seat 3: 9217bc52 ($5 in chips)
Seat 4: 1d5733ce ($5.94 in chips)
Seat 5: 8f88a055 ($7.2 in chips)
Seat 6: Hero ($7.32 in chips)
7adb4e61: posts small blind $0.02
d56fbeb: posts big blind $0.05
*** HOLE CARDS ***
Dealt to 7adb4e61 
Dealt to d56fbeb 
Dealt to 9217bc52 
Dealt to 1d5733ce 
Dealt to 8f88a055 
Dealt to Hero [5s 9c]
9217bc52: folds
1d5733ce: raises $0.1 to $0.15
8f88a055: folds
Hero: folds
7adb4e61: folds
d56fbeb: folds
Uncalled bet ($0.1) returned to 1d5733ce
*** SHOWDOWN ***
1d5733ce collected $0.12 from pot
*** SUMMARY ***
Total pot $0.12 | Rake $0 | Jackpot $0 | Bingo $0 | Fortune $0
Seat 1: 7adb4e61 (small blind) folded before Flop
Seat 2: d56fbeb (big blind) folded before Flop
Seat 3: 9217bc52 folded before Flop (didn't bet)
Seat 4: 1d5733ce collected ($0.12)
Seat 5: 8f88a055 folded before Flop (didn't bet)
Seat 6: Hero (button) folded before Flop (didn't bet)


Poker Hand #HD1141789014: Hold'em No Limit  ($0.02/$0.05) - 2023/03/01 20:10:13
Table 'NLHBlue37' 6-max Seat #5 is the button
Seat 1: 7adb4e61 ($5.07 in chips)
Seat 3: 9217bc52 ($5 in chips)
Seat 4: 1d5733ce ($5.64 in chips)
Seat 5: 8f88a055 ($7.2 in chips)
Seat 6: Hero ($7.34 in chips)
Hero: posts small blind $0.02
7adb4e61: posts big blind $0.05
*** HOLE CARDS ***
Dealt to 7adb4e61 
Dealt to 9217bc52 
Dealt to 1d5733ce 
Dealt to 8f88a055 
Dealt to Hero [8d 7d]
9217bc52: folds
1d5733ce: raises $0.1 to $0.15
8f88a055: folds
Hero: folds
7adb4e61: calls $0.1
*** FLOP *** [Js 8h 5d]
7adb4e61: checks
1d5733ce: bets $0.16
7adb4e61: calls $0.16
*** TURN *** [Js 8h 5d] [3d]
7adb4e61: checks
1d5733ce: bets $0.37
7adb4e61: folds
Uncalled bet ($0.37) returned to 1d5733ce
*** SHOWDOWN ***
1d5733ce collected $0.61 from pot
*** SUMMARY ***
Total pot $0.64 | Rake $0.03 | Jackpot $0 | Bingo $0 | Fortune $0
Board [Js 8h 5d 3d]
Seat 1: 7adb4e61 (big blind) folded on the Turn
Seat 3: 9217bc52 folded before Flop (didn't bet)
Seat 4: 1d5733ce won ($0.61)
Seat 5: 8f88a055 (button) folded before Flop (didn't bet)
Seat 6: Hero (small blind) folded before Flop


Poker Hand #HD1141788968: Hold'em No Limit  ($0.02/$0.05) - 2023/03/01 20:09:57
Table 'NLHBlue37' 6-max Seat #4 is the button
Seat 1: 7adb4e61 ($5.07 in chips)
Seat 3: 9217bc52 ($5 in chips)
Seat 4: 1d5733ce ($5.57 in chips)
Seat 5: 8f88a055 ($7.22 in chips)
Seat 6: Hero ($7.39 in chips)
8f88a055: posts small blind $0.02
Hero: posts big blind $0.05
*** HOLE CARDS ***
Dealt to 7adb4e61 
Dealt to 9217bc52 
Dealt to 1d5733ce 
Dealt to 8f88a055 
Dealt to Hero [Jh 6d]
7adb4e61: folds
9217bc52: folds
1d5733ce: raises $0.1 to $0.15
8f88a055: folds
Hero: folds
Uncalled bet ($0.1) returned to 1d5733ce
*** SHOWDOWN ***
1d5733ce collected $0.12 from pot
*** SUMMARY ***
Total pot $0.12 | Rake $0 | Jackpot $0 | Bingo $0 | Fortune $0
Seat 1: 7adb4e61 folded before Flop (didn't bet)
Seat 3: 9217bc52 folded before Flop (didn't bet)
Seat 4: 1d5733ce (button) collected ($0.12)
Seat 5: 8f88a055 (small blind) folded before Flop
Seat 6: Hero (big blind) folded before Flop


Poker Hand #HD1141788944: Hold'em No Limit  ($0.02/$0.05) - 2023/03/01 20:09:46
Table 'NLHBlue37' 6-max Seat #3 is the button
Seat 1: 7adb4e61 ($5 in chips)
Seat 3: 9217bc52 ($5 in chips)
Seat 4: 1d5733ce ($5.59 in chips)
Seat 5: 8f88a055 ($7.27 in chips)
Seat 6: Hero ($7.39 in chips)
1d5733ce: posts small blind $0.02
8f88a055: posts big blind $0.05
*** HOLE CARDS ***
Dealt to 7adb4e61 
Dealt to 9217bc52 
Dealt to 1d5733ce 
Dealt to 8f88a055 
Dealt to Hero [7c 4h]
Hero: folds
7adb4e61: raises $0.1 to $0.15
9217bc52: folds
1d5733ce: folds
8f88a055: folds
Uncalled bet ($0.1) returned to 7adb4e61
*** SHOWDOWN ***
7adb4e61 collected $0.12 from pot
*** SUMMARY ***
Total pot $0.12 | Rake $0 | Jackpot $0 | Bingo $0 | Fortune $0
Seat 1: 7adb4e61 collected ($0.12)
Seat 3: 9217bc52 (button) folded before Flop (didn't bet)
Seat 4: 1d5733ce (small blind) folded before Flop
Seat 5: 8f88a055 (big blind) folded before Flop
Seat 6: Hero folded before Flop (didn't bet)


Poker Hand #HD1141788879: Hold'em No Limit  ($0.02/$0.05) - 2023/03/01 20:09:23
Table 'NLHBlue37' 6-max Seat #1 is the button
Seat 1: 7adb4e61 ($5 in chips)
Seat 2: 6e5eab02 ($1.83 in chips)
Seat 3: 9217bc52 ($5 in chips)
Seat 4: 1d5733ce ($5.59 in chips)
Seat 5: 8f88a055 ($7.27 in chips)
Seat 6: Hero ($7.32 in chips)
6e5eab02: posts small blind $0.02
9217bc52: posts big blind $0.05
*** HOLE CARDS ***
Dealt to 7adb4e61 
Dealt to 6e5eab02 
Dealt to 9217bc52 
Dealt to 1d5733ce 
Dealt to 8f88a055 
Dealt to Hero [Ah Kd]
1d5733ce: folds
8f88a055: folds
Hero: raises $0.07 to $0.12
7adb4e61: folds
6e5eab02: folds
9217bc52: folds
Uncalled bet ($0.07) returned to Hero
*** SHOWDOWN ***
Hero collected $0.12 from pot
*** SUMMARY ***
Total pot $0.12 | Rake $0 | Jackpot $0 | Bingo $0 | Fortune $0
Seat 1: 7adb4e61 (button) folded before Flop (didn't bet)
Seat 2: 6e5eab02 (small blind) folded before Flop
Seat 3: 9217bc52 (big blind) folded before Flop
Seat 4: 1d5733ce folded before Flop (didn't bet)
Seat 5: 8f88a055 folded before Flop (didn't bet)
Seat 6: Hero collected ($0.12)


Poker Hand #HD1141788733: Hold'em No Limit  ($0.02/$0.05) - 2023/03/01 20:08:29
Table 'NLHBlue37' 6-max Seat #6 is the button
Seat 1: 7adb4e61 ($5 in chips)
Seat 2: 6e5eab02 ($2.22 in chips)
Seat 4: 1d5733ce ($5.22 in chips)
Seat 5: 8f88a055 ($7.27 in chips)
Seat 6: Hero ($7.32 in chips)
7adb4e61: posts small blind $0.02
6e5eab02: posts big blind $0.05
*** HOLE CARDS ***
Dealt to 7adb4e61 
Dealt to 6e5eab02 
Dealt to 1d5733ce 
Dealt to 8f88a055 
Dealt to Hero [Js 2s]
1d5733ce: raises $0.1 to $0.15
8f88a055: folds
Hero: folds
7adb4e61: folds
6e5eab02: calls $0.1
*** FLOP *** [Tc Jc 9s]
6e5eab02: checks
1d5733ce: bets $0.24
6e5eab02: calls $0.24
*** TURN *** [Tc Jc 9s] [3c]
6e5eab02: checks
1d5733ce: bets $0.96
6e5eab02: folds
Uncalled bet ($0.96) returned to 1d5733ce
*** SHOWDOWN ***
1d5733ce collected $0.76 from pot
*** SUMMARY ***
Total pot $0.8 | Rake $0.04 | Jackpot $0 | Bingo $0 | Fortune $0
Board [Tc Jc 9s 3c]
Seat 1: 7adb4e61 (small blind) folded before Flop
Seat 2: 6e5eab02 (big blind) folded on the Turn
Seat 4: 1d5733ce won ($0.76)
Seat 5: 8f88a055 folded before Flop (didn't bet)
Seat 6: Hero (button) folded before Flop (didn't bet)


Poker Hand #HD1141788641: Hold'em No Limit  ($0.02/$0.05) - 2023/03/01 20:07:56
Table 'NLHBlue37' 6-max Seat #5 is the button
Seat 1: 7adb4e61 ($5 in chips)
Seat 2: 6e5eab02 ($2.22 in chips)
Seat 4: 1d5733ce ($5.22 in chips)
Seat 5: 8f88a055 ($7.32 in chips)
Seat 6: Hero ($7.22 in chips)
Hero: posts small blind $0.02
7adb4e61: posts big blind $0.05
*** HOLE CARDS ***
Dealt to 7adb4e61 
Dealt to 6e5eab02 
Dealt to 1d5733ce 
Dealt to 8f88a055 
Dealt to Hero [Qh Ts]
6e5eab02: folds
1d5733ce: folds
8f88a055: calls $0.05
Hero: raises $0.19 to $0.24
7adb4e61: folds
8f88a055: folds
Uncalled bet ($0.19) returned to Hero
*** SHOWDOWN ***
Hero collected $0.15 from pot
*** SUMMARY ***
Total pot $0.15 | Rake $0 | Jackpot $0 | Bingo $0 | Fortune $0
Seat 1: 7adb4e61 (big blind) folded before Flop
Seat 2: 6e5eab02 folded before Flop (didn't bet)
Seat 4: 1d5733ce folded before Flop (didn't bet)
Seat 5: 8f88a055 (button) folded before Flop
Seat 6: Hero (small blind) collected ($0.15)


Poker Hand #HD1141788540: Hold'em No Limit  ($0.02/$0.05) - 2023/03/01 20:07:14
Table 'NLHBlue37' 6-max Seat #4 is the button
Seat 1: 7adb4e61 ($5 in chips)
Seat 2: 6e5eab02 ($2.22 in chips)
Seat 4: 1d5733ce ($5.06 in chips)
Seat 5: 8f88a055 ($7.34 in chips)
Seat 6: Hero ($7.37 in chips)
8f88a055: posts small blind $0.02
Hero: posts big blind $0.05
*** HOLE CARDS ***
Dealt to 7adb4e61 
Dealt to 6e5eab02 
Dealt to 1d5733ce 
Dealt to 8f88a055 
Dealt to Hero [8d 5d]
7adb4e61: folds
6e5eab02: folds
1d5733ce: raises $0.1 to $0.15
8f88a055: folds
Hero: calls $0.1
*** FLOP *** [Jh 2s Kh]
Hero: checks
1d5733ce: bets $0.21
Hero: folds
Uncalled bet ($0.21) returned to 1d5733ce
*** SHOWDOWN ***
1d5733ce collected $0.31 from pot
*** SUMMARY ***
Total pot $0.32 | Rake $0.01 | Jackpot $0 | Bingo $0 | Fortune $0
Board [Jh 2s Kh]
Seat 1: 7adb4e61 folded before Flop (didn't bet)
Seat 2: 6e5eab02 folded before Flop (didn't bet)
Seat 4: 1d5733ce (button) won ($0.31)
Seat 5: 8f88a055 (small blind) folded before Flop
Seat 6: Hero (big blind) folded on the Flop


Poker Hand #HD1141788453: Hold'em No Limit  ($0.02/$0.05) - 2023/03/01 20:06:44
Table 'NLHBlue37' 6-max Seat #2 is the button
Seat 1: 7adb4e61 ($5 in chips)
Seat 2: 6e5eab02 ($2.04 in chips)
Seat 3: ffa0084c ($2.19 in chips)
Seat 4: 1d5733ce ($5.11 in chips)
Seat 5: 8f88a055 ($7.34 in chips)
Seat 6: Hero ($7.37 in chips)
ffa0084c: posts small blind $0.02
1d5733ce: posts big blind $0.05
*** HOLE CARDS ***
Dealt to 7adb4e61 
Dealt to 6e5eab02 
Dealt to ffa0084c 
Dealt to 1d5733ce 
Dealt to 8f88a055 
Dealt to Hero [6s 5d]
8f88a055: folds
Hero: folds
7adb4e61: folds
6e5eab02: raises $0.1 to $0.15
ffa0084c: calls $0.13
1d5733ce: folds
*** FLOP *** [8d 3s 3d]
ffa0084c: checks
6e5eab02: bets $0.18
ffa0084c: folds
Uncalled bet ($0.18) returned to 6e5eab02
*** SHOWDOWN ***
6e5eab02 collected $0.33 from pot
*** SUMMARY ***
Total pot $0.35 | Rake $0.02 | Jackpot $0 | Bingo $0 | Fortune $0
Board [8d 3s 3d]
Seat 1: 7adb4e61 folded before Flop (didn't bet)
Seat 2: 6e5eab02 (button) won ($0.33)
Seat 3: ffa0084c (small blind) folded on the Flop
Seat 4: 1d5733ce (big blind) folded before Flop
Seat 5: 8f88a055 folded before Flop (didn't bet)
Seat 6: Hero folded before Flop (didn't bet)


Poker Hand #HD1141788322: Hold'em No Limit  ($0.02/$0.05) - 2023/03/01 20:05:48
Table 'NLHBlue37' 6-max Seat #1 is the button
Seat 1: 7adb4e61 ($5 in chips)
Seat 2: 6e5eab02 ($2.06 in chips)
Seat 3: ffa0084c ($2.5 in chips)
Seat 4: 1d5733ce ($5.11 in chips)
Seat 5: 8f88a055 ($7.04 in chips)
Seat 6: Hero ($7.37 in chips)
6e5eab02: posts small blind $0.02
ffa0084c: posts big blind $0.05
*** HOLE CARDS ***
Dealt to 7adb4e61 
Dealt to 6e5eab02 
Dealt to ffa0084c 
Dealt to 1d5733ce 
Dealt to 8f88a055 
Dealt to Hero [2s 9h]
1d5733ce: folds
8f88a055: raises $0.05 to $0.1
Hero: folds
7adb4e61: folds
6e5eab02: folds
ffa0084c: calls $0.05
*** FLOP *** [Jd 4c 7c]
ffa0084c: checks
8f88a055: bets $0.08
ffa0084c: calls $0.08
*** TURN *** [Jd 4c 7c] [6h]
ffa0084c: checks
8f88a055: bets $0.13
ffa0084c: calls $0.13
*** RIVER *** [Jd 4c 7c 6h] [3s]
ffa0084c: checks
8f88a055: bets $0.22
ffa0084c: folds
Uncalled bet ($0.22) returned to 8f88a055
*** SHOWDOWN ***
8f88a055 collected $0.61 from pot
*** SUMMARY ***
Total pot $0.64 | Rake $0.03 | Jackpot $0 | Bingo $0 | Fortune $0
Board [Jd 4c 7c 6h 3s]
Seat 1: 7adb4e61 (button) folded before Flop (didn't bet)
Seat 2: 6e5eab02 (small blind) folded before Flop
Seat 3: ffa0084c (big blind) folded on the River
Seat 4: 1d5733ce folded before Flop (didn't bet)
Seat 5: 8f88a055 won ($0.61)
Seat 6: Hero folded before Flop (didn't bet)


Poker Hand #HD1141788247: Hold'em No Limit  ($0.02/$0.05) - 2023/03/01 20:05:20
Table 'NLHBlue37' 6-max Seat #6 is the button
Seat 1: 7adb4e61 ($5 in chips)
Seat 2: 6e5eab02 ($2.11 in chips)
Seat 3: ffa0084c ($2.7 in chips)
Seat 4: 1d5733ce ($4.86 in chips)
Seat 5: 8f88a055 ($7.04 in chips)
Seat 6: Hero ($7.37 in chips)
7adb4e61: posts small blind $0.02
6e5eab02: posts big blind $0.05
*** HOLE CARDS ***
Dealt to 7adb4e61 
Dealt to 6e5eab02 
Dealt to ffa0084c 
Dealt to 1d5733ce 
Dealt to 8f88a055 
Dealt to Hero [3c 9c]
ffa0084c: calls $0.05
1d5733ce: raises $0.15 to $0.2
8f88a055: folds
Hero: folds
7adb4e61: folds
6e5eab02: folds
ffa0084c: calls $0.15
*** FLOP *** [7h 5s 8c]
ffa0084c: checks
1d5733ce: bets $0.29
ffa0084c: folds
Uncalled bet ($0.29) returned to 1d5733ce
*** SHOWDOWN ***
1d5733ce collected $0.45 from pot
*** SUMMARY ***
Total pot $0.47 | Rake $0.02 | Jackpot $0 | Bingo $0 | Fortune $0
Board [7h 5s 8c]
Seat 1: 7adb4e61 (small blind) folded before Flop
Seat 2: 6e5eab02 (big blind) folded before Flop
Seat 3: ffa0084c folded on the Flop
Seat 4: 1d5733ce won ($0.45)
Seat 5: 8f88a055 folded before Flop (didn't bet)
Seat 6: Hero (button) folded before Flop (didn't bet)


Poker Hand #HD1141788092: Hold'em No Limit  ($0.02/$0.05) - 2023/03/01 20:04:23
Table 'NLHBlue37' 6-max Seat #5 is the button
Seat 1: 7adb4e61 ($5 in chips)
Seat 3: ffa0084c ($2.75 in chips)
Seat 4: 1d5733ce ($4.86 in chips)
Seat 5: 8f88a055 ($6.84 in chips)
Seat 6: Hero ($7.39 in chips)
Hero: posts small blind $0.02
7adb4e61: posts big blind $0.05
*** HOLE CARDS ***
Dealt to 7adb4e61 
Dealt to ffa0084c 
Dealt to 1d5733ce 
Dealt to 8f88a055 
Dealt to Hero [5h 2d]
ffa0084c: calls $0.05
1d5733ce: folds
8f88a055: calls $0.05
Hero: folds
7adb4e61: checks
*** FLOP *** [6s 8d Kh]
7adb4e61: checks
ffa0084c: checks
8f88a055: bets $0.09
7adb4e61: calls $0.09
ffa0084c: folds
*** TURN *** [6s 8d Kh] [Js]
7adb4e61: checks
8f88a055: bets $0.12
7adb4e61: folds
Uncalled bet ($0.12) returned to 8f88a055
*** SHOWDOWN ***
8f88a055 collected $0.34 from pot
*** SUMMARY ***
Total pot $0.35 | Rake $0.01 | Jackpot $0 | Bingo $0 | Fortune $0
Board [6s 8d Kh Js]
Seat 1: 7adb4e61 (big blind) folded on the Turn
Seat 3: ffa0084c folded on the Flop
Seat 4: 1d5733ce folded before Flop (didn't bet)
Seat 5: 8f88a055 (button) won ($0.34)
Seat 6: Hero (small blind) folded before Flop


Poker Hand #HD1141787883: Hold'em No Limit  ($0.02/$0.05) - 2023/03/01 20:03:03
Table 'NLHBlue37' 6-max Seat #4 is the button
Seat 1: 7adb4e61 ($5 in chips)
Seat 3: ffa0084c ($2.75 in chips)
Seat 4: 1d5733ce ($4.86 in chips)
Seat 5: 8f88a055 ($5.12 in chips)
Seat 6: Hero ($9.19 in chips)
8f88a055: posts small blind $0.02
Hero: posts big blind $0.05
*** HOLE CARDS ***
Dealt to 7adb4e61 
Dealt to ffa0084c 
Dealt to 1d5733ce 
Dealt to 8f88a055 
Dealt to Hero [Qc Ac]
7adb4e61: raises $0.1 to $0.15
ffa0084c: folds
1d5733ce: folds
8f88a055: calls $0.13
Hero: raises $0.45 to $0.6
7adb4e61: folds
8f88a055: calls $0.45
*** FLOP *** [7c Jd Qs]
8f88a055: bets $0.45
Hero: calls $0.45
*** TURN *** [7c Jd Qs] [2d]
8f88a055: checks
Hero: bets $0.75
8f88a055: calls $0.75
*** RIVER *** [7c Jd Qs 2d] [Qd]
8f88a055: bets $2.82
Hero: folds
Uncalled bet ($2.82) returned to 8f88a055
8f88a055: shows [Qh] (Three Queens)
*** SHOWDOWN ***
8f88a055 collected $3.52 from pot
*** SUMMARY ***
Total pot $3.75 | Rake $0.18 | Jackpot $0.05 | Bingo $0 | Fortune $0
Board [7c Jd Qs 2d Qd]
Seat 1: 7adb4e61 folded before Flop
Seat 3: ffa0084c folded before Flop (didn't bet)
Seat 4: 1d5733ce (button) folded before Flop (didn't bet)
Seat 5: 8f88a055 (small blind) showed [Ks Qh] and won ($3.52) with Three Queens
Seat 6: Hero (big blind) folded on the River


Poker Hand #HD1141787799: Hold'em No Limit  ($0.02/$0.05) - 2023/03/01 20:02:32
Table 'NLHBlue37' 6-max Seat #3 is the button
Seat 1: 7adb4e61 ($5 in chips)
Seat 3: ffa0084c ($2.75 in chips)
Seat 4: 1d5733ce ($4.88 in chips)
Seat 5: 8f88a055 ($4.96 in chips)
Seat 6: Hero ($9.19 in chips)
1d5733ce: posts small blind $0.02
8f88a055: posts big blind $0.05
*** HOLE CARDS ***
Dealt to 7adb4e61 
Dealt to ffa0084c 
Dealt to 1d5733ce 
Dealt to 8f88a055 
Dealt to Hero [7h Ks]
Hero: folds
7adb4e61: raises $0.1 to $0.15
ffa0084c: folds
1d5733ce: folds
8f88a055: calls $0.1
*** FLOP *** [Js 9h 8c]
8f88a055: bets $0.11
7adb4e61: folds
Uncalled bet ($0.11) returned to 8f88a055
*** SHOWDOWN ***
8f88a055 collected $0.31 from pot
*** SUMMARY ***
Total pot $0.32 | Rake $0.01 | Jackpot $0 | Bingo $0 | Fortune $0
Board [Js 9h 8c]
Seat 1: 7adb4e61 folded on the Flop
Seat 3: ffa0084c (button) folded before Flop (didn't bet)
Seat 4: 1d5733ce (small blind) folded before Flop
Seat 5: 8f88a055 (big blind) won ($0.31)
Seat 6: Hero folded before Flop (didn't bet)


Poker Hand #HD1141787647: Hold'em No Limit  ($0.02/$0.05) - 2023/03/01 20:01:34
Table 'NLHBlue37' 6-max Seat #1 is the button
Seat 1: 7adb4e61 ($5.07 in chips)
Seat 2: e57db1f5 ($5.77 in chips)
Seat 3: ffa0084c ($4.13 in chips)
Seat 4: 1d5733ce ($4.88 in chips)
Seat 5: 8f88a055 ($4.96 in chips)
Seat 6: Hero ($7.76 in chips)
e57db1f5: posts small blind $0.02
ffa0084c: posts big blind $0.05
*** HOLE CARDS ***
Dealt to 7adb4e61 
Dealt to e57db1f5 
Dealt to ffa0084c 
Dealt to 1d5733ce 
Dealt to 8f88a055 
Dealt to Hero [Qd Td]
1d5733ce: folds
8f88a055: folds
Hero: raises $0.07 to $0.12
7adb4e61: calls $0.12
e57db1f5: calls $0.1
ffa0084c: calls $0.07
*** FLOP *** [6h 9s Qs]
e57db1f5: checks
ffa0084c: bets $0.36
Hero: calls $0.36
7adb4e61: folds
e57db1f5: folds
*** TURN *** [6h 9s Qs] [4d]
ffa0084c: bets $0.9
Hero: calls $0.9
*** RIVER *** [6h 9s Qs 4d] [4h]
ffa0084c: checks
Hero: checks
ffa0084c: shows [3h Qh] (Pair of Queens and Pair of Fours)
Hero: shows [Qd Td] (Pair of Queens and Pair of Fours)
*** SHOWDOWN ***
Hero collected $2.81 from pot
*** SUMMARY ***
Total pot $3 | Rake $0.14 | Jackpot $0.05 | Bingo $0 | Fortune $0
Board [6h 9s Qs 4d 4h]
Seat 1: 7adb4e61 (button) folded on the Flop
Seat 2: e57db1f5 (small blind) folded on the Flop
Seat 3: ffa0084c (big blind) showed [3h Qh] and lost with Pair of Queens and Pair of Fours
Seat 4: 1d5733ce folded before Flop (didn't bet)
Seat 5: 8f88a055 folded before Flop (didn't bet)
Seat 6: Hero showed [Qd Td] and won ($2.81) with Pair of Queens and Pair of Fours


Poker Hand #HD1141787607: Hold'em No Limit  ($0.02/$0.05) - 2023/03/01 20:01:17
Table 'NLHBlue37' 6-max Seat #6 is the button
Seat 1: 7adb4e61 ($5.09 in chips)
Seat 2: e57db1f5 ($5.82 in chips)
Seat 3: ffa0084c ($4.13 in chips)
Seat 4: 1d5733ce ($4.81 in chips)
Seat 5: 8f88a055 ($4.96 in chips)
Seat 6: Hero ($7.76 in chips)
7adb4e61: posts small blind $0.02
e57db1f5: posts big blind $0.05
*** HOLE CARDS ***
Dealt to 7adb4e61 
Dealt to e57db1f5 
Dealt to ffa0084c 
Dealt to 1d5733ce 
Dealt to 8f88a055 
Dealt to Hero [Qs Jd]
ffa0084c: folds
1d5733ce: raises $0.1 to $0.15
8f88a055: folds
Hero: folds
7adb4e61: folds
e57db1f5: folds
Uncalled bet ($0.1) returned to 1d5733ce
*** SHOWDOWN ***
1d5733ce collected $0.12 from pot
*** SUMMARY ***
Total pot $0.12 | Rake $0 | Jackpot $0 | Bingo $0 | Fortune $0
Seat 1: 7adb4e61 (small blind) folded before Flop
Seat 2: e57db1f5 (big blind) folded before Flop
Seat 3: ffa0084c folded before Flop (didn't bet)
Seat 4: 1d5733ce collected ($0.12)
Seat 5: 8f88a055 folded before Flop (didn't bet)
Seat 6: Hero (button) folded before Flop (didn't bet)


Poker Hand #HD1141787527: Hold'em No Limit  ($0.02/$0.05) - 2023/03/01 20:00:50
Table 'NLHBlue37' 6-max Seat #5 is the button
Seat 1: 7adb4e61 ($5.14 in chips)
Seat 2: e57db1f5 ($5.82 in chips)
Seat 3: ffa0084c ($4.06 in chips)
Seat 4: 1d5733ce ($4.81 in chips)
Seat 5: 8f88a055 ($4.96 in chips)
Seat 6: Hero ($7.78 in chips)
Hero: posts small blind $0.02
7adb4e61: posts big blind $0.05
*** HOLE CARDS ***
Dealt to 7adb4e61 
Dealt to e57db1f5 
Dealt to ffa0084c 
Dealt to 1d5733ce 
Dealt to 8f88a055 
Dealt to Hero [9h 6c]
e57db1f5: folds
ffa0084c: raises $0.1 to $0.15
1d5733ce: folds
8f88a055: folds
Hero: folds
7adb4e61: folds
Uncalled bet ($0.1) returned to ffa0084c
*** SHOWDOWN ***
ffa0084c collected $0.12 from pot
*** SUMMARY ***
Total pot $0.12 | Rake $0 | Jackpot $0 | Bingo $0 | Fortune $0
Seat 1: 7adb4e61 (big blind) folded before Flop
Seat 2: e57db1f5 folded before Flop (didn't bet)
Seat 3: ffa0084c collected ($0.12)
Seat 4: 1d5733ce folded before Flop (didn't bet)
Seat 5: 8f88a055 (button) folded before Flop (didn't bet)
Seat 6: Hero (small blind) folded before Flop


Poker Hand #HD1141787301: Hold'em No Limit  ($0.02/$0.05) - 2023/03/01 19:59:24
Table 'NLHBlue37' 6-max Seat #4 is the button
Seat 1: 7adb4e61 ($5.14 in chips)
Seat 2: e57db1f5 ($5.82 in chips)
Seat 3: ffa0084c ($4.16 in chips)
Seat 4: 1d5733ce ($5.03 in chips)
Seat 5: 8f88a055 ($4.98 in chips)
Seat 6: Hero ($7.99 in chips)
8f88a055: posts small blind $0.02
Hero: posts big blind $0.05
*** HOLE CARDS ***
Dealt to 7adb4e61 
Dealt to e57db1f5 
Dealt to ffa0084c 
Dealt to 1d5733ce 
Dealt to 8f88a055 
Dealt to Hero [Qd Qc]
7adb4e61: folds
e57db1f5: folds
ffa0084c: raises $0.05 to $0.1
1d5733ce: raises $0.35 to $0.45
8f88a055: folds
Hero: raises $0.77 to $1.22
ffa0084c: folds
1d5733ce: raises $3.81 to $5.03 and is all-in
Hero: calls $3.81
1d5733ce: shows [As Kh]
Hero: shows [Qd Qc]
*** FIRST FLOP *** [5d 6s Js]
*** FIRST TURN *** [5d 6s Js] [9c]
*** FIRST RIVER *** [5d 6s Js 9c] [Kd]
*** SECOND FLOP *** [Tc 9h 3s]
*** SECOND TURN *** [Tc 9h 3s] [9s]
*** SECOND RIVER *** [Tc 9h 3s 9s] [4h]
*** FIRST SHOWDOWN ***
1d5733ce collected $4.81 from pot
*** SECOND SHOWDOWN ***
Hero collected $4.82 from pot
*** SUMMARY ***
Total pot $10.18 | Rake $0.5 | Jackpot $0.05 | Bingo $0 | Fortune $0
Hand was run two times
FIRST Board [5d 6s Js 9c Kd]
SECOND Board [Tc 9h 3s 9s 4h]
Seat 1: 7adb4e61 folded before Flop (didn't bet)
Seat 2: e57db1f5 folded before Flop (didn't bet)
Seat 3: ffa0084c folded before Flop
Seat 4: 1d5733ce (button) showed [As Kh] and won ($4.81) with Pair of Kings, and lost with Pair of Nines
Seat 5: 8f88a055 (small blind) folded before Flop
Seat 6: Hero (big blind) showed [Qd Qc] and lost with Pair of Queens, and won ($4.82) with Pair of Queens and Pair of Nines


Poker Hand #HD1141787249: Hold'em No Limit  ($0.02/$0.05) - 2023/03/01 19:59:06
Table 'NLHBlue37' 6-max Seat #3 is the button
Seat 1: 7adb4e61 ($5.14 in chips)
Seat 2: e57db1f5 ($5.82 in chips)
Seat 3: ffa0084c ($4.09 in chips)
Seat 4: 1d5733ce ($5.05 in chips)
Seat 5: 8f88a055 ($5.03 in chips)
Seat 6: Hero ($7.99 in chips)
1d5733ce: posts small blind $0.02
8f88a055: posts big blind $0.05
*** HOLE CARDS ***
Dealt to 7adb4e61 
Dealt to e57db1f5 
Dealt to ffa0084c 
Dealt to 1d5733ce 
Dealt to 8f88a055 
Dealt to Hero [9h 2h]
Hero: folds
7adb4e61: folds
e57db1f5: folds
ffa0084c: raises $0.05 to $0.1
1d5733ce: folds
8f88a055: folds
Uncalled bet ($0.05) returned to ffa0084c
*** SHOWDOWN ***
ffa0084c collected $0.12 from pot
*** SUMMARY ***
Total pot $0.12 | Rake $0 | Jackpot $0 | Bingo $0 | Fortune $0
Seat 1: 7adb4e61 folded before Flop (didn't bet)
Seat 2: e57db1f5 folded before Flop (didn't bet)
Seat 3: ffa0084c (button) collected ($0.12)
Seat 4: 1d5733ce (small blind) folded before Flop
Seat 5: 8f88a055 (big blind) folded before Flop
Seat 6: Hero folded before Flop (didn't bet)


Poker Hand #HD1141787171: Hold'em No Limit  ($0.02/$0.05) - 2023/03/01 19:58:39
Table 'NLHBlue37' 6-max Seat #2 is the button
Seat 1: 7adb4e61 ($5.14 in chips)
Seat 2: e57db1f5 ($5.82 in chips)
Seat 3: ffa0084c ($4.14 in chips)
Seat 4: 1d5733ce ($5 in chips)
Seat 5: 8f88a055 ($5.03 in chips)
Seat 6: Hero ($7.99 in chips)
ffa0084c: posts small blind $0.02
1d5733ce: posts big blind $0.05
*** HOLE CARDS ***
Dealt to 7adb4e61 
Dealt to e57db1f5 
Dealt to ffa0084c 
Dealt to 1d5733ce 
Dealt to 8f88a055 
Dealt to Hero [Ts 8c]
8f88a055: folds
Hero: folds
7adb4e61: folds
e57db1f5: folds
ffa0084c: calls $0.03
1d5733ce: raises $0.12 to $0.17
ffa0084c: folds
Uncalled bet ($0.12) returned to 1d5733ce
*** SHOWDOWN ***
1d5733ce collected $0.1 from pot
*** SUMMARY ***
Total pot $0.1 | Rake $0 | Jackpot $0 | Bingo $0 | Fortune $0
Seat 1: 7adb4e61 folded before Flop (didn't bet)
Seat 2: e57db1f5 (button) folded before Flop (didn't bet)
Seat 3: ffa0084c (small blind) folded before Flop
Seat 4: 1d5733ce (big blind) collected ($0.1)
Seat 5: 8f88a055 folded before Flop (didn't bet)
Seat 6: Hero folded before Flop (didn't bet)


Poker Hand #HD1141787039: Hold'em No Limit  ($0.02/$0.05) - 2023/03/01 19:57:51
Table 'NLHBlue37' 6-max Seat #1 is the button
Seat 1: 7adb4e61 ($5 in chips)
Seat 2: e57db1f5 ($5.84 in chips)
Seat 3: ffa0084c ($4.27 in chips)
Seat 4: 1d5733ce ($5 in chips)
Seat 5: 8f88a055 ($5.03 in chips)
Seat 6: Hero ($7.99 in chips)
e57db1f5: posts small blind $0.02
ffa0084c: posts big blind $0.05
*** HOLE CARDS ***
Dealt to 7adb4e61 
Dealt to e57db1f5 
Dealt to ffa0084c 
Dealt to 1d5733ce 
Dealt to 8f88a055 
Dealt to Hero [2d Qh]
1d5733ce: folds
8f88a055: folds
Hero: folds
7adb4e61: raises $0.08 to $0.13
e57db1f5: folds
ffa0084c: calls $0.08
*** FLOP *** [Jc Kd 9c]
ffa0084c: checks
7adb4e61: bets $0.2
ffa0084c: folds
Uncalled bet ($0.2) returned to 7adb4e61
*** SHOWDOWN ***
7adb4e61 collected $0.27 from pot
*** SUMMARY ***
Total pot $0.28 | Rake $0.01 | Jackpot $0 | Bingo $0 | Fortune $0
Board [Jc Kd 9c]
Seat 1: 7adb4e61 (button) won ($0.27)
Seat 2: e57db1f5 (small blind) folded before Flop
Seat 3: ffa0084c (big blind) folded on the Flop
Seat 4: 1d5733ce folded before Flop (didn't bet)
Seat 5: 8f88a055 folded before Flop (didn't bet)
Seat 6: Hero folded before Flop (didn't bet)


Poker Hand #HD1141787015: Hold'em No Limit  ($0.02/$0.05) - 2023/03/01 19:57:41
Table 'NLHBlue37' 6-max Seat #6 is the button
Seat 1: 7adb4e61 ($5 in chips)
Seat 2: e57db1f5 ($5.89 in chips)
Seat 3: ffa0084c ($4.2 in chips)
Seat 4: 1d5733ce ($5 in chips)
Seat 5: 8f88a055 ($5.03 in chips)
Seat 6: Hero ($7.99 in chips)
7adb4e61: posts small blind $0.02
e57db1f5: posts big blind $0.05
*** HOLE CARDS ***
Dealt to 7adb4e61 
Dealt to e57db1f5 
Dealt to ffa0084c 
Dealt to 1d5733ce 
Dealt to 8f88a055 
Dealt to Hero [Qc 2s]
ffa0084c: raises $0.05 to $0.1
1d5733ce: folds
8f88a055: folds
Hero: folds
7adb4e61: folds
e57db1f5: folds
Uncalled bet ($0.05) returned to ffa0084c
*** SHOWDOWN ***
ffa0084c collected $0.12 from pot
*** SUMMARY ***
Total pot $0.12 | Rake $0 | Jackpot $0 | Bingo $0 | Fortune $0
Seat 1: 7adb4e61 (small blind) folded before Flop
Seat 2: e57db1f5 (big blind) folded before Flop
Seat 3: ffa0084c collected ($0.12)
Seat 4: 1d5733ce folded before Flop (didn't bet)
Seat 5: 8f88a055 folded before Flop (didn't bet)
Seat 6: Hero (button) folded before Flop (didn't bet)


Poker Hand #HD1141786976: Hold'em No Limit  ($0.02/$0.05) - 2023/03/01 19:57:29
Table 'NLHBlue37' 6-max Seat #5 is the button
Seat 1: 7adb4e61 ($5 in chips)
Seat 2: e57db1f5 ($5.89 in chips)
Seat 3: ffa0084c ($4.2 in chips)
Seat 4: 1d5733ce ($5 in chips)
Seat 5: 8f88a055 ($4.96 in chips)
Seat 6: Hero ($8.01 in chips)
Hero: posts small blind $0.02
7adb4e61: posts big blind $0.05
*** HOLE CARDS ***
Dealt to 7adb4e61 
Dealt to e57db1f5 
Dealt to ffa0084c 
Dealt to 1d5733ce 
Dealt to 8f88a055 
Dealt to Hero [Tc 3h]
e57db1f5: folds
ffa0084c: folds
1d5733ce: folds
8f88a055: raises $0.05 to $0.1
Hero: folds
7adb4e61: folds
Uncalled bet ($0.05) returned to 8f88a055
*** SHOWDOWN ***
8f88a055 collected $0.12 from pot
*** SUMMARY ***
Total pot $0.12 | Rake $0 | Jackpot $0 | Bingo $0 | Fortune $0
Seat 1: 7adb4e61 (big blind) folded before Flop
Seat 2: e57db1f5 folded before Flop (didn't bet)
Seat 3: ffa0084c folded before Flop (didn't bet)
Seat 4: 1d5733ce folded before Flop (didn't bet)
Seat 5: 8f88a055 (button) collected ($0.12)
Seat 6: Hero (small blind) folded before Flop


Poker Hand #HD1141786837: Hold'em No Limit  ($0.02/$0.05) - 2023/03/01 19:56:42
Table 'NLHBlue37' 6-max Seat #4 is the button
Seat 1: 7adb4e61 ($5 in chips)
Seat 2: e57db1f5 ($5.89 in chips)
Seat 3: ffa0084c ($4.3 in chips)
Seat 4: 1d5733ce ($5 in chips)
Seat 5: 8f88a055 ($5.21 in chips)
Seat 6: Hero ($7.69 in chips)
8f88a055: posts small blind $0.02
Hero: posts big blind $0.05
*** HOLE CARDS ***
Dealt to 7adb4e61 
Dealt to e57db1f5 
Dealt to ffa0084c 
Dealt to 1d5733ce 
Dealt to 8f88a055 
Dealt to Hero [Th Qd]
7adb4e61: folds
e57db1f5: folds
ffa0084c: raises $0.05 to $0.1
1d5733ce: folds
8f88a055: calls $0.08
Hero: calls $0.05
*** FLOP *** [Jd Ac 8s]
8f88a055: bets $0.15
Hero: calls $0.15
ffa0084c: folds
*** TURN *** [Jd Ac 8s] [Qc]
8f88a055: checks
Hero: checks
*** RIVER *** [Jd Ac 8s Qc] [4s]
8f88a055: checks
Hero: checks
8f88a055: shows [7h 7d] (Pair of Sevens)
Hero: shows [Th Qd] (Pair of Queens)
*** SHOWDOWN ***
Hero collected $0.57 from pot
*** SUMMARY ***
Total pot $0.6 | Rake $0.03 | Jackpot $0 | Bingo $0 | Fortune $0
Board [Jd Ac 8s Qc 4s]
Seat 1: 7adb4e61 folded before Flop (didn't bet)
Seat 2: e57db1f5 folded before Flop (didn't bet)
Seat 3: ffa0084c folded on the Flop
Seat 4: 1d5733ce (button) folded before Flop (didn't bet)
Seat 5: 8f88a055 (small blind) showed [7h 7d] and lost with Pair of Sevens
Seat 6: Hero (big blind) showed [Th Qd] and won ($0.57) with Pair of Queens


Poker Hand #HD1141786797: Hold'em No Limit  ($0.02/$0.05) - 2023/03/01 19:56:28
Table 'NLHBlue37' 6-max Seat #3 is the button
Seat 1: 7adb4e61 ($5 in chips)
Seat 2: e57db1f5 ($5.89 in chips)
Seat 3: ffa0084c ($4.23 in chips)
Seat 4: 1d5733ce ($4.23 in chips)
Seat 5: 8f88a055 ($5.26 in chips)
Seat 6: Hero ($7.69 in chips)
1d5733ce: posts small blind $0.02
8f88a055: posts big blind $0.05
*** HOLE CARDS ***
Dealt to 7adb4e61 
Dealt to e57db1f5 
Dealt to ffa0084c 
Dealt to 1d5733ce 
Dealt to 8f88a055 
Dealt to Hero [Qd 3c]
Hero: folds
7adb4e61: folds
e57db1f5: folds
ffa0084c: raises $0.1 to $0.15
1d5733ce: folds
8f88a055: folds
Uncalled bet ($0.1) returned to ffa0084c
*** SHOWDOWN ***
ffa0084c collected $0.12 from pot
*** SUMMARY ***
Total pot $0.12 | Rake $0 | Jackpot $0 | Bingo $0 | Fortune $0
Seat 1: 7adb4e61 folded before Flop (didn't bet)
Seat 2: e57db1f5 folded before Flop (didn't bet)
Seat 3: ffa0084c (button) collected ($0.12)
Seat 4: 1d5733ce (small blind) folded before Flop
Seat 5: 8f88a055 (big blind) folded before Flop
Seat 6: Hero folded before Flop (didn't bet)


Poker Hand #HD1141786577: Hold'em No Limit  ($0.02/$0.05) - 2023/03/01 19:55:14
Table 'NLHBlue37' 6-max Seat #2 is the button
Seat 1: 7adb4e61 ($5 in chips)
Seat 2: e57db1f5 ($5.89 in chips)
Seat 3: ffa0084c ($4.25 in chips)
Seat 4: 1d5733ce ($5 in chips)
Seat 5: 8f88a055 ($5.26 in chips)
Seat 6: Hero ($7.02 in chips)
ffa0084c: posts small blind $0.02
1d5733ce: posts big blind $0.05
*** HOLE CARDS ***
Dealt to 7adb4e61 
Dealt to e57db1f5 
Dealt to ffa0084c 
Dealt to 1d5733ce 
Dealt to 8f88a055 
Dealt to Hero [Td Qh]
8f88a055: folds
Hero: raises $0.07 to $0.12
7adb4e61: folds
e57db1f5: folds
ffa0084c: folds
1d5733ce: calls $0.07
*** FLOP *** [4h Jd Qd]
1d5733ce: checks
Hero: checks
*** TURN *** [4h Jd Qd] [Th]
1d5733ce: bets $0.18
Hero: raises $0.47 to $0.65
1d5733ce: calls $0.47
*** RIVER *** [4h Jd Qd Th] [Ks]
1d5733ce: checks
Hero: checks
1d5733ce: shows [3h Jh] (Pair of Jacks)
Hero: shows [Td Qh] (Pair of Queens and Pair of Tens)
*** SHOWDOWN ***
Hero collected $1.44 from pot
*** SUMMARY ***
Total pot $1.56 | Rake $0.07 | Jackpot $0.05 | Bingo $0 | Fortune $0
Board [4h Jd Qd Th Ks]
Seat 1: 7adb4e61 folded before Flop (didn't bet)
Seat 2: e57db1f5 (button) folded before Flop (didn't bet)
Seat 3: ffa0084c (small blind) folded before Flop
Seat 4: 1d5733ce (big blind) showed [3h Jh] and lost with Pair of Jacks
Seat 5: 8f88a055 folded before Flop (didn't bet)
Seat 6: Hero showed [Td Qh] and won ($1.44) with Pair of Queens and Pair of Tens


Poker Hand #HD1141786504: Hold'em No Limit  ($0.02/$0.05) - 2023/03/01 19:54:48
Table 'NLHBlue37' 6-max Seat #1 is the button
Seat 1: 7adb4e61 ($5 in chips)
Seat 2: e57db1f5 ($5.91 in chips)
Seat 3: ffa0084c ($4.35 in chips)
Seat 5: 8f88a055 ($5.15 in chips)
Seat 6: Hero ($7.02 in chips)
e57db1f5: posts small blind $0.02
ffa0084c: posts big blind $0.05
*** HOLE CARDS ***
Dealt to 7adb4e61 
Dealt to e57db1f5 
Dealt to ffa0084c 
Dealt to 8f88a055 
Dealt to Hero [5c 7h]
8f88a055: raises $0.05 to $0.1
Hero: folds
7adb4e61: folds
e57db1f5: folds
ffa0084c: calls $0.05
*** FLOP *** [3s 3c 7c]
ffa0084c: checks
8f88a055: bets $0.08
ffa0084c: folds
Uncalled bet ($0.08) returned to 8f88a055
*** SHOWDOWN ***
8f88a055 collected $0.21 from pot
*** SUMMARY ***
Total pot $0.22 | Rake $0.01 | Jackpot $0 | Bingo $0 | Fortune $0
Board [3s 3c 7c]
Seat 1: 7adb4e61 (button) folded before Flop (didn't bet)
Seat 2: e57db1f5 (small blind) folded before Flop
Seat 3: ffa0084c (big blind) folded on the Flop
Seat 5: 8f88a055 won ($0.21)
Seat 6: Hero folded before Flop (didn't bet)


Poker Hand #HD1141786364: Hold'em No Limit  ($0.02/$0.05) - 2023/03/01 19:54:00
Table 'NLHBlue37' 6-max Seat #6 is the button
Seat 1: 7adb4e61 ($5 in chips)
Seat 2: e57db1f5 ($5.52 in chips)
Seat 3: ffa0084c ($4.4 in chips)
Seat 4: 13aa8baf ($0.35 in chips)
Seat 5: 8f88a055 ($5.15 in chips)
Seat 6: Hero ($7.02 in chips)
7adb4e61: posts small blind $0.02
e57db1f5: posts big blind $0.05
*** HOLE CARDS ***
Dealt to 7adb4e61 
Dealt to e57db1f5 
Dealt to ffa0084c 
Dealt to 13aa8baf 
Dealt to 8f88a055 
Dealt to Hero [2d 3s]
ffa0084c: calls $0.05
13aa8baf: raises $0.17 to $0.22
8f88a055: folds
Hero: folds
7adb4e61: folds
e57db1f5: calls $0.17
ffa0084c: folds
*** FLOP *** [9c 5c As]
e57db1f5: checks
13aa8baf: bets $0.13 and is all-in
e57db1f5: calls $0.13
13aa8baf: shows [8c Qd] (Ace-High)
e57db1f5: shows [Td Ad] (Pair of Aces)
*** TURN *** [9c 5c As] [8d]
*** RIVER *** [9c 5c As 8d] [9s]
*** SHOWDOWN ***
e57db1f5 collected $0.74 from pot
*** SUMMARY ***
Total pot $0.77 | Rake $0.03 | Jackpot $0 | Bingo $0 | Fortune $0
Board [9c 5c As 8d 9s]
Seat 1: 7adb4e61 (small blind) folded before Flop
Seat 2: e57db1f5 (big blind) showed [Td Ad] and won ($0.74) with Pair of Aces and Pair of Nines
Seat 3: ffa0084c folded before Flop
Seat 4: 13aa8baf showed [8c Qd] and lost with Pair of Nines and Pair of Eights
Seat 5: 8f88a055 folded before Flop (didn't bet)
Seat 6: Hero (button) folded before Flop (didn't bet)


Poker Hand #HD1141786255: Hold'em No Limit  ($0.02/$0.05) - 2023/03/01 19:53:22
Table 'NLHBlue37' 6-max Seat #5 is the button
Seat 1: 7adb4e61 ($5 in chips)
Seat 2: e57db1f5 ($5.52 in chips)
Seat 3: ffa0084c ($4.4 in chips)
Seat 4: 13aa8baf ($0.4 in chips)
Seat 5: 8f88a055 ($4.6 in chips)
Seat 6: Hero ($7.52 in chips)
Hero: posts small blind $0.02
7adb4e61: posts big blind $0.05
*** HOLE CARDS ***
Dealt to 7adb4e61 
Dealt to e57db1f5 
Dealt to ffa0084c 
Dealt to 13aa8baf 
Dealt to 8f88a055 
Dealt to Hero [Td Qd]
e57db1f5: folds
ffa0084c: folds
13aa8baf: calls $0.05
8f88a055: raises $0.05 to $0.1
Hero: raises $0.4 to $0.5
7adb4e61: folds
13aa8baf: folds
8f88a055: calls $0.4
*** FLOP *** [4h 2c 6h]
Hero: checks
8f88a055: bets $0.37
Hero: folds
Uncalled bet ($0.37) returned to 8f88a055
*** SHOWDOWN ***
8f88a055 collected $1.05 from pot
*** SUMMARY ***
Total pot $1.1 | Rake $0.05 | Jackpot $0 | Bingo $0 | Fortune $0
Board [4h 2c 6h]
Seat 1: 7adb4e61 (big blind) folded before Flop
Seat 2: e57db1f5 folded before Flop (didn't bet)
Seat 3: ffa0084c folded before Flop (didn't bet)
Seat 4: 13aa8baf folded before Flop
Seat 5: 8f88a055 (button) won ($1.05)
Seat 6: Hero (small blind) folded on the Flop


Poker Hand #HD1141786171: Hold'em No Limit  ($0.02/$0.05) - 2023/03/01 19:52:51
Table 'NLHBlue37' 6-max Seat #4 is the button
Seat 1: 7adb4e61 ($5 in chips)
Seat 2: e57db1f5 ($5.52 in chips)
Seat 3: ffa0084c ($4.4 in chips)
Seat 4: 13aa8baf ($0.6 in chips)
Seat 5: 8f88a055 ($4.62 in chips)
Seat 6: Hero ($7.32 in chips)
8f88a055: posts small blind $0.02
Hero: posts big blind $0.05
*** HOLE CARDS ***
Dealt to 7adb4e61 
Dealt to e57db1f5 
Dealt to ffa0084c 
Dealt to 13aa8baf 
Dealt to 8f88a055 
Dealt to Hero [Qs Kh]
7adb4e61: folds
e57db1f5: folds
ffa0084c: folds
13aa8baf: calls $0.05
8f88a055: folds
Hero: raises $0.15 to $0.2
13aa8baf: calls $0.15
*** FLOP *** [Td 2s 5c]
Hero: bets $0.16
13aa8baf: folds
Uncalled bet ($0.16) returned to Hero
*** SHOWDOWN ***
Hero collected $0.4 from pot
*** SUMMARY ***
Total pot $0.42 | Rake $0.02 | Jackpot $0 | Bingo $0 | Fortune $0
Board [Td 2s 5c]
Seat 1: 7adb4e61 folded before Flop (didn't bet)
Seat 2: e57db1f5 folded before Flop (didn't bet)
Seat 3: ffa0084c folded before Flop (didn't bet)
Seat 4: 13aa8baf (button) folded on the Flop
Seat 5: 8f88a055 (small blind) folded before Flop
Seat 6: Hero (big blind) won ($0.4)


Poker Hand #HD1141786105: Hold'em No Limit  ($0.02/$0.05) - 2023/03/01 19:52:32
Table 'NLHBlue37' 6-max Seat #3 is the button
Seat 1: 7adb4e61 ($5 in chips)
Seat 2: e57db1f5 ($5.52 in chips)
Seat 3: ffa0084c ($4.4 in chips)
Seat 4: 13aa8baf ($0.55 in chips)
Seat 5: 8f88a055 ($4.67 in chips)
Seat 6: Hero ($7.32 in chips)
13aa8baf: posts small blind $0.02
8f88a055: posts big blind $0.05
*** HOLE CARDS ***
Dealt to 7adb4e61 
Dealt to e57db1f5 
Dealt to ffa0084c 
Dealt to 13aa8baf 
Dealt to 8f88a055 
Dealt to Hero [Qd 3h]
Hero: folds
7adb4e61: folds
e57db1f5: folds
ffa0084c: folds
13aa8baf: calls $0.03
8f88a055: checks
*** FLOP *** [8s Jc 8d]
13aa8baf: bets $0.08
8f88a055: folds
Uncalled bet ($0.08) returned to 13aa8baf
*** SHOWDOWN ***
13aa8baf collected $0.1 from pot
*** SUMMARY ***
Total pot $0.1 | Rake $0 | Jackpot $0 | Bingo $0 | Fortune $0
Board [8s Jc 8d]
Seat 1: 7adb4e61 folded before Flop (didn't bet)
Seat 2: e57db1f5 folded before Flop (didn't bet)
Seat 3: ffa0084c (button) folded before Flop (didn't bet)
Seat 4: 13aa8baf (small blind) won ($0.1)
Seat 5: 8f88a055 (big blind) folded on the Flop
Seat 6: Hero folded before Flop (didn't bet)


Poker Hand #HD1141785988: Hold'em No Limit  ($0.02/$0.05) - 2023/03/01 19:51:44
Table 'NLHBlue37' 6-max Seat #2 is the button
Seat 1: 7adb4e61 ($5 in chips)
Seat 2: e57db1f5 ($5.52 in chips)
Seat 3: ffa0084c ($4.5 in chips)
Seat 4: 13aa8baf ($0.92 in chips)
Seat 5: 8f88a055 ($4.24 in chips)
Seat 6: Hero ($7.32 in chips)
ffa0084c: posts small blind $0.02
13aa8baf: posts big blind $0.05
*** HOLE CARDS ***
Dealt to 7adb4e61 
Dealt to e57db1f5 
Dealt to ffa0084c 
Dealt to 13aa8baf 
Dealt to 8f88a055 
Dealt to Hero [8s 2h]
8f88a055: raises $0.05 to $0.1
Hero: folds
7adb4e61: folds
e57db1f5: folds
ffa0084c: calls $0.08
13aa8baf: calls $0.05
*** FLOP *** [Th Qc 3h]
ffa0084c: checks
13aa8baf: bets $0.1
8f88a055: calls $0.1
ffa0084c: folds
*** TURN *** [Th Qc 3h] [Jh]
13aa8baf: bets $0.17
8f88a055: calls $0.17
*** RIVER *** [Th Qc 3h Jh] [3s]
13aa8baf: checks
8f88a055: checks
13aa8baf: shows [Tc 2d] (Pair of Tens and Pair of Treys)
8f88a055: shows [Jd Ah] (Pair of Jacks and Pair of Treys)
*** SHOWDOWN ***
8f88a055 collected $0.8 from pot
*** SUMMARY ***
Total pot $0.84 | Rake $0.04 | Jackpot $0 | Bingo $0 | Fortune $0
Board [Th Qc 3h Jh 3s]
Seat 1: 7adb4e61 folded before Flop (didn't bet)
Seat 2: e57db1f5 (button) folded before Flop (didn't bet)
Seat 3: ffa0084c (small blind) folded on the Flop
Seat 4: 13aa8baf (big blind) showed [Tc 2d] and lost with Pair of Tens and Pair of Treys
Seat 5: 8f88a055 showed [Jd Ah] and won ($0.8) with Pair of Jacks and Pair of Treys
Seat 6: Hero folded before Flop (didn't bet)


Poker Hand #HD1141785826: Hold'em No Limit  ($0.02/$0.05) - 2023/03/01 19:50:52
Table 'NLHBlue37' 6-max Seat #1 is the button
Seat 1: 7adb4e61 ($5.24 in chips)
Seat 2: e57db1f5 ($4.92 in chips)
Seat 3: ffa0084c ($4.55 in chips)
Seat 4: 13aa8baf ($0.97 in chips)
Seat 5: 8f88a055 ($4.34 in chips)
Seat 6: Hero ($7.32 in chips)
e57db1f5: posts small blind $0.02
ffa0084c: posts big blind $0.05
*** HOLE CARDS ***
Dealt to 7adb4e61 
Dealt to e57db1f5 
Dealt to ffa0084c 
Dealt to 13aa8baf 
Dealt to 8f88a055 
Dealt to Hero [9h 4s]
13aa8baf: calls $0.05
8f88a055: raises $0.05 to $0.1
Hero: folds
7adb4e61: calls $0.1
e57db1f5: raises $0.35 to $0.45
ffa0084c: folds
13aa8baf: folds
8f88a055: folds
7adb4e61: calls $0.35
*** FLOP *** [7c Td 7s]
e57db1f5: bets $0.55
7adb4e61: folds
Uncalled bet ($0.55) returned to e57db1f5
*** SHOWDOWN ***
e57db1f5 collected $1.05 from pot
*** SUMMARY ***
Total pot $1.1 | Rake $0.05 | Jackpot $0 | Bingo $0 | Fortune $0
Board [7c Td 7s]
Seat 1: 7adb4e61 (button) folded on the Flop
Seat 2: e57db1f5 (small blind) won ($1.05)
Seat 3: ffa0084c (big blind) folded before Flop
Seat 4: 13aa8baf folded before Flop
Seat 5: 8f88a055 folded before Flop
Seat 6: Hero folded before Flop (didn't bet)


Poker Hand #HD1141715563: Hold'em No Limit  ($0.02/$0.05) - 2023/03/01 19:49:22
Table 'NLHBlue37' 6-max Seat #6 is the button
Seat 1: 7adb4e61 ($5.02 in chips)
Seat 2: e57db1f5 ($4.97 in chips)
Seat 3: ffa0084c ($4.74 in chips)
Seat 5: 8f88a055 ($4.34 in chips)
Seat 6: Hero ($7.32 in chips)
7adb4e61: posts small blind $0.02
e57db1f5: posts big blind $0.05
*** HOLE CARDS ***
Dealt to 7adb4e61 
Dealt to e57db1f5 
Dealt to ffa0084c 
Dealt to 8f88a055 
Dealt to Hero [7s 4s]
ffa0084c: calls $0.05
8f88a055: folds
Hero: folds
7adb4e61: calls $0.03
e57db1f5: checks
*** FLOP *** [Jd Qh Qd]
7adb4e61: checks
e57db1f5: checks
ffa0084c: bets $0.05
7adb4e61: calls $0.05
e57db1f5: folds
*** TURN *** [Jd Qh Qd] [7c]
7adb4e61: checks
ffa0084c: checks
*** RIVER *** [Jd Qh Qd 7c] [Qs]
7adb4e61: bets $0.09
ffa0084c: calls $0.09
7adb4e61: shows [Qc Th] (Four Queens)
ffa0084c: shows [5s 5d] (Queens Full over Fives)
*** SHOWDOWN ***
7adb4e61 collected $0.41 from pot
*** SUMMARY ***
Total pot $0.43 | Rake $0.02 | Jackpot $0 | Bingo $0 | Fortune $0
Board [Jd Qh Qd 7c Qs]
Seat 1: 7adb4e61 (small blind) showed [Qc Th] and won ($0.41) with Four Queens
Seat 2: e57db1f5 (big blind) folded on the Flop
Seat 3: ffa0084c showed [5s 5d] and lost with Queens Full over Fives
Seat 5: 8f88a055 folded before Flop (didn't bet)
Seat 6: Hero (button) folded before Flop (didn't bet)


Poker Hand #HD1141715528: Hold'em No Limit  ($0.02/$0.05) - 2023/03/01 19:49:11
Table 'NLHBlue37' 6-max Seat #5 is the button
Seat 1: 7adb4e61 ($5 in chips)
Seat 2: e57db1f5 ($4.97 in chips)
Seat 3: ffa0084c ($4.74 in chips)
Seat 5: 8f88a055 ($4.34 in chips)
Seat 6: Hero ($7.34 in chips)
Hero: posts small blind $0.02
7adb4e61: posts big blind $0.05
*** HOLE CARDS ***
Dealt to 7adb4e61 
Dealt to e57db1f5 
Dealt to ffa0084c 
Dealt to 8f88a055 
Dealt to Hero [9s 7c]
e57db1f5: folds
ffa0084c: folds
8f88a055: folds
Hero: folds
Uncalled bet ($0.03) returned to 7adb4e61
*** SHOWDOWN ***
7adb4e61 collected $0.04 from pot
*** SUMMARY ***
Total pot $0.04 | Rake $0 | Jackpot $0 | Bingo $0 | Fortune $0
Seat 1: 7adb4e61 (big blind) collected ($0.04)
Seat 2: e57db1f5 folded before Flop (didn't bet)
Seat 3: ffa0084c folded before Flop (didn't bet)
Seat 5: 8f88a055 (button) folded before Flop (didn't bet)
Seat 6: Hero (small blind) folded before Flop


Poker Hand #HD1141715328: Hold'em No Limit  ($0.02/$0.05) - 2023/03/01 19:47:55
Table 'NLHBlue37' 6-max Seat #4 is the button
Seat 2: e57db1f5 ($4.97 in chips)
Seat 3: ffa0084c ($4.74 in chips)
Seat 4: 13aa8baf ($1.02 in chips)
Seat 5: 8f88a055 ($4.36 in chips)
Seat 6: Hero ($7.27 in chips)
8f88a055: posts small blind $0.02
Hero: posts big blind $0.05
*** HOLE CARDS ***
Dealt to e57db1f5 
Dealt to ffa0084c 
Dealt to 13aa8baf 
Dealt to 8f88a055 
Dealt to Hero [Jc As]
e57db1f5: folds
ffa0084c: folds
13aa8baf: calls $0.05
8f88a055: folds
Hero: raises $0.19 to $0.24
13aa8baf: folds
Uncalled bet ($0.19) returned to Hero
*** SHOWDOWN ***
Hero collected $0.12 from pot
*** SUMMARY ***
Total pot $0.12 | Rake $0 | Jackpot $0 | Bingo $0 | Fortune $0
Seat 2: e57db1f5 folded before Flop (didn't bet)
Seat 3: ffa0084c folded before Flop (didn't bet)
Seat 4: 13aa8baf (button) folded before Flop
Seat 5: 8f88a055 (small blind) folded before Flop
Seat 6: Hero (big blind) collected ($0.12)


Poker Hand #HD1141715231: Hold'em No Limit  ($0.02/$0.05) - 2023/03/01 19:47:23
Table 'NLHBlue37' 6-max Seat #3 is the button
Seat 2: e57db1f5 ($4.97 in chips)
Seat 3: ffa0084c ($4.84 in chips)
Seat 4: 13aa8baf ($0.88 in chips)
Seat 5: 8f88a055 ($4.41 in chips)
Seat 6: Hero ($7.27 in chips)
13aa8baf: posts small blind $0.02
8f88a055: posts big blind $0.05
*** HOLE CARDS ***
Dealt to e57db1f5 
Dealt to ffa0084c 
Dealt to 13aa8baf 
Dealt to 8f88a055 
Dealt to Hero [7s 4c]
Hero: folds
e57db1f5: folds
ffa0084c: raises $0.05 to $0.1
13aa8baf: calls $0.08
8f88a055: folds
*** FLOP *** [3h 2c 6s]
13aa8baf: bets $0.09
ffa0084c: folds
Uncalled bet ($0.09) returned to 13aa8baf
*** SHOWDOWN ***
13aa8baf collected $0.24 from pot
*** SUMMARY ***
Total pot $0.25 | Rake $0.01 | Jackpot $0 | Bingo $0 | Fortune $0
Board [3h 2c 6s]
Seat 2: e57db1f5 folded before Flop (didn't bet)
Seat 3: ffa0084c (button) folded on the Flop
Seat 4: 13aa8baf (small blind) won ($0.24)
Seat 5: 8f88a055 (big blind) folded before Flop
Seat 6: Hero folded before Flop (didn't bet)


Poker Hand #HD1141715126: Hold'em No Limit  ($0.02/$0.05) - 2023/03/01 19:46:47
Table 'NLHBlue37' 6-max Seat #2 is the button
Seat 2: e57db1f5 ($4.97 in chips)
Seat 3: ffa0084c ($4.96 in chips)
Seat 4: 13aa8baf ($1 in chips)
Seat 5: 8f88a055 ($4.41 in chips)
Seat 6: Hero ($7.04 in chips)
ffa0084c: posts small blind $0.02
13aa8baf: posts big blind $0.05
*** HOLE CARDS ***
Dealt to e57db1f5 
Dealt to ffa0084c 
Dealt to 13aa8baf 
Dealt to 8f88a055 
Dealt to Hero [Qh Tc]
8f88a055: folds
Hero: raises $0.07 to $0.12
e57db1f5: folds
ffa0084c: calls $0.1
13aa8baf: calls $0.07
*** FLOP *** [4d Th 5h]
ffa0084c: checks
13aa8baf: checks
Hero: bets $0.27
ffa0084c: folds
13aa8baf: folds
Uncalled bet ($0.27) returned to Hero
*** SHOWDOWN ***
Hero collected $0.35 from pot
*** SUMMARY ***
Total pot $0.36 | Rake $0.01 | Jackpot $0 | Bingo $0 | Fortune $0
Board [4d Th 5h]
Seat 2: e57db1f5 (button) folded before Flop (didn't bet)
Seat 3: ffa0084c (small blind) folded on the Flop
Seat 4: 13aa8baf (big blind) folded on the Flop
Seat 5: 8f88a055 folded before Flop (didn't bet)
Seat 6: Hero won ($0.35)


Poker Hand #HD1141715041: Hold'em No Limit  ($0.02/$0.05) - 2023/03/01 19:46:15
Table 'NLHBlue37' 6-max Seat #6 is the button
Seat 2: e57db1f5 ($4.99 in chips)
Seat 3: ffa0084c ($5.01 in chips)
Seat 5: 8f88a055 ($4.46 in chips)
Seat 6: Hero ($6.92 in chips)
e57db1f5: posts small blind $0.02
ffa0084c: posts big blind $0.05
*** HOLE CARDS ***
Dealt to e57db1f5 
Dealt to ffa0084c 
Dealt to 8f88a055 
Dealt to Hero [9h 8h]
8f88a055: calls $0.05
Hero: raises $0.15 to $0.2
e57db1f5: folds
ffa0084c: folds
8f88a055: folds
Uncalled bet ($0.15) returned to Hero
*** SHOWDOWN ***
Hero collected $0.17 from pot
*** SUMMARY ***
Total pot $0.17 | Rake $0 | Jackpot $0 | Bingo $0 | Fortune $0
Seat 2: e57db1f5 (small blind) folded before Flop
Seat 3: ffa0084c (big blind) folded before Flop
Seat 5: 8f88a055 folded before Flop
Seat 6: Hero (button) collected ($0.17)


Poker Hand #HD1141715006: Hold'em No Limit  ($0.02/$0.05) - 2023/03/01 19:46:04
Table 'NLHBlue37' 6-max Seat #5 is the button
Seat 2: e57db1f5 ($5.04 in chips)
Seat 3: ffa0084c ($5.01 in chips)
Seat 5: 8f88a055 ($4.46 in chips)
Seat 6: Hero ($6.87 in chips)
Hero: posts small blind $0.02
e57db1f5: posts big blind $0.05
*** HOLE CARDS ***
Dealt to e57db1f5 
Dealt to ffa0084c 
Dealt to 8f88a055 
Dealt to Hero [Jd 9d]
ffa0084c: folds
8f88a055: folds
Hero: raises $0.09 to $0.14
e57db1f5: folds
Uncalled bet ($0.09) returned to Hero
*** SHOWDOWN ***
Hero collected $0.1 from pot
*** SUMMARY ***
Total pot $0.1 | Rake $0 | Jackpot $0 | Bingo $0 | Fortune $0
Seat 2: e57db1f5 (big blind) folded before Flop
Seat 3: ffa0084c folded before Flop (didn't bet)
Seat 5: 8f88a055 (button) folded before Flop (didn't bet)
Seat 6: Hero (small blind) collected ($0.1)


Poker Hand #HD1141714942: Hold'em No Limit  ($0.02/$0.05) - 2023/03/01 19:45:42
Table 'NLHBlue37' 6-max Seat #3 is the button
Seat 2: e57db1f5 ($5.04 in chips)
Seat 3: ffa0084c ($5.11 in chips)
Seat 5: 8f88a055 ($4.32 in chips)
Seat 6: Hero ($6.92 in chips)
8f88a055: posts small blind $0.02
Hero: posts big blind $0.05
*** HOLE CARDS ***
Dealt to e57db1f5 
Dealt to ffa0084c 
Dealt to 8f88a055 
Dealt to Hero [6d Tc]
e57db1f5: folds
ffa0084c: calls $0.05
8f88a055: raises $0.05 to $0.1
Hero: folds
ffa0084c: calls $0.05
*** FLOP *** [6s 3s 2d]
8f88a055: bets $0.09
ffa0084c: folds
Uncalled bet ($0.09) returned to 8f88a055
*** SHOWDOWN ***
8f88a055 collected $0.24 from pot
*** SUMMARY ***
Total pot $0.25 | Rake $0.01 | Jackpot $0 | Bingo $0 | Fortune $0
Board [6s 3s 2d]
Seat 2: e57db1f5 folded before Flop (didn't bet)
Seat 3: ffa0084c (button) folded on the Flop
Seat 5: 8f88a055 (small blind) won ($0.24)
Seat 6: Hero (big blind) folded before Flop


Poker Hand #HD1141714865: Hold'em No Limit  ($0.02/$0.05) - 2023/03/01 19:45:13
Table 'NLHBlue37' 6-max Seat #2 is the button
Seat 2: e57db1f5 ($5.04 in chips)
Seat 3: ffa0084c ($5.02 in chips)
Seat 5: 8f88a055 ($4.42 in chips)
Seat 6: Hero ($6.92 in chips)
ffa0084c: posts small blind $0.02
8f88a055: posts big blind $0.05
*** HOLE CARDS ***
Dealt to e57db1f5 
Dealt to ffa0084c 
Dealt to 8f88a055 
Dealt to Hero [8d 5s]
Hero: folds
e57db1f5: folds
ffa0084c: raises $0.05 to $0.1
8f88a055: calls $0.05
*** FLOP *** [3s Ks 6c]
ffa0084c: bets $0.15
8f88a055: folds
Uncalled bet ($0.15) returned to ffa0084c
*** SHOWDOWN ***
ffa0084c collected $0.19 from pot
*** SUMMARY ***
Total pot $0.2 | Rake $0.01 | Jackpot $0 | Bingo $0 | Fortune $0
Board [3s Ks 6c]
Seat 2: e57db1f5 (button) folded before Flop (didn't bet)
Seat 3: ffa0084c (small blind) won ($0.19)
Seat 5: 8f88a055 (big blind) folded on the Flop
Seat 6: Hero folded before Flop (didn't bet)


Poker Hand #HD1141714799: Hold'em No Limit  ($0.02/$0.05) - 2023/03/01 19:44:50
Table 'NLHBlue37' 6-max Seat #6 is the button
Seat 2: e57db1f5 ($5.06 in chips)
Seat 3: ffa0084c ($5 in chips)
Seat 5: 8f88a055 ($4.42 in chips)
Seat 6: Hero ($6.92 in chips)
e57db1f5: posts small blind $0.02
ffa0084c: posts big blind $0.05
*** HOLE CARDS ***
Dealt to e57db1f5 
Dealt to ffa0084c 
Dealt to 8f88a055 
Dealt to Hero [6d Ah]
8f88a055: folds
Hero: folds
e57db1f5: folds
Uncalled bet ($0.03) returned to ffa0084c
*** SHOWDOWN ***
ffa0084c collected $0.04 from pot
*** SUMMARY ***
Total pot $0.04 | Rake $0 | Jackpot $0 | Bingo $0 | Fortune $0
Seat 2: e57db1f5 (small blind) folded before Flop
Seat 3: ffa0084c (big blind) collected ($0.04)
Seat 5: 8f88a055 folded before Flop (didn't bet)
Seat 6: Hero (button) folded before Flop (didn't bet)


Poker Hand #HD1141714617: Hold'em No Limit  ($0.02/$0.05) - 2023/03/01 19:43:44
Table 'NLHBlue37' 6-max Seat #5 is the button
Seat 2: e57db1f5 ($4.93 in chips)
Seat 5: 8f88a055 ($4.42 in chips)
Seat 6: Hero ($7.06 in chips)
Hero: posts small blind $0.02
e57db1f5: posts big blind $0.05
*** HOLE CARDS ***
Dealt to e57db1f5 
Dealt to 8f88a055 
Dealt to Hero [4d Jd]
8f88a055: folds
Hero: raises $0.09 to $0.14
e57db1f5: calls $0.09
*** FLOP *** [Ac 8s Ad]
Hero: checks
e57db1f5: checks
*** TURN *** [Ac 8s Ad] [7h]
Hero: checks
e57db1f5: checks
*** RIVER *** [Ac 8s Ad 7h] [Th]
Hero: checks
e57db1f5: checks
Hero: shows [4d Jd] (Pair of Aces)
e57db1f5: shows [Js Kd] (Pair of Aces)
*** SHOWDOWN ***
e57db1f5 collected $0.27 from pot
*** SUMMARY ***
Total pot $0.28 | Rake $0.01 | Jackpot $0 | Bingo $0 | Fortune $0
Board [Ac 8s Ad 7h Th]
Seat 2: e57db1f5 (big blind) showed [Js Kd] and won ($0.27) with Pair of Aces
Seat 5: 8f88a055 (button) folded before Flop (didn't bet)
Seat 6: Hero (small blind) showed [4d Jd] and lost with Pair of Aces


Poker Hand #HD1141714574: Hold'em No Limit  ($0.02/$0.05) - 2023/03/01 19:43:30
Table 'NLHBlue37' 6-max Seat #2 is the button
Seat 2: e57db1f5 ($4.93 in chips)
Seat 5: 8f88a055 ($4.44 in chips)
Seat 6: Hero ($7.04 in chips)
8f88a055: posts small blind $0.02
Hero: posts big blind $0.05
*** HOLE CARDS ***
Dealt to e57db1f5 
Dealt to 8f88a055 
Dealt to Hero [Ac Qh]
e57db1f5: folds
8f88a055: folds
Uncalled bet ($0.03) returned to Hero
*** SHOWDOWN ***
Hero collected $0.04 from pot
*** SUMMARY ***
Total pot $0.04 | Rake $0 | Jackpot $0 | Bingo $0 | Fortune $0
Seat 2: e57db1f5 (button) folded before Flop (didn't bet)
Seat 5: 8f88a055 (small blind) folded before Flop
Seat 6: Hero (big blind) collected ($0.04)


Poker Hand #HD1141714527: Hold'em No Limit  ($0.02/$0.05) - 2023/03/01 19:43:14
Table 'NLHBlue37' 6-max Seat #6 is the button
Seat 2: e57db1f5 ($4.95 in chips)
Seat 5: 8f88a055 ($4.42 in chips)
Seat 6: Hero ($7.04 in chips)
e57db1f5: posts small blind $0.02
8f88a055: posts big blind $0.05
*** HOLE CARDS ***
Dealt to e57db1f5 
Dealt to 8f88a055 
Dealt to Hero [2c Qs]
Hero: folds
e57db1f5: folds
Uncalled bet ($0.03) returned to 8f88a055
*** SHOWDOWN ***
8f88a055 collected $0.04 from pot
*** SUMMARY ***
Total pot $0.04 | Rake $0 | Jackpot $0 | Bingo $0 | Fortune $0
Seat 2: e57db1f5 (small blind) folded before Flop
Seat 5: 8f88a055 (big blind) collected ($0.04)
Seat 6: Hero (button) folded before Flop (didn't bet)


Poker Hand #HD1141714498: Hold'em No Limit  ($0.02/$0.05) - 2023/03/01 19:43:02
Table 'NLHBlue37' 6-max Seat #5 is the button
Seat 2: e57db1f5 ($5 in chips)
Seat 5: 8f88a055 ($4.35 in chips)
Seat 6: Hero ($7.06 in chips)
Hero: posts small blind $0.02
e57db1f5: posts big blind $0.05
*** HOLE CARDS ***
Dealt to e57db1f5 
Dealt to 8f88a055 
Dealt to Hero [8c Kd]
8f88a055: raises $0.05 to $0.1
Hero: folds
e57db1f5: folds
Uncalled bet ($0.05) returned to 8f88a055
*** SHOWDOWN ***
8f88a055 collected $0.12 from pot
*** SUMMARY ***
Total pot $0.12 | Rake $0 | Jackpot $0 | Bingo $0 | Fortune $0
Seat 2: e57db1f5 (big blind) folded before Flop
Seat 5: 8f88a055 (button) collected ($0.12)
Seat 6: Hero (small blind) folded before Flop


Poker Hand #HD1141714485: Hold'em No Limit  ($0.02/$0.05) - 2023/03/01 19:42:57
Table 'NLHBlue37' 6-max Seat #6 is the button
Seat 5: 8f88a055 ($4.33 in chips)
Seat 6: Hero ($7.08 in chips)
Hero: posts small blind $0.02
8f88a055: posts big blind $0.05
*** HOLE CARDS ***
Dealt to 8f88a055 
Dealt to Hero [8d Ts]
Hero: folds
Uncalled bet ($0.03) returned to 8f88a055
*** SHOWDOWN ***
8f88a055 collected $0.04 from pot
*** SUMMARY ***
Total pot $0.04 | Rake $0 | Jackpot $0 | Bingo $0 | Fortune $0
Seat 5: 8f88a055 (big blind) collected ($0.04)
Seat 6: Hero (small blind) folded before Flop


Poker Hand #HD1141714363: Hold'em No Limit  ($0.02/$0.05) - 2023/03/01 19:42:18
Table 'NLHBlue37' 6-max Seat #5 is the button
Seat 5: 8f88a055 ($4.95 in chips)
Seat 6: Hero ($6.52 in chips)
8f88a055: posts small blind $0.02
Hero: posts big blind $0.05
*** HOLE CARDS ***
Dealt to 8f88a055 
Dealt to Hero [9d Tc]
8f88a055: raises $0.05 to $0.1
Hero: calls $0.05
*** FLOP *** [8h Js 3s]
Hero: checks
8f88a055: bets $0.2
Hero: raises $0.32 to $0.52
8f88a055: calls $0.32
*** TURN *** [8h Js 3s] [4h]
Hero: bets $0.62
8f88a055: folds
Uncalled bet ($0.62) returned to Hero
*** SHOWDOWN ***
Hero collected $1.18 from pot
*** SUMMARY ***
Total pot $1.24 | Rake $0.06 | Jackpot $0 | Bingo $0 | Fortune $0
Board [8h Js 3s 4h]
Seat 5: 8f88a055 (small blind) folded on the Turn
Seat 6: Hero (big blind) won ($1.18)


Poker Hand #HD1141714337: Hold'em No Limit  ($0.02/$0.05) - 2023/03/01 19:42:07
Table 'NLHBlue37' 6-max Seat #2 is the button
Seat 2: d2a653c2 ($4.55 in chips)
Seat 5: 8f88a055 ($4.9 in chips)
Seat 6: Hero ($6.57 in chips)
8f88a055: posts small blind $0.02
Hero: posts big blind $0.05
*** HOLE CARDS ***
Dealt to d2a653c2 
Dealt to 8f88a055 
Dealt to Hero [6s 7d]
d2a653c2: folds
8f88a055: raises $0.05 to $0.1
Hero: folds
Uncalled bet ($0.05) returned to 8f88a055
*** SHOWDOWN ***
8f88a055 collected $0.1 from pot
*** SUMMARY ***
Total pot $0.1 | Rake $0 | Jackpot $0 | Bingo $0 | Fortune $0
Seat 2: d2a653c2 (button) folded before Flop (didn't bet)
Seat 5: 8f88a055 (small blind) collected ($0.1)
Seat 6: Hero (big blind) folded before Flop


Poker Hand #HD1141714162: Hold'em No Limit  ($0.02/$0.05) - 2023/03/01 19:41:06
Table 'NLHBlue37' 6-max Seat #6 is the button
Seat 2: d2a653c2 ($5.09 in chips)
Seat 5: 8f88a055 ($4.95 in chips)
Seat 6: Hero ($6.03 in chips)
d2a653c2: posts small blind $0.02
8f88a055: posts big blind $0.05
*** HOLE CARDS ***
Dealt to d2a653c2 
Dealt to 8f88a055 
Dealt to Hero [4h 4s]
Hero: raises $0.07 to $0.12
d2a653c2: calls $0.1
8f88a055: folds
*** FLOP *** [4c 8d Kc]
d2a653c2: bets $0.13
Hero: raises $0.29 to $0.42
d2a653c2: calls $0.29
*** TURN *** [4c 8d Kc] [5s]
d2a653c2: checks
Hero: bets $0.9
d2a653c2: folds
Uncalled bet ($0.9) returned to Hero
*** SHOWDOWN ***
Hero collected $1.08 from pot
*** SUMMARY ***
Total pot $1.13 | Rake $0.05 | Jackpot $0 | Bingo $0 | Fortune $0
Board [4c 8d Kc 5s]
Seat 2: d2a653c2 (small blind) folded on the Turn
Seat 5: 8f88a055 (big blind) folded before Flop
Seat 6: Hero (button) won ($1.08)


Poker Hand #HD1141714127: Hold'em No Limit  ($0.02/$0.05) - 2023/03/01 19:40:55
Table 'NLHBlue37' 6-max Seat #5 is the button
Seat 2: d2a653c2 ($5.07 in chips)
Seat 5: 8f88a055 ($4.95 in chips)
Seat 6: Hero ($6.05 in chips)
Hero: posts small blind $0.02
d2a653c2: posts big blind $0.05
*** HOLE CARDS ***
Dealt to d2a653c2 
Dealt to 8f88a055 
Dealt to Hero [2d 5c]
8f88a055: folds
Hero: folds
Uncalled bet ($0.03) returned to d2a653c2
*** SHOWDOWN ***
d2a653c2 collected $0.04 from pot
*** SUMMARY ***
Total pot $0.04 | Rake $0 | Jackpot $0 | Bingo $0 | Fortune $0
Seat 2: d2a653c2 (big blind) collected ($0.04)
Seat 5: 8f88a055 (button) folded before Flop (didn't bet)
Seat 6: Hero (small blind) folded before Flop


Poker Hand #HD1141714075: Hold'em No Limit  ($0.02/$0.05) - 2023/03/01 19:40:37
Table 'NLHBlue37' 6-max Seat #2 is the button
Seat 1: 77b743d1 ($6.23 in chips)
Seat 2: d2a653c2 ($5.07 in chips)
Seat 3: a6ff7d84 ($2.34 in chips)
Seat 5: 8f88a055 ($5 in chips)
Seat 6: Hero ($5.98 in chips)
a6ff7d84: posts small blind $0.02
8f88a055: posts big blind $0.05
*** HOLE CARDS ***
Dealt to 77b743d1 
Dealt to d2a653c2 
Dealt to a6ff7d84 
Dealt to 8f88a055 
Dealt to Hero [Kh Qh]
Hero: raises $0.07 to $0.12
77b743d1: folds
d2a653c2: folds
a6ff7d84: folds
8f88a055: folds
Uncalled bet ($0.07) returned to Hero
*** SHOWDOWN ***
Hero collected $0.12 from pot
*** SUMMARY ***
Total pot $0.12 | Rake $0 | Jackpot $0 | Bingo $0 | Fortune $0
Seat 1: 77b743d1 folded before Flop (didn't bet)
Seat 2: d2a653c2 (button) folded before Flop (didn't bet)
Seat 3: a6ff7d84 (small blind) folded before Flop
Seat 5: 8f88a055 (big blind) folded before Flop
Seat 6: Hero collected ($0.12)


Poker Hand #HD1141714014: Hold'em No Limit  ($0.02/$0.05) - 2023/03/01 19:40:13
Table 'NLHBlue37' 6-max Seat #1 is the button
Seat 1: 77b743d1 ($6.23 in chips)
Seat 2: d2a653c2 ($5.09 in chips)
Seat 3: a6ff7d84 ($2.32 in chips)
Seat 4: 1a42ab59 ($5 in chips)
Seat 5: 8f88a055 ($5 in chips)
Seat 6: Hero ($5.98 in chips)
d2a653c2: posts small blind $0.02
a6ff7d84: posts big blind $0.05
*** HOLE CARDS ***
Dealt to 77b743d1 
Dealt to d2a653c2 
Dealt to a6ff7d84 
Dealt to 1a42ab59 
Dealt to 8f88a055 
Dealt to Hero [9d Qs]
1a42ab59: folds
8f88a055: folds
Hero: folds
77b743d1: folds
d2a653c2: folds
Uncalled bet ($0.03) returned to a6ff7d84
*** SHOWDOWN ***
a6ff7d84 collected $0.04 from pot
*** SUMMARY ***
Total pot $0.04 | Rake $0 | Jackpot $0 | Bingo $0 | Fortune $0
Seat 1: 77b743d1 (button) folded before Flop (didn't bet)
Seat 2: d2a653c2 (small blind) folded before Flop
Seat 3: a6ff7d84 (big blind) collected ($0.04)
Seat 4: 1a42ab59 folded before Flop (didn't bet)
Seat 5: 8f88a055 folded before Flop (didn't bet)
Seat 6: Hero folded before Flop (didn't bet)


Poker Hand #HD1141713971: Hold'em No Limit  ($0.02/$0.05) - 2023/03/01 19:39:56
Table 'NLHBlue37' 6-max Seat #6 is the button
Seat 1: 77b743d1 ($6.25 in chips)
Seat 2: d2a653c2 ($5.14 in chips)
Seat 3: a6ff7d84 ($2.25 in chips)
Seat 4: 1a42ab59 ($5 in chips)
Seat 5: 8f88a055 ($5 in chips)
Seat 6: Hero ($5.98 in chips)
77b743d1: posts small blind $0.02
d2a653c2: posts big blind $0.05
*** HOLE CARDS ***
Dealt to 77b743d1 
Dealt to d2a653c2 
Dealt to a6ff7d84 
Dealt to 1a42ab59 
Dealt to 8f88a055 
Dealt to Hero [7h Js]
a6ff7d84: raises $0.05 to $0.1
1a42ab59: folds
8f88a055: folds
Hero: folds
77b743d1: folds
d2a653c2: folds
Uncalled bet ($0.05) returned to a6ff7d84
*** SHOWDOWN ***
a6ff7d84 collected $0.12 from pot
*** SUMMARY ***
Total pot $0.12 | Rake $0 | Jackpot $0 | Bingo $0 | Fortune $0
Seat 1: 77b743d1 (small blind) folded before Flop
Seat 2: d2a653c2 (big blind) folded before Flop
Seat 3: a6ff7d84 collected ($0.12)
Seat 4: 1a42ab59 folded before Flop (didn't bet)
Seat 5: 8f88a055 folded before Flop (didn't bet)
Seat 6: Hero (button) folded before Flop (didn't bet)


Poker Hand #HD1141713772: Hold'em No Limit  ($0.02/$0.05) - 2023/03/01 19:38:51
Table 'NLHBlue37' 6-max Seat #5 is the button
Seat 1: 77b743d1 ($6.3 in chips)
Seat 3: a6ff7d84 ($2.25 in chips)
Seat 4: 1a42ab59 ($5.54 in chips)
Seat 5: 8f88a055 ($5 in chips)
Seat 6: Hero ($5 in chips)
Hero: posts small blind $0.02
77b743d1: posts big blind $0.05
*** HOLE CARDS ***
Dealt to 77b743d1 
Dealt to a6ff7d84 
Dealt to 1a42ab59 
Dealt to 8f88a055 
Dealt to Hero [9s As]
a6ff7d84: folds
1a42ab59: raises $0.1 to $0.15
8f88a055: folds
Hero: raises $0.41 to $0.56
77b743d1: folds
1a42ab59: calls $0.41
*** FLOP *** [Qh Jh 4c]
Hero: bets $0.52
1a42ab59: calls $0.52
*** TURN *** [Qh Jh 4c] [9h]
Hero: checks
1a42ab59: checks
*** RIVER *** [Qh Jh 4c 9h] [9d]
Hero: bets $1.11
1a42ab59: folds
Uncalled bet ($1.11) returned to Hero
*** SHOWDOWN ***
Hero collected $2.06 from pot
*** SUMMARY ***
Total pot $2.21 | Rake $0.1 | Jackpot $0.05 | Bingo $0 | Fortune $0
Board [Qh Jh 4c 9h 9d]
Seat 1: 77b743d1 (big blind) folded before Flop
Seat 3: a6ff7d84 folded before Flop (didn't bet)
Seat 4: 1a42ab59 folded on the River
Seat 5: 8f88a055 (button) folded before Flop (didn't bet)
Seat 6: Hero (small blind) won ($2.06)


Poker Hand #HD1141713622: Hold'em No Limit  ($0.02/$0.05) - 2023/03/01 19:38:00
Table 'NLHBlue37' 6-max Seat #4 is the button
Seat 1: 77b743d1 ($6.3 in chips)
Seat 2: 36023c83 ($7.89 in chips)
Seat 3: a6ff7d84 ($2.25 in chips)
Seat 4: 1a42ab59 ($5.54 in chips)
Seat 5: 8f88a055 ($4.95 in chips)
Seat 6: Hero ($5 in chips)
8f88a055: posts small blind $0.02
Hero: posts big blind $0.05
*** HOLE CARDS ***
Dealt to 77b743d1 
Dealt to 36023c83 
Dealt to a6ff7d84 
Dealt to 1a42ab59 
Dealt to 8f88a055 
Dealt to Hero [5d 9d]
77b743d1: folds
36023c83: folds
a6ff7d84: folds
1a42ab59: folds
8f88a055: calls $0.03
Hero: checks
*** FLOP *** [Tc 2s Td]
8f88a055: checks
Hero: checks
*** TURN *** [Tc 2s Td] [7s]
8f88a055: checks
Hero: checks
*** RIVER *** [Tc 2s Td 7s] [3h]
8f88a055: checks
Hero: checks
8f88a055: shows [4c As] (Pair of Tens)
Hero: shows [5d 9d] (Pair of Tens)
*** SHOWDOWN ***
8f88a055 collected $0.1 from pot
*** SUMMARY ***
Total pot $0.1 | Rake $0 | Jackpot $0 | Bingo $0 | Fortune $0
Board [Tc 2s Td 7s 3h]
Seat 1: 77b743d1 folded before Flop (didn't bet)
Seat 2: 36023c83 folded before Flop (didn't bet)
Seat 3: a6ff7d84 folded before Flop (didn't bet)
Seat 4: 1a42ab59 (button) folded before Flop (didn't bet)
Seat 5: 8f88a055 (small blind) showed [4c As] and won ($0.1) with Pair of Tens
Seat 6: Hero (big blind) showed [5d 9d] and lost with Pair of Tens


Poker Hand #HD1141713448: Hold'em No Limit  ($0.02/$0.05) - 2023/03/01 19:37:02
Table 'NLHBlue37' 6-max Seat #3 is the button
Seat 1: 77b743d1 ($5.3 in chips)
Seat 2: 36023c83 ($7.89 in chips)
Seat 3: a6ff7d84 ($3.33 in chips)
Seat 4: 1a42ab59 ($5.56 in chips)
Seat 5: 8f88a055 ($5 in chips)
Seat 6: Hero ($5 in chips)
1a42ab59: posts small blind $0.02
8f88a055: posts big blind $0.05
*** HOLE CARDS ***
Dealt to 77b743d1 
Dealt to 36023c83 
Dealt to a6ff7d84 
Dealt to 1a42ab59 
Dealt to 8f88a055 
Dealt to Hero [3s 5h]
Hero: folds
77b743d1: raises $0.09 to $0.14
36023c83: folds
a6ff7d84: calls $0.14
1a42ab59: folds
8f88a055: folds
*** FLOP *** [Ts 9h 2c]
77b743d1: bets $0.27
a6ff7d84: calls $0.27
*** TURN *** [Ts 9h 2c] [4h]
77b743d1: bets $0.67
a6ff7d84: calls $0.67
*** RIVER *** [Ts 9h 2c 4h] [8d]
77b743d1: bets $2.23
a6ff7d84: folds
Uncalled bet ($2.23) returned to 77b743d1
a6ff7d84: shows [9c] (Pair of Nines)
*** SHOWDOWN ***
77b743d1 collected $2.08 from pot
*** SUMMARY ***
Total pot $2.23 | Rake $0.1 | Jackpot $0.05 | Bingo $0 | Fortune $0
Board [Ts 9h 2c 4h 8d]
Seat 1: 77b743d1 won ($2.08)
Seat 2: 36023c83 folded before Flop (didn't bet)
Seat 3: a6ff7d84 (button) folded on the River
Seat 4: 1a42ab59 (small blind) folded before Flop
Seat 5: 8f88a055 (big blind) folded before Flop
Seat 6: Hero folded before Flop (didn't bet)


Poker Hand #HD1141713356: Hold'em No Limit  ($0.02/$0.05) - 2023/03/01 19:36:32
Table 'NLHBlue37' 6-max Seat #2 is the button
Seat 1: 77b743d1 ($5.3 in chips)
Seat 2: 36023c83 ($7.82 in chips)
Seat 3: a6ff7d84 ($3.35 in chips)
Seat 4: 1a42ab59 ($5.61 in chips)
Seat 6: Hero ($5 in chips)
a6ff7d84: posts small blind $0.02
1a42ab59: posts big blind $0.05
*** HOLE CARDS ***
Dealt to 77b743d1 
Dealt to 36023c83 
Dealt to a6ff7d84 
Dealt to 1a42ab59 
Dealt to Hero [2d 6d]
Hero: folds
77b743d1: folds
36023c83: raises $0.07 to $0.12
a6ff7d84: folds
1a42ab59: folds
Uncalled bet ($0.07) returned to 36023c83
*** SHOWDOWN ***
36023c83 collected $0.12 from pot
*** SUMMARY ***
Total pot $0.12 | Rake $0 | Jackpot $0 | Bingo $0 | Fortune $0
Seat 1: 77b743d1 folded before Flop (didn't bet)
Seat 2: 36023c83 (button) collected ($0.12)
Seat 3: a6ff7d84 (small blind) folded before Flop
Seat 4: 1a42ab59 (big blind) folded before Flop
Seat 6: Hero folded before Flop (didn't bet)


Poker Hand #HD1141713168: Hold'em No Limit  ($0.02/$0.05) - 2023/03/01 19:35:36
Table 'NLHBlue37' 6-max Seat #1 is the button
Seat 1: 77b743d1 ($5 in chips)
Seat 2: 36023c83 ($7.84 in chips)
Seat 3: a6ff7d84 ($3.5 in chips)
Seat 4: 1a42ab59 ($5.76 in chips)
Seat 5: ec857d8 ($8.05 in chips)
Seat 6: Hero ($5 in chips)
36023c83: posts small blind $0.02
a6ff7d84: posts big blind $0.05
*** HOLE CARDS ***
Dealt to 77b743d1 
Dealt to 36023c83 
Dealt to a6ff7d84 
Dealt to 1a42ab59 
Dealt to ec857d8 
Dealt to Hero [Ac 3h]
1a42ab59: raises $0.1 to $0.15
ec857d8: folds
Hero: folds
77b743d1: calls $0.15
36023c83: folds
a6ff7d84: calls $0.1
*** FLOP *** [8s 5h 2h]
a6ff7d84: checks
1a42ab59: checks
77b743d1: bets $0.24
a6ff7d84: folds
1a42ab59: folds
Uncalled bet ($0.24) returned to 77b743d1
*** SHOWDOWN ***
77b743d1 collected $0.45 from pot
*** SUMMARY ***
Total pot $0.47 | Rake $0.02 | Jackpot $0 | Bingo $0 | Fortune $0
Board [8s 5h 2h]
Seat 1: 77b743d1 (button) won ($0.45)
Seat 2: 36023c83 (small blind) folded before Flop
Seat 3: a6ff7d84 (big blind) folded on the Flop
Seat 4: 1a42ab59 folded on the Flop
Seat 5: ec857d8 folded before Flop (didn't bet)
Seat 6: Hero folded before Flop (didn't bet)


Poker Hand #HD1141713059: Hold'em No Limit  ($0.02/$0.05) - 2023/03/01 19:34:59
Table 'NLHBlue37' 6-max Seat #6 is the button
Seat 1: 77b743d1 ($5 in chips)
Seat 2: 36023c83 ($7.89 in chips)
Seat 3: a6ff7d84 ($3.28 in chips)
Seat 4: 1a42ab59 ($5.76 in chips)
Seat 5: ec857d8 ($8.05 in chips)
Seat 6: Hero ($5 in chips)
77b743d1: posts small blind $0.02
36023c83: posts big blind $0.05
*** HOLE CARDS ***
Dealt to 77b743d1 
Dealt to 36023c83 
Dealt to a6ff7d84 
Dealt to 1a42ab59 
Dealt to ec857d8 
Dealt to Hero [2s 7h]
a6ff7d84: raises $0.05 to $0.1
1a42ab59: folds
ec857d8: folds
Hero: folds
77b743d1: calls $0.08
36023c83: folds
*** FLOP *** [Qc 9d 8s]
77b743d1: bets $0.09
a6ff7d84: raises $0.22 to $0.31
77b743d1: folds
Uncalled bet ($0.22) returned to a6ff7d84
*** SHOWDOWN ***
a6ff7d84 collected $0.41 from pot
*** SUMMARY ***
Total pot $0.43 | Rake $0.02 | Jackpot $0 | Bingo $0 | Fortune $0
Board [Qc 9d 8s]
Seat 1: 77b743d1 (small blind) folded on the Flop
Seat 2: 36023c83 (big blind) folded before Flop
Seat 3: a6ff7d84 won ($0.41)
Seat 4: 1a42ab59 folded before Flop (didn't bet)
Seat 5: ec857d8 folded before Flop (didn't bet)
Seat 6: Hero (button) folded before Flop (didn't bet)


Poker Hand #HD1141712953: Hold'em No Limit  ($0.02/$0.05) - 2023/03/01 19:34:24
Table 'NLHBlue37' 6-max Seat #5 is the button
Seat 1: 77b743d1 ($5 in chips)
Seat 2: 36023c83 ($7.89 in chips)
Seat 3: a6ff7d84 ($3.17 in chips)
Seat 4: 1a42ab59 ($5.76 in chips)
Seat 5: ec857d8 ($8.05 in chips)
Seat 6: Hero ($5 in chips)
Hero: posts small blind $0.02
77b743d1: posts big blind $0.05
*** HOLE CARDS ***
Dealt to 77b743d1 
Dealt to 36023c83 
Dealt to a6ff7d84 
Dealt to 1a42ab59 
Dealt to ec857d8 
Dealt to Hero [3c 2h]
36023c83: folds
a6ff7d84: raises $0.05 to $0.1
1a42ab59: folds
ec857d8: folds
Hero: folds
77b743d1: calls $0.05
*** FLOP *** [Jd Qh 5s]
77b743d1: checks
a6ff7d84: bets $0.17
77b743d1: folds
Uncalled bet ($0.17) returned to a6ff7d84
*** SHOWDOWN ***
a6ff7d84 collected $0.21 from pot
*** SUMMARY ***
Total pot $0.22 | Rake $0.01 | Jackpot $0 | Bingo $0 | Fortune $0
Board [Jd Qh 5s]
Seat 1: 77b743d1 (big blind) folded on the Flop
Seat 2: 36023c83 folded before Flop (didn't bet)
Seat 3: a6ff7d84 won ($0.21)
Seat 4: 1a42ab59 folded before Flop (didn't bet)
Seat 5: ec857d8 (button) folded before Flop (didn't bet)
Seat 6: Hero (small blind) folded before Flop


Poker Hand #HD1141712878: Hold'em No Limit  ($0.02/$0.05) - 2023/03/01 19:33:57
Table 'NLHBlue37' 6-max Seat #4 is the button
Seat 1: 77b743d1 ($5 in chips)
Seat 2: 36023c83 ($7.89 in chips)
Seat 3: a6ff7d84 ($3.17 in chips)
Seat 4: 1a42ab59 ($5.89 in chips)
Seat 5: ec857d8 ($7.88 in chips)
Seat 6: Hero ($5 in chips)
ec857d8: posts small blind $0.02
Hero: posts big blind $0.05
*** HOLE CARDS ***
Dealt to 77b743d1 
Dealt to 36023c83 
Dealt to a6ff7d84 
Dealt to 1a42ab59 
Dealt to ec857d8 
Dealt to Hero [3h Ad]
77b743d1: folds
36023c83: folds
a6ff7d84: folds
1a42ab59: raises $0.08 to $0.13
ec857d8: raises $0.41 to $0.54
Hero: folds
1a42ab59: folds
Uncalled bet ($0.41) returned to ec857d8
*** SHOWDOWN ***
ec857d8 collected $0.3 from pot
*** SUMMARY ***
Total pot $0.31 | Rake $0.01 | Jackpot $0 | Bingo $0 | Fortune $0
Seat 1: 77b743d1 folded before Flop (didn't bet)
Seat 2: 36023c83 folded before Flop (didn't bet)
Seat 3: a6ff7d84 folded before Flop (didn't bet)
Seat 4: 1a42ab59 (button) folded before Flop
Seat 5: ec857d8 (small blind) collected ($0.3)
Seat 6: Hero (big blind) folded before Flop


